PokerStars Hand #146220748017:  Hold'em Limit ($3/$6 USD) - 2015/12/31 6:50:36 ET
Table 'Transvaalia' 2-max Seat #1 is the button
Seat 1: yur4ok ($80.64 in chips)
Seat 2: minigus575 ($111 in chips)
yur4ok: posts small blind $1
minigus575: posts big blind $3
*** HOLE CARDS ***
yur4ok: raises $3 to $6
minigus575: calls $3
*** FLOP *** [2d 4d 6c]
minigus575: checks
yur4ok: bets $3
minigus575: calls $3
*** TURN *** [2d 4d 6c] [8h]
minigus575: checks
yur4ok: bets $6
minigus575: folds
Uncalled bet ($6) returned to yur4ok
yur4ok collected $17.64 from pot
yur4ok: doesn't show hand
*** SUMMARY ***
Total pot $18 | Rake $0.36
Board [2d 4d 6c 8h]
Seat 1: yur4ok (button) (small blind) collected ($17.64)
Seat 2: minigus575 (big blind) folded on the Turn


PokerStars Hand #146220780127:  Hold'em Limit ($3/$6 USD) - 2015/12/31 6:51:30 ET
Table 'Transvaalia' 2-max Seat #1 is the button
Seat 1: yur4ok ($79.92 in chips)
Seat 2: minigus575 ($110.28 in chips)
yur4ok: posts small blind $1
minigus575: posts big blind $3
*** HOLE CARDS ***
yur4ok: raises $3 to $6
minigus575: calls $3
*** FLOP *** [6s 9s 8s]
minigus575: checks
yur4ok: bets $3
minigus575: raises $3 to $6
yur4ok: calls $3
*** TURN *** [6s 9s 8s] [8h]
minigus575: bets $6
yur4ok: calls $6
*** RIVER *** [6s 9s 8s 8h] [3s]
minigus575: bets $6
yur4ok: calls $6
*** SHOW DOWN ***
minigus575: shows [2c 5s] (a flush, Nine high)
yur4ok: mucks hand
minigus575 collected $47.50 from pot
*** SUMMARY ***
Total pot $48 | Rake $0.50
Board [6s 9s 8s 8h 3s]
Seat 1: yur4ok (button) (small blind) mucked
Seat 2: minigus575 (big blind) showed [2c 5s] and won ($47.50) with a flush, Nine high


PokerStars Hand #146220775243:  Hold'em Limit ($3/$6 USD) - 2015/12/31 6:51:21 ET
Table 'Transvaalia' 2-max Seat #2 is the button
Seat 1: yur4ok ($85.92 in chips)
Seat 2: minigus575 ($104.52 in chips)
minigus575: posts small blind $1
yur4ok: posts big blind $3
*** HOLE CARDS ***
minigus575: raises $3 to $6
yur4ok: calls $3
*** FLOP *** [Kc Js 7s]
yur4ok: checks
minigus575: bets $3
yur4ok: folds
Uncalled bet ($3) returned to minigus575
minigus575 collected $11.76 from pot
minigus575: doesn't show hand
*** SUMMARY ***
Total pot $12 | Rake $0.24
Board [Kc Js 7s]
Seat 1: yur4ok (big blind) folded on the Flop
Seat 2: minigus575 (button) (small blind) collected ($11.76)


PokerStars Hand #146220765270:  Hold'em Limit ($3/$6 USD) - 2015/12/31 6:51:05 ET
Table 'Transvaalia' 2-max Seat #1 is the button
Seat 1: yur4ok ($97.92 in chips)
Seat 2: minigus575 ($93 in chips)
yur4ok: posts small blind $1
minigus575: posts big blind $3
*** HOLE CARDS ***
yur4ok: raises $3 to $6
minigus575: calls $3
*** FLOP *** [8c 9h Qd]
minigus575: checks
yur4ok: checks
*** TURN *** [8c 9h Qd] [Ac]
minigus575: checks
yur4ok: bets $6
minigus575: calls $6
*** RIVER *** [8c 9h Qd Ac] [Js]
minigus575: bets $6
yur4ok: folds
Uncalled bet ($6) returned to minigus575
minigus575 collected $23.52 from pot
minigus575: doesn't show hand
*** SUMMARY ***
Total pot $24 | Rake $0.48
Board [8c 9h Qd Ac Js]
Seat 1: yur4ok (button) (small blind) folded on the River
Seat 2: minigus575 (big blind) collected ($23.52)


PokerStars Hand #146220756562:  Hold'em Limit ($3/$6 USD) - 2015/12/31 6:50:50 ET
Table 'Transvaalia' 2-max Seat #2 is the button
Seat 1: yur4ok ($89.28 in chips)
Seat 2: minigus575 ($102 in chips)
minigus575: posts small blind $1
yur4ok: posts big blind $3
*** HOLE CARDS ***
minigus575: raises $3 to $6
yur4ok: calls $3
*** FLOP *** [Tc 3s Jc]
yur4ok: checks
minigus575: bets $3
yur4ok: calls $3
*** TURN *** [Tc 3s Jc] [4h]
yur4ok: checks
minigus575: checks
*** RIVER *** [Tc 3s Jc 4h] [Ac]
yur4ok: checks
minigus575: checks
*** SHOW DOWN ***
yur4ok: shows [3h 9h] (a pair of Threes)
minigus575: mucks hand
yur4ok collected $17.64 from pot
*** SUMMARY ***
Total pot $18 | Rake $0.36
Board [Tc 3s Jc 4h Ac]
Seat 1: yur4ok (big blind) showed [3h 9h] and won ($17.64) with a pair of Threes
Seat 2: minigus575 (button) (small blind) mucked


PokerStars Hand #146220818286:  Hold'em Limit ($3/$6 USD) - 2015/12/31 6:52:33 ET
Table 'Transvaalia' 2-max Seat #2 is the button
Seat 1: yur4ok ($92.50 in chips)
Seat 2: minigus575 ($136.28 in chips)
minigus575: posts small blind $1
yur4ok: posts big blind $3
*** HOLE CARDS ***
minigus575: raises $3 to $6
yur4ok: calls $3
*** FLOP *** [9d 6h Jc]
yur4ok: checks
minigus575: bets $3
yur4ok: calls $3
*** TURN *** [9d 6h Jc] [4c]
yur4ok: checks
minigus575: bets $6
yur4ok: calls $6
*** RIVER *** [9d 6h Jc 4c] [Kh]
yur4ok: checks
minigus575: bets $6
yur4ok: raises $6 to $12
minigus575: calls $6
*** SHOW DOWN ***
yur4ok: shows [Qs Td] (a straight, Nine to King)
minigus575: mucks hand
yur4ok collected $53.50 from pot
*** SUMMARY ***
Total pot $54 | Rake $0.50
Board [9d 6h Jc 4c Kh]
Seat 1: yur4ok (big blind) showed [Qs Td] and won ($53.50) with a straight, Nine to King
Seat 2: minigus575 (button) (small blind) mucked


PokerStars Hand #146220806422:  Hold'em Limit ($3/$6 USD) - 2015/12/31 6:52:14 ET
Table 'Transvaalia' 2-max Seat #1 is the button
Seat 1: yur4ok ($72 in chips)
Seat 2: minigus575 ($157.28 in chips)
yur4ok: posts small blind $1
minigus575: posts big blind $3
*** HOLE CARDS ***
yur4ok: raises $3 to $6
minigus575: calls $3
*** FLOP *** [Kc 9s 6h]
minigus575: checks
yur4ok: bets $3
minigus575: calls $3
*** TURN *** [Kc 9s 6h] [2h]
minigus575: checks
yur4ok: bets $6
minigus575: calls $6
*** RIVER *** [Kc 9s 6h 2h] [4h]
minigus575: checks
yur4ok: bets $6
minigus575: calls $6
*** SHOW DOWN ***
yur4ok: shows [9h 5d] (a pair of Nines)
minigus575: mucks hand
yur4ok collected $41.50 from pot
*** SUMMARY ***
Total pot $42 | Rake $0.50
Board [Kc 9s 6h 2h 4h]
Seat 1: yur4ok (button) (small blind) showed [9h 5d] and won ($41.50) with a pair of Nines
Seat 2: minigus575 (big blind) mucked


PokerStars Hand #146220790928:  Hold'em Limit ($3/$6 USD) - 2015/12/31 6:51:48 ET
Table 'Transvaalia' 2-max Seat #2 is the button
Seat 1: yur4ok ($72 in chips)
Seat 2: minigus575 ($133.78 in chips)
minigus575: posts small blind $1
yur4ok: posts big blind $3
*** HOLE CARDS ***
minigus575: raises $3 to $6
yur4ok: raises $3 to $9
minigus575: calls $3
*** FLOP *** [9d Qc 6h]
yur4ok: bets $3
minigus575: calls $3
*** TURN *** [9d Qc 6h] [6d]
yur4ok: checks
minigus575: bets $6
yur4ok: calls $6
*** RIVER *** [9d Qc 6h 6d] [9s]
yur4ok: checks
minigus575: bets $6
yur4ok: calls $6
*** SHOW DOWN ***
minigus575: shows [9h Ks] (a full house, Nines full of Sixes)
yur4ok: mucks hand
minigus575 collected $47.50 from pot
*** SUMMARY ***
Total pot $48 | Rake $0.50
Board [9d Qc 6h 6d 9s]
Seat 1: yur4ok (big blind) mucked
Seat 2: minigus575 (button) (small blind) showed [9h Ks] and won ($47.50) with a full house, Nines full of Sixes


PokerStars Hand #146220863281:  Hold'em Limit ($3/$6 USD) - 2015/12/31 6:53:49 ET
Table 'Transvaalia' 2-max Seat #1 is the button
Seat 1: yur4ok ($103.40 in chips)
Seat 2: minigus575 ($123.42 in chips)
yur4ok: posts small blind $1
minigus575: posts big blind $3
*** HOLE CARDS ***
yur4ok: folds
Uncalled bet ($2) returned to minigus575
minigus575 collected $2 from pot
minigus575: doesn't show hand
*** SUMMARY ***
Total pot $2 | Rake $0
Seat 1: yur4ok (button) (small blind) folded before Flop
Seat 2: minigus575 (big blind) collected ($2)


PokerStars Hand #146220854422:  Hold'em Limit ($3/$6 USD) - 2015/12/31 6:53:34 ET
Table 'Transvaalia' 2-max Seat #2 is the button
Seat 1: yur4ok ($112.40 in chips)
Seat 2: minigus575 ($114.78 in chips)
minigus575: posts small blind $1
yur4ok: posts big blind $3
*** HOLE CARDS ***
minigus575: raises $3 to $6
yur4ok: calls $3
*** FLOP *** [7s 2c Kh]
yur4ok: checks
minigus575: bets $3
yur4ok: calls $3
*** TURN *** [7s 2c Kh] [As]
yur4ok: checks
minigus575: bets $6
yur4ok: folds
Uncalled bet ($6) returned to minigus575
minigus575 collected $17.64 from pot
minigus575: doesn't show hand
*** SUMMARY ***
Total pot $18 | Rake $0.36
Board [7s 2c Kh As]
Seat 1: yur4ok (big blind) folded on the Turn
Seat 2: minigus575 (button) (small blind) collected ($17.64)


PokerStars Hand #146220848298:  Hold'em Limit ($3/$6 USD) - 2015/12/31 6:53:24 ET
Table 'Transvaalia' 2-max Seat #1 is the button
Seat 1: yur4ok ($106.64 in chips)
Seat 2: minigus575 ($120.78 in chips)
yur4ok: posts small blind $1
minigus575: posts big blind $3
*** HOLE CARDS ***
yur4ok: raises $3 to $6
minigus575: calls $3
*** FLOP *** [8d Td 7s]
minigus575: checks
yur4ok: bets $3
minigus575: folds
Uncalled bet ($3) returned to yur4ok
yur4ok collected $11.76 from pot
yur4ok: doesn't show hand
*** SUMMARY ***
Total pot $12 | Rake $0.24
Board [8d Td 7s]
Seat 1: yur4ok (button) (small blind) collected ($11.76)
Seat 2: minigus575 (big blind) folded on the Flop


PokerStars Hand #146220838362:  Hold'em Limit ($3/$6 USD) - 2015/12/31 6:53:07 ET
Table 'Transvaalia' 2-max Seat #2 is the button
Seat 1: yur4ok ($127.64 in chips)
Seat 2: minigus575 ($100.28 in chips)
minigus575: posts small blind $1
yur4ok: posts big blind $3
*** HOLE CARDS ***
minigus575: raises $3 to $6
yur4ok: calls $3
*** FLOP *** [3h 2s 2c]
yur4ok: checks
minigus575: bets $3
yur4ok: calls $3
*** TURN *** [3h 2s 2c] [2d]
yur4ok: checks
minigus575: bets $6
yur4ok: calls $6
*** RIVER *** [3h 2s 2c 2d] [Jc]
yur4ok: checks
minigus575: bets $6
yur4ok: calls $6
*** SHOW DOWN ***
minigus575: shows [Kh Kc] (a full house, Deuces full of Kings)
yur4ok: mucks hand
minigus575 collected $41.50 from pot
*** SUMMARY ***
Total pot $42 | Rake $0.50
Board [3h 2s 2c 2d Jc]
Seat 1: yur4ok (big blind) mucked
Seat 2: minigus575 (button) (small blind) showed [Kh Kc] and won ($41.50) with a full house, Deuces full of Kings


PokerStars Hand #146220829602:  Hold'em Limit ($3/$6 USD) - 2015/12/31 6:52:52 ET
Table 'Transvaalia' 2-max Seat #1 is the button
Seat 1: yur4ok ($119 in chips)
Seat 2: minigus575 ($109.28 in chips)
yur4ok: posts small blind $1
minigus575: posts big blind $3
*** HOLE CARDS ***
yur4ok: raises $3 to $6
minigus575: calls $3
*** FLOP *** [9s 4s 5h]
minigus575: checks
yur4ok: bets $3
minigus575: calls $3
*** TURN *** [9s 4s 5h] [5c]
minigus575: checks
yur4ok: bets $6
minigus575: folds
Uncalled bet ($6) returned to yur4ok
yur4ok collected $17.64 from pot
yur4ok: doesn't show hand
*** SUMMARY ***
Total pot $18 | Rake $0.36
Board [9s 4s 5h 5c]
Seat 1: yur4ok (button) (small blind) collected ($17.64)
Seat 2: minigus575 (big blind) folded on the Turn


PokerStars Hand #146220901931:  Hold'em Limit ($3/$6 USD) - 2015/12/31 6:54:54 ET
Table 'Transvaalia' 2-max Seat #2 is the button
Seat 1: yur4ok ($100.56 in chips)
Seat 2: minigus575 ($124.92 in chips)
minigus575: posts small blind $1
yur4ok: posts big blind $3
*** HOLE CARDS ***
minigus575: raises $3 to $6
yur4ok: folds
Uncalled bet ($3) returned to minigus575
minigus575 collected $6 from pot
minigus575: doesn't show hand
*** SUMMARY ***
Total pot $6 | Rake $0
Seat 1: yur4ok (big blind) folded before Flop
Seat 2: minigus575 (button) (small blind) collected ($6)


PokerStars Hand #146220899430:  Hold'em Limit ($3/$6 USD) - 2015/12/31 6:54:49 ET
Table 'Transvaalia' 2-max Seat #1 is the button
Seat 1: yur4ok ($101.56 in chips)
Seat 2: minigus575 ($123.92 in chips)
yur4ok: posts small blind $1
minigus575: posts big blind $3
*** HOLE CARDS ***
yur4ok: folds
Uncalled bet ($2) returned to minigus575
minigus575 collected $2 from pot
minigus575: doesn't show hand
*** SUMMARY ***
Total pot $2 | Rake $0
Seat 1: yur4ok (button) (small blind) folded before Flop
Seat 2: minigus575 (big blind) collected ($2)


PokerStars Hand #146220889699:  Hold'em Limit ($3/$6 USD) - 2015/12/31 6:54:33 ET
Table 'Transvaalia' 2-max Seat #2 is the button
Seat 1: yur4ok ($92.92 in chips)
Seat 2: minigus575 ($132.92 in chips)
minigus575: posts small blind $1
yur4ok: posts big blind $3
*** HOLE CARDS ***
minigus575: raises $3 to $6
yur4ok: calls $3
*** FLOP *** [6s Kd 6c]
yur4ok: checks
minigus575: bets $3
yur4ok: calls $3
*** TURN *** [6s Kd 6c] [8h]
yur4ok: checks
minigus575: checks
*** RIVER *** [6s Kd 6c 8h] [Qh]
yur4ok: checks
minigus575: checks
*** SHOW DOWN ***
yur4ok: shows [Ad 2h] (a pair of Sixes)
minigus575: mucks hand
yur4ok collected $17.64 from pot
*** SUMMARY ***
Total pot $18 | Rake $0.36
Board [6s Kd 6c 8h Qh]
Seat 1: yur4ok (big blind) showed [Ad 2h] and won ($17.64) with a pair of Sixes
Seat 2: minigus575 (button) (small blind) mucked


PokerStars Hand #146220884504:  Hold'em Limit ($3/$6 USD) - 2015/12/31 6:54:25 ET
Table 'Transvaalia' 2-max Seat #2 is the button
Seat 1: yur4ok ($92.92 in chips)
Seat 2: minigus575 ($132.92 in chips)
minigus575: posts small blind $1
yur4ok: posts big blind $3
*** HOLE CARDS ***
minigus575: folds
Uncalled bet ($2) returned to yur4ok
yur4ok collected $2 from pot
yur4ok: doesn't show hand
*** SUMMARY ***
Total pot $2 | Rake $0
Seat 1: yur4ok (big blind) collected ($2)
Seat 2: minigus575 (button) (small blind) folded before Flop


PokerStars Hand #146220872818:  Hold'em Limit ($3/$6 USD) - 2015/12/31 6:54:05 ET
Table 'Transvaalia' 2-max Seat #1 is the button
Seat 1: yur4ok ($113.92 in chips)
Seat 2: minigus575 ($112.42 in chips)
yur4ok: posts small blind $1
minigus575: posts big blind $3
*** HOLE CARDS ***
yur4ok: raises $3 to $6
minigus575: calls $3
*** FLOP *** [7h 6s Qh]
minigus575: checks
yur4ok: bets $3
minigus575: calls $3
*** TURN *** [7h 6s Qh] [9c]
minigus575: checks
yur4ok: bets $6
minigus575: raises $6 to $12
yur4ok: calls $6
*** RIVER *** [7h 6s Qh 9c] [7s]
minigus575: bets $6
yur4ok: folds
Uncalled bet ($6) returned to minigus575
minigus575 collected $41.50 from pot
minigus575: doesn't show hand
*** SUMMARY ***
Total pot $42 | Rake $0.50
Board [7h 6s Qh 9c 7s]
Seat 1: yur4ok (button) (small blind) folded on the River
Seat 2: minigus575 (big blind) collected ($41.50)


PokerStars Hand #146220866040:  Hold'em Limit ($3/$6 USD) - 2015/12/31 6:53:54 ET
Table 'Transvaalia' 2-max Seat #2 is the button
Seat 1: yur4ok ($102.40 in chips)
Seat 2: minigus575 ($124.42 in chips)
minigus575: posts small blind $1
yur4ok: posts big blind $3
*** HOLE CARDS ***
minigus575: raises $3 to $6
yur4ok: calls $3
*** FLOP *** [9c 4c 5h]
yur4ok: checks
minigus575: bets $3
yur4ok: raises $3 to $6
minigus575: calls $3
*** TURN *** [9c 4c 5h] [Qh]
yur4ok: bets $6
minigus575: folds
Uncalled bet ($6) returned to yur4ok
yur4ok collected $23.52 from pot
yur4ok: doesn't show hand
*** SUMMARY ***
Total pot $24 | Rake $0.48
Board [9c 4c 5h Qh]
Seat 1: yur4ok (big blind) collected ($23.52)
Seat 2: minigus575 (button) (small blind) folded on the Turn


PokerStars Hand #146220930679:  Hold'em Limit ($3/$6 USD) - 2015/12/31 6:55:46 ET
Table 'Transvaalia' 2-max Seat #2 is the button
Seat 1: yur4ok ($111.70 in chips)
Seat 2: minigus575 ($112.56 in chips)
minigus575: posts small blind $1
yur4ok: posts big blind $3
*** HOLE CARDS ***
minigus575: raises $3 to $6
yur4ok: calls $3
*** FLOP *** [9h Jd 2c]
yur4ok: checks
minigus575: bets $3
yur4ok: calls $3
*** TURN *** [9h Jd 2c] [6d]
yur4ok: checks
minigus575: bets $6
yur4ok: folds
Uncalled bet ($6) returned to minigus575
minigus575 collected $17.64 from pot
minigus575: doesn't show hand
*** SUMMARY ***
Total pot $18 | Rake $0.36
Board [9h Jd 2c 6d]
Seat 1: yur4ok (big blind) folded on the Turn
Seat 2: minigus575 (button) (small blind) collected ($17.64)


PokerStars Hand #146220922361:  Hold'em Limit ($3/$6 USD) - 2015/12/31 6:55:30 ET
Table 'Transvaalia' 2-max Seat #1 is the button
Seat 1: yur4ok ($97.20 in chips)
Seat 2: minigus575 ($127.56 in chips)
yur4ok: posts small blind $1
minigus575: posts big blind $3
*** HOLE CARDS ***
yur4ok: raises $3 to $6
minigus575: calls $3
*** FLOP *** [Ah 4s 8c]
minigus575: checks
yur4ok: bets $3
minigus575: calls $3
*** TURN *** [Ah 4s 8c] [Tc]
minigus575: checks
yur4ok: checks
*** RIVER *** [Ah 4s 8c Tc] [9c]
minigus575: checks
yur4ok: bets $6
minigus575: calls $6
*** SHOW DOWN ***
yur4ok: shows [9h 4h] (two pair, Nines and Fours)
minigus575: mucks hand
yur4ok collected $29.50 from pot
*** SUMMARY ***
Total pot $30 | Rake $0.50
Board [Ah 4s 8c Tc 9c]
Seat 1: yur4ok (button) (small blind) showed [9h 4h] and won ($29.50) with two pair, Nines and Fours
Seat 2: minigus575 (big blind) mucked


PokerStars Hand #146220916214:  Hold'em Limit ($3/$6 USD) - 2015/12/31 6:55:19 ET
Table 'Transvaalia' 2-max Seat #2 is the button
Seat 1: yur4ok ($106.20 in chips)
Seat 2: minigus575 ($118.92 in chips)
minigus575: posts small blind $1
yur4ok: posts big blind $3
*** HOLE CARDS ***
minigus575: raises $3 to $6
yur4ok: calls $3
*** FLOP *** [6c 4c Jd]
yur4ok: checks
minigus575: bets $3
yur4ok: calls $3
*** TURN *** [6c 4c Jd] [Qh]
yur4ok: checks
minigus575: bets $6
yur4ok: folds
Uncalled bet ($6) returned to minigus575
minigus575 collected $17.64 from pot
minigus575: doesn't show hand
*** SUMMARY ***
Total pot $18 | Rake $0.36
Board [6c 4c Jd Qh]
Seat 1: yur4ok (big blind) folded on the Turn
Seat 2: minigus575 (button) (small blind) collected ($17.64)


PokerStars Hand #146220905135:  Hold'em Limit ($3/$6 USD) - 2015/12/31 6:54:59 ET
Table 'Transvaalia' 2-max Seat #1 is the button
Seat 1: yur4ok ($97.56 in chips)
Seat 2: minigus575 ($127.92 in chips)
yur4ok: posts small blind $1
minigus575: posts big blind $3
*** HOLE CARDS ***
yur4ok: raises $3 to $6
minigus575: calls $3
*** FLOP *** [8d 8h Qh]
minigus575: checks
yur4ok: bets $3
minigus575: calls $3
*** TURN *** [8d 8h Qh] [Ks]
minigus575: checks
yur4ok: checks
*** RIVER *** [8d 8h Qh Ks] [4h]
minigus575: checks
yur4ok: bets $6
minigus575: folds
Uncalled bet ($6) returned to yur4ok
yur4ok collected $17.64 from pot
yur4ok: doesn't show hand
*** SUMMARY ***
Total pot $18 | Rake $0.36
Board [8d 8h Qh Ks 4h]
Seat 1: yur4ok (button) (small blind) collected ($17.64)
Seat 2: minigus575 (big blind) folded on the River


PokerStars Hand #146220959826:  Hold'em Limit ($3/$6 USD) - 2015/12/31 6:56:40 ET
Table 'Transvaalia' 2-max Seat #2 is the button
Seat 1: yur4ok ($134.70 in chips)
Seat 2: minigus575 ($87.84 in chips)
minigus575: posts small blind $1
yur4ok: posts big blind $3
*** HOLE CARDS ***
minigus575: raises $3 to $6
yur4ok: raises $3 to $9
minigus575: calls $3
*** FLOP *** [7h Jh 4d]
yur4ok: bets $3
minigus575: calls $3
*** TURN *** [7h Jh 4d] [Ah]
yur4ok: bets $6
minigus575: calls $6
*** RIVER *** [7h Jh 4d Ah] [Qh]
yur4ok: checks
minigus575: checks
*** SHOW DOWN ***
yur4ok: shows [7c 9c] (a pair of Sevens)
minigus575: shows [Tc Ts] (a pair of Tens)
minigus575 collected $35.50 from pot
*** SUMMARY ***
Total pot $36 | Rake $0.50
Board [7h Jh 4d Ah Qh]
Seat 1: yur4ok (big blind) showed [7c 9c] and lost with a pair of Sevens
Seat 2: minigus575 (button) (small blind) showed [Tc Ts] and won ($35.50) with a pair of Tens


PokerStars Hand #146220941985:  Hold'em Limit ($3/$6 USD) - 2015/12/31 6:56:07 ET
Table 'Transvaalia' 2-max Seat #2 is the button
Seat 1: yur4ok ($93.70 in chips)
Seat 2: minigus575 ($129.84 in chips)
minigus575: posts small blind $1
yur4ok: posts big blind $3
*** HOLE CARDS ***
minigus575: raises $3 to $6
yur4ok: calls $3
*** FLOP *** [Jc 9h 4s]
yur4ok: checks
minigus575: bets $3
yur4ok: raises $3 to $6
minigus575: calls $3
*** TURN *** [Jc 9h 4s] [9s]
yur4ok: bets $6
minigus575: calls $6
*** RIVER *** [Jc 9h 4s 9s] [Th]
yur4ok: bets $6
minigus575: folds
Uncalled bet ($6) returned to yur4ok
yur4ok collected $35.50 from pot
yur4ok: doesn't show hand
*** SUMMARY ***
Total pot $36 | Rake $0.50
Board [Jc 9h 4s 9s Th]
Seat 1: yur4ok (big blind) collected ($35.50)
Seat 2: minigus575 (button) (small blind) folded on the River


PokerStars Hand #146220936549:  Hold'em Limit ($3/$6 USD) - 2015/12/31 6:55:57 ET
Table 'Transvaalia' 2-max Seat #1 is the button
Seat 1: yur4ok ($102.70 in chips)
Seat 2: minigus575 ($121.20 in chips)
yur4ok: posts small blind $1
minigus575: posts big blind $3
*** HOLE CARDS ***
yur4ok: raises $3 to $6
minigus575: calls $3
*** FLOP *** [Jd 9c Ks]
minigus575: checks
yur4ok: bets $3
minigus575: raises $3 to $6
yur4ok: folds
Uncalled bet ($3) returned to minigus575
minigus575 collected $17.64 from pot
minigus575: doesn't show hand
*** SUMMARY ***
Total pot $18 | Rake $0.36
Board [Jd 9c Ks]
Seat 1: yur4ok (button) (small blind) folded on the Flop
Seat 2: minigus575 (big blind) collected ($17.64)


PokerStars Hand #146220994601:  Hold'em Limit ($3/$6 USD) - 2015/12/31 6:57:44 ET
Table 'Transvaalia' 2-max Seat #2 is the button
Seat 1: yur4ok ($104.20 in chips)
Seat 2: minigus575 ($116.60 in chips)
minigus575: posts small blind $1
yur4ok: posts big blind $3
*** HOLE CARDS ***
minigus575: raises $3 to $6
yur4ok: raises $3 to $9
minigus575: calls $3
*** FLOP *** [Tc 4s Kc]
yur4ok: bets $3
minigus575: raises $3 to $6
yur4ok: raises $3 to $9
minigus575: calls $3
*** TURN *** [Tc 4s Kc] [8s]
yur4ok: bets $6
minigus575: folds
Uncalled bet ($6) returned to yur4ok
yur4ok collected $35.50 from pot
yur4ok: doesn't show hand
*** SUMMARY ***
Total pot $36 | Rake $0.50
Board [Tc 4s Kc 8s]
Seat 1: yur4ok (big blind) collected ($35.50)
Seat 2: minigus575 (button) (small blind) folded on the Turn


PokerStars Hand #146220985249:  Hold'em Limit ($3/$6 USD) - 2015/12/31 6:57:27 ET
Table 'Transvaalia' 2-max Seat #1 is the button
Seat 1: yur4ok ($128.20 in chips)
Seat 2: minigus575 ($93.10 in chips)
yur4ok: posts small blind $1
minigus575: posts big blind $3
*** HOLE CARDS ***
yur4ok: raises $3 to $6
minigus575: raises $3 to $9
yur4ok: calls $3
*** FLOP *** [4h 7d Jc]
minigus575: bets $3
yur4ok: calls $3
*** TURN *** [4h 7d Jc] [4s]
minigus575: bets $6
yur4ok: calls $6
*** RIVER *** [4h 7d Jc 4s] [5c]
minigus575: bets $6
yur4ok: calls $6
*** SHOW DOWN ***
minigus575: shows [Js As] (two pair, Jacks and Fours)
yur4ok: mucks hand
minigus575 collected $47.50 from pot
*** SUMMARY ***
Total pot $48 | Rake $0.50
Board [4h 7d Jc 4s 5c]
Seat 1: yur4ok (button) (small blind) mucked
Seat 2: minigus575 (big blind) showed [Js As] and won ($47.50) with two pair, Jacks and Fours


PokerStars Hand #146220980640:  Hold'em Limit ($3/$6 USD) - 2015/12/31 6:57:18 ET
Table 'Transvaalia' 2-max Seat #2 is the button
Seat 1: yur4ok ($134.20 in chips)
Seat 2: minigus575 ($87.34 in chips)
minigus575: posts small blind $1
yur4ok: posts big blind $3
*** HOLE CARDS ***
minigus575: raises $3 to $6
yur4ok: calls $3
*** FLOP *** [5s 9c 9s]
yur4ok: checks
minigus575: bets $3
yur4ok: folds
Uncalled bet ($3) returned to minigus575
minigus575 collected $11.76 from pot
minigus575: doesn't show hand
*** SUMMARY ***
Total pot $12 | Rake $0.24
Board [5s 9c 9s]
Seat 1: yur4ok (big blind) folded on the Flop
Seat 2: minigus575 (button) (small blind) collected ($11.76)


PokerStars Hand #146220967232:  Hold'em Limit ($3/$6 USD) - 2015/12/31 6:56:53 ET
Table 'Transvaalia' 2-max Seat #1 is the button
Seat 1: yur4ok ($116.70 in chips)
Seat 2: minigus575 ($105.34 in chips)
yur4ok: posts small blind $1
minigus575: posts big blind $3
*** HOLE CARDS ***
yur4ok: raises $3 to $6
minigus575: raises $3 to $9
yur4ok: calls $3
*** FLOP *** [Ks Qc 2c]
minigus575: bets $3
yur4ok: calls $3
*** TURN *** [Ks Qc 2c] [Th]
minigus575: bets $6
yur4ok: calls $6
*** RIVER *** [Ks Qc 2c Th] [3c]
minigus575: checks
yur4ok: bets $6
minigus575: folds
Uncalled bet ($6) returned to yur4ok
yur4ok collected $35.50 from pot
yur4ok: doesn't show hand
*** SUMMARY ***
Total pot $36 | Rake $0.50
Board [Ks Qc 2c Th 3c]
Seat 1: yur4ok (button) (small blind) collected ($35.50)
Seat 2: minigus575 (big blind) folded on the River


PokerStars Hand #146221032386:  Hold'em Limit ($3/$6 USD) - 2015/12/31 6:58:54 ET
Table 'Transvaalia' 2-max Seat #1 is the button
Seat 1: yur4ok ($82.46 in chips)
Seat 2: minigus575 ($136.26 in chips)
yur4ok: posts small blind $1
minigus575: posts big blind $3
*** HOLE CARDS ***
yur4ok: folds
Uncalled bet ($2) returned to minigus575
minigus575 collected $2 from pot
minigus575: doesn't show hand
*** SUMMARY ***
Total pot $2 | Rake $0
Seat 1: yur4ok (button) (small blind) folded before Flop
Seat 2: minigus575 (big blind) collected ($2)


PokerStars Hand #146221021816:  Hold'em Limit ($3/$6 USD) - 2015/12/31 6:58:34 ET
Table 'Transvaalia' 2-max Seat #2 is the button
Seat 1: yur4ok ($106.46 in chips)
Seat 2: minigus575 ($112.76 in chips)
minigus575: posts small blind $1
yur4ok: posts big blind $3
*** HOLE CARDS ***
minigus575: raises $3 to $6
yur4ok: calls $3
*** FLOP *** [2h Ac Qs]
yur4ok: checks
minigus575: checks
*** TURN *** [2h Ac Qs] [Th]
yur4ok: bets $6
minigus575: raises $6 to $12
yur4ok: calls $6
*** RIVER *** [2h Ac Qs Th] [Kh]
yur4ok: checks
minigus575: bets $6
yur4ok: calls $6
*** SHOW DOWN ***
minigus575: shows [Ah 7c] (a pair of Aces)
yur4ok: mucks hand
minigus575 collected $47.50 from pot
*** SUMMARY ***
Total pot $48 | Rake $0.50
Board [2h Ac Qs Th Kh]
Seat 1: yur4ok (big blind) mucked
Seat 2: minigus575 (button) (small blind) showed [Ah 7c] and won ($47.50) with a pair of Aces


PokerStars Hand #146221017029:  Hold'em Limit ($3/$6 USD) - 2015/12/31 6:58:26 ET
Table 'Transvaalia' 2-max Seat #1 is the button
Seat 1: yur4ok ($115.46 in chips)
Seat 2: minigus575 ($104.12 in chips)
yur4ok: posts small blind $1
minigus575: posts big blind $3
*** HOLE CARDS ***
yur4ok: raises $3 to $6
minigus575: raises $3 to $9
yur4ok: calls $3
*** FLOP *** [Tc Ad Td]
minigus575: bets $3
yur4ok: folds
Uncalled bet ($3) returned to minigus575
minigus575 collected $17.64 from pot
minigus575: doesn't show hand
*** SUMMARY ***
Total pot $18 | Rake $0.36
Board [Tc Ad Td]
Seat 1: yur4ok (button) (small blind) folded on the Flop
Seat 2: minigus575 (big blind) collected ($17.64)


PokerStars Hand #146221009642:  Hold'em Limit ($3/$6 USD) - 2015/12/31 6:58:12 ET
Table 'Transvaalia' 2-max Seat #2 is the button
Seat 1: yur4ok ($127.46 in chips)
Seat 2: minigus575 ($92.60 in chips)
minigus575: posts small blind $1
yur4ok: posts big blind $3
*** HOLE CARDS ***
minigus575: raises $3 to $6
yur4ok: raises $3 to $9
minigus575: calls $3
*** FLOP *** [6c 8s Ad]
yur4ok: bets $3
minigus575: calls $3
*** TURN *** [6c 8s Ad] [9s]
yur4ok: checks
minigus575: bets $6
yur4ok: folds
Uncalled bet ($6) returned to minigus575
minigus575 collected $23.52 from pot
minigus575: doesn't show hand
*** SUMMARY ***
Total pot $24 | Rake $0.48
Board [6c 8s Ad 9s]
Seat 1: yur4ok (big blind) folded on the Turn
Seat 2: minigus575 (button) (small blind) collected ($23.52)


PokerStars Hand #146221004929:  Hold'em Limit ($3/$6 USD) - 2015/12/31 6:58:03 ET
Table 'Transvaalia' 2-max Seat #1 is the button
Seat 1: yur4ok ($121.70 in chips)
Seat 2: minigus575 ($98.60 in chips)
yur4ok: posts small blind $1
minigus575: posts big blind $3
*** HOLE CARDS ***
yur4ok: raises $3 to $6
minigus575: calls $3
*** FLOP *** [Th 7h 5c]
minigus575: checks
yur4ok: bets $3
minigus575: folds
Uncalled bet ($3) returned to yur4ok
yur4ok collected $11.76 from pot
yur4ok: doesn't show hand
*** SUMMARY ***
Total pot $12 | Rake $0.24
Board [Th 7h 5c]
Seat 1: yur4ok (button) (small blind) collected ($11.76)
Seat 2: minigus575 (big blind) folded on the Flop


PokerStars Hand #146221053158:  Hold'em Limit ($3/$6 USD) - 2015/12/31 6:59:32 ET
Table 'Transvaalia' 2-max Seat #2 is the button
Seat 1: yur4ok ($99.96 in chips)
Seat 2: minigus575 ($118.26 in chips)
minigus575: posts small blind $1
yur4ok: posts big blind $3
*** HOLE CARDS ***
minigus575: raises $3 to $6
yur4ok: calls $3
*** FLOP *** [Ks Ac 3h]
yur4ok: checks
minigus575: bets $3
yur4ok: calls $3
*** TURN *** [Ks Ac 3h] [9c]
yur4ok: checks
minigus575: bets $6
yur4ok: calls $6
*** RIVER *** [Ks Ac 3h 9c] [Jd]
yur4ok: checks
minigus575: bets $6
yur4ok: calls $6
*** SHOW DOWN ***
minigus575: shows [As Qh] (a pair of Aces)
yur4ok: mucks hand
minigus575 collected $41.50 from pot
*** SUMMARY ***
Total pot $42 | Rake $0.50
Board [Ks Ac 3h 9c Jd]
Seat 1: yur4ok (big blind) mucked
Seat 2: minigus575 (button) (small blind) showed [As Qh] and won ($41.50) with a pair of Aces


PokerStars Hand #146221039828:  Hold'em Limit ($3/$6 USD) - 2015/12/31 6:59:07 ET
Table 'Transvaalia' 2-max Seat #1 is the button
Seat 1: yur4ok ($82.46 in chips)
Seat 2: minigus575 ($136.26 in chips)
yur4ok: posts small blind $1
minigus575: posts big blind $3
*** HOLE CARDS ***
yur4ok: raises $3 to $6
minigus575: calls $3
*** FLOP *** [Qc 8h 8s]
minigus575: checks
yur4ok: bets $3
minigus575: raises $3 to $6
yur4ok: calls $3
*** TURN *** [Qc 8h 8s] [Ah]
minigus575: checks
yur4ok: checks
*** RIVER *** [Qc 8h 8s Ah] [Kd]
minigus575: bets $6
yur4ok: calls $6
*** SHOW DOWN ***
minigus575: shows [6d Jh] (a pair of Eights)
yur4ok: shows [Qd 6h] (two pair, Queens and Eights)
yur4ok collected $35.50 from pot
*** SUMMARY ***
Total pot $36 | Rake $0.50
Board [Qc 8h 8s Ah Kd]
Seat 1: yur4ok (button) (small blind) showed [Qd 6h] and won ($35.50) with two pair, Queens and Eights
Seat 2: minigus575 (big blind) showed [6d Jh] and lost with a pair of Eights


PokerStars Hand #146221034641:  Hold'em Limit ($3/$6 USD) - 2015/12/31 6:58:58 ET
Table 'Transvaalia' 2-max Seat #2 is the button
Seat 1: yur4ok ($81.46 in chips)
Seat 2: minigus575 ($137.26 in chips)
minigus575: posts small blind $1
yur4ok: posts big blind $3
*** HOLE CARDS ***
minigus575: folds
Uncalled bet ($2) returned to yur4ok
yur4ok collected $2 from pot
yur4ok: doesn't show hand
*** SUMMARY ***
Total pot $2 | Rake $0
Seat 1: yur4ok (big blind) collected ($2)
Seat 2: minigus575 (button) (small blind) folded before Flop


PokerStars Hand #146221098215:  Hold'em Limit ($3/$6 USD) - 2015/12/31 7:00:54 ET
Table 'Transvaalia' 2-max Seat #1 is the button
Seat 1: yur4ok ($72 in chips)
Seat 2: minigus575 ($207.76 in chips)
yur4ok: posts small blind $1
minigus575: posts big blind $3
*** HOLE CARDS ***
yur4ok: raises $3 to $6
minigus575: calls $3
*** FLOP *** [4s Jc 6c]
minigus575: checks
yur4ok: bets $3
minigus575: folds
Uncalled bet ($3) returned to yur4ok
yur4ok collected $11.76 from pot
yur4ok: doesn't show hand
*** SUMMARY ***
Total pot $12 | Rake $0.24
Board [4s Jc 6c]
Seat 1: yur4ok (button) (small blind) collected ($11.76)
Seat 2: minigus575 (big blind) folded on the Flop


PokerStars Hand #146221091993:  Hold'em Limit ($3/$6 USD) - 2015/12/31 7:00:42 ET
Table 'Transvaalia' 2-max Seat #2 is the button
Seat 1: yur4ok ($72 in chips)
Seat 2: minigus575 ($204.76 in chips)
minigus575: posts small blind $1
yur4ok: posts big blind $3
*** HOLE CARDS ***
minigus575: raises $3 to $6
yur4ok: folds
Uncalled bet ($3) returned to minigus575
minigus575 collected $6 from pot
minigus575: doesn't show hand
*** SUMMARY ***
Total pot $6 | Rake $0
Seat 1: yur4ok (big blind) folded before Flop
Seat 2: minigus575 (button) (small blind) collected ($6)


PokerStars Hand #146221088193:  Hold'em Limit ($3/$6 USD) - 2015/12/31 7:00:35 ET
Table 'Transvaalia' 2-max Seat #1 is the button
Seat 1: yur4ok ($72 in chips)
Seat 2: minigus575 ($203.76 in chips)
yur4ok: posts small blind $1
minigus575: posts big blind $3
*** HOLE CARDS ***
yur4ok: folds
Uncalled bet ($2) returned to minigus575
minigus575 collected $2 from pot
minigus575: doesn't show hand
*** SUMMARY ***
Total pot $2 | Rake $0
Seat 1: yur4ok (button) (small blind) folded before Flop
Seat 2: minigus575 (big blind) collected ($2)


PokerStars Hand #146221075461:  Hold'em Limit ($3/$6 USD) - 2015/12/31 7:00:13 ET
Table 'Transvaalia' 2-max Seat #2 is the button
Seat 1: yur4ok ($72 in chips)
Seat 2: minigus575 ($156.26 in chips)
minigus575: posts small blind $1
yur4ok: posts big blind $3
*** HOLE CARDS ***
minigus575: raises $3 to $6
yur4ok: raises $3 to $9
minigus575: calls $3
*** FLOP *** [6d 7c Ad]
yur4ok: bets $3
minigus575: calls $3
*** TURN *** [6d 7c Ad] [8h]
yur4ok: bets $6
minigus575: raises $6 to $12
yur4ok: raises $6 to $18
minigus575: calls $6
*** RIVER *** [6d 7c Ad 8h] [7d]
yur4ok: bets $6
minigus575: raises $6 to $12
yur4ok: raises $6 to $18
minigus575: calls $6
*** SHOW DOWN ***
yur4ok: shows [Td Qd] (a flush, Ace high)
minigus575: shows [7h 8c] (a full house, Sevens full of Eights)
minigus575 collected $95.50 from pot
*** SUMMARY ***
Total pot $96 | Rake $0.50
Board [6d 7c Ad 8h 7d]
Seat 1: yur4ok (big blind) showed [Td Qd] and lost with a flush, Ace high
Seat 2: minigus575 (button) (small blind) showed [7h 8c] and won ($95.50) with a full house, Sevens full of Eights


PokerStars Hand #146221064505:  Hold'em Limit ($3/$6 USD) - 2015/12/31 6:59:53 ET
Table 'Transvaalia' 2-max Seat #1 is the button
Seat 1: yur4ok ($78.96 in chips)
Seat 2: minigus575 ($138.76 in chips)
yur4ok: posts small blind $1
minigus575: posts big blind $3
*** HOLE CARDS ***
yur4ok: raises $3 to $6
minigus575: raises $3 to $9
yur4ok: calls $3
*** FLOP *** [9c Jc 7d]
minigus575: bets $3
yur4ok: calls $3
*** TURN *** [9c Jc 7d] [Kh]
minigus575: bets $6
yur4ok: calls $6
*** RIVER *** [9c Jc 7d Kh] [Ac]
minigus575: bets $6
yur4ok: folds
Uncalled bet ($6) returned to minigus575
minigus575 collected $35.50 from pot
minigus575: doesn't show hand
*** SUMMARY ***
Total pot $36 | Rake $0.50
Board [9c Jc 7d Kh Ac]
Seat 1: yur4ok (button) (small blind) folded on the River
Seat 2: minigus575 (big blind) collected ($35.50)


PokerStars Hand #146221126569:  Hold'em Limit ($3/$6 USD) - 2015/12/31 7:01:42 ET
Table 'Transvaalia' 2-max Seat #1 is the button
Seat 1: yur4ok ($108.76 in chips)
Seat 2: minigus575 ($169.76 in chips)
yur4ok: posts small blind $1
minigus575: posts big blind $3
*** HOLE CARDS ***
yur4ok: raises $3 to $6
minigus575: calls $3
*** FLOP *** [Ah 3s 9s]
minigus575: checks
yur4ok: bets $3
minigus575: raises $3 to $6
yur4ok: calls $3
*** TURN *** [Ah 3s 9s] [Kd]
minigus575: bets $6
yur4ok: raises $6 to $12
minigus575: calls $6
*** RIVER *** [Ah 3s 9s Kd] [Qh]
minigus575: checks
yur4ok: checks
*** SHOW DOWN ***
minigus575: shows [Ts 6s] (high card Ace)
yur4ok: shows [8h Qs] (a pair of Queens)
yur4ok collected $47.50 from pot
*** SUMMARY ***
Total pot $48 | Rake $0.50
Board [Ah 3s 9s Kd Qh]
Seat 1: yur4ok (button) (small blind) showed [8h Qs] and won ($47.50) with a pair of Queens
Seat 2: minigus575 (big blind) showed [Ts 6s] and lost with high card Ace


PokerStars Hand #146221118159:  Hold'em Limit ($3/$6 USD) - 2015/12/31 7:01:28 ET
Table 'Transvaalia' 2-max Seat #2 is the button
Seat 1: yur4ok ($94.26 in chips)
Seat 2: minigus575 ($184.76 in chips)
minigus575: posts small blind $1
yur4ok: posts big blind $3
*** HOLE CARDS ***
minigus575: raises $3 to $6
yur4ok: calls $3
*** FLOP *** [5c 4h 4d]
yur4ok: checks
minigus575: bets $3
yur4ok: calls $3
*** TURN *** [5c 4h 4d] [6s]
yur4ok: checks
minigus575: checks
*** RIVER *** [5c 4h 4d 6s] [3h]
yur4ok: bets $6
minigus575: calls $6
*** SHOW DOWN ***
yur4ok: shows [Qs 6d] (two pair, Sixes and Fours)
minigus575: mucks hand
yur4ok collected $29.50 from pot
*** SUMMARY ***
Total pot $30 | Rake $0.50
Board [5c 4h 4d 6s 3h]
Seat 1: yur4ok (big blind) showed [Qs 6d] and won ($29.50) with two pair, Sixes and Fours
Seat 2: minigus575 (button) (small blind) mucked


PokerStars Hand #146221115332:  Hold'em Limit ($3/$6 USD) - 2015/12/31 7:01:23 ET
Table 'Transvaalia' 2-max Seat #1 is the button
Seat 1: yur4ok ($95.26 in chips)
Seat 2: minigus575 ($183.76 in chips)
yur4ok: posts small blind $1
minigus575: posts big blind $3
*** HOLE CARDS ***
yur4ok: folds
Uncalled bet ($2) returned to minigus575
minigus575 collected $2 from pot
minigus575: doesn't show hand
*** SUMMARY ***
Total pot $2 | Rake $0
Seat 1: yur4ok (button) (small blind) folded before Flop
Seat 2: minigus575 (big blind) collected ($2)


PokerStars Hand #146221104041:  Hold'em Limit ($3/$6 USD) - 2015/12/31 7:01:04 ET
Table 'Transvaalia' 2-max Seat #2 is the button
Seat 1: yur4ok ($77.76 in chips)
Seat 2: minigus575 ($201.76 in chips)
minigus575: posts small blind $1
yur4ok: posts big blind $3
*** HOLE CARDS ***
minigus575: raises $3 to $6
yur4ok: raises $3 to $9
minigus575: calls $3
*** FLOP *** [Jc 9d 8h]
yur4ok: bets $3
minigus575: calls $3
*** TURN *** [Jc 9d 8h] [4d]
yur4ok: bets $6
minigus575: calls $6
*** RIVER *** [Jc 9d 8h 4d] [7h]
yur4ok: checks
minigus575: checks
*** SHOW DOWN ***
yur4ok: shows [Ts Ac] (a straight, Seven to Jack)
minigus575: mucks hand
yur4ok collected $35.50 from pot
*** SUMMARY ***
Total pot $36 | Rake $0.50
Board [Jc 9d 8h 4d 7h]
Seat 1: yur4ok (big blind) showed [Ts Ac] and won ($35.50) with a straight, Seven to Jack
Seat 2: minigus575 (button) (small blind) mucked


PokerStars Hand #146221161626:  Hold'em Limit ($3/$6 USD) - 2015/12/31 7:02:41 ET
Table 'Transvaalia' 2-max Seat #2 is the button
Seat 1: yur4ok ($125.76 in chips)
Seat 2: minigus575 ($151.26 in chips)
minigus575: posts small blind $1
yur4ok: posts big blind $3
*** HOLE CARDS ***
minigus575: raises $3 to $6
yur4ok: calls $3
*** FLOP *** [5c Jd 5h]
yur4ok: checks
minigus575: bets $3
yur4ok: folds
Uncalled bet ($3) returned to minigus575
minigus575 collected $11.76 from pot
minigus575: doesn't show hand
*** SUMMARY ***
Total pot $12 | Rake $0.24
Board [5c Jd 5h]
Seat 1: yur4ok (big blind) folded on the Flop
Seat 2: minigus575 (button) (small blind) collected ($11.76)


PokerStars Hand #146221137677:  Hold'em Limit ($3/$6 USD) - 2015/12/31 7:02:01 ET
Table 'Transvaalia' 2-max Seat #2 is the button
Seat 1: yur4ok ($132.26 in chips)
Seat 2: minigus575 ($145.76 in chips)
minigus575: posts small blind $1
yur4ok: posts big blind $3
*** HOLE CARDS ***
minigus575: raises $3 to $6
yur4ok: raises $3 to $9
minigus575: calls $3
*** FLOP *** [6c Th Qd]
yur4ok: bets $3
minigus575: calls $3
*** TURN *** [6c Th Qd] [7d]
yur4ok: checks
minigus575: bets $6
yur4ok: calls $6
*** RIVER *** [6c Th Qd 7d] [6d]
yur4ok: checks
minigus575: bets $6
yur4ok: calls $6
*** SHOW DOWN ***
minigus575: shows [9c 7c] (two pair, Sevens and Sixes)
yur4ok: shows [9d 9h] (two pair, Nines and Sixes)
yur4ok collected $47.50 from pot
*** SUMMARY ***
Total pot $48 | Rake $0.50
Board [6c Th Qd 7d 6d]
Seat 1: yur4ok (big blind) showed [9d 9h] and won ($47.50) with two pair, Nines and Sixes
Seat 2: minigus575 (button) (small blind) showed [9c 7c] and lost with two pair, Sevens and Sixes


PokerStars Hand #146221147960:  Hold'em Limit ($3/$6 USD) - 2015/12/31 7:02:18 ET
Table 'Transvaalia' 2-max Seat #1 is the button
Seat 1: yur4ok ($155.76 in chips)
Seat 2: minigus575 ($121.76 in chips)
yur4ok: posts small blind $1
minigus575: posts big blind $3
*** HOLE CARDS ***
yur4ok: raises $3 to $6
minigus575: raises $3 to $9
yur4ok: calls $3
*** FLOP *** [2c 9c 3c]
minigus575: bets $3
yur4ok: calls $3
*** TURN *** [2c 9c 3c] [5d]
minigus575: bets $6
yur4ok: raises $6 to $12
minigus575: calls $6
*** RIVER *** [2c 9c 3c 5d] [8s]
minigus575: bets $6
yur4ok: calls $6
*** SHOW DOWN ***
minigus575: shows [9d 2d] (two pair, Nines and Deuces)
yur4ok: mucks hand
minigus575 collected $59.50 from pot
*** SUMMARY ***
Total pot $60 | Rake $0.50
Board [2c 9c 3c 5d 8s]
Seat 1: yur4ok (button) (small blind) mucked
Seat 2: minigus575 (big blind) showed [9d 2d] and won ($59.50) with two pair, Nines and Deuces


PokerStars Hand #146221171204:  Hold'em Limit ($3/$6 USD) - 2015/12/31 7:02:57 ET
Table 'Transvaalia' 2-max Seat #1 is the button
Seat 1: yur4ok ($119.76 in chips)
Seat 2: minigus575 ($157.02 in chips)
yur4ok: posts small blind $1
minigus575: posts big blind $3
*** HOLE CARDS ***
yur4ok: raises $3 to $6
minigus575: raises $3 to $9
yur4ok: calls $3
*** FLOP *** [8h 8c 4h]
minigus575: bets $3
yur4ok: calls $3
*** TURN *** [8h 8c 4h] [2d]
minigus575: bets $6
yur4ok: calls $6
*** RIVER *** [8h 8c 4h 2d] [3c]
minigus575: checks
yur4ok: bets $6
minigus575: calls $6
*** SHOW DOWN ***
yur4ok: shows [2c As] (two pair, Eights and Deuces)
minigus575: mucks hand
yur4ok collected $47.50 from pot
*** SUMMARY ***
Total pot $48 | Rake $0.50
Board [8h 8c 4h 2d 3c]
Seat 1: yur4ok (button) (small blind) showed [2c As] and won ($47.50) with two pair, Eights and Deuces
Seat 2: minigus575 (big blind) mucked


PokerStars Hand #146221183212:  Hold'em Limit ($3/$6 USD) - 2015/12/31 7:03:17 ET
Table 'Transvaalia' 2-max Seat #2 is the button
Seat 1: yur4ok ($143.26 in chips)
Seat 2: minigus575 ($133.02 in chips)
minigus575: posts small blind $1
yur4ok: posts big blind $3
*** HOLE CARDS ***
minigus575: raises $3 to $6
yur4ok: raises $3 to $9
minigus575: calls $3
*** FLOP *** [5h 8d Kh]
yur4ok: bets $3
minigus575: calls $3
*** TURN *** [5h 8d Kh] [6h]
yur4ok: bets $6
minigus575: raises $6 to $12
yur4ok: calls $6
*** RIVER *** [5h 8d Kh 6h] [8s]
yur4ok: checks
minigus575: bets $6
yur4ok: folds
Uncalled bet ($6) returned to minigus575
minigus575 collected $47.50 from pot
minigus575: doesn't show hand
*** SUMMARY ***
Total pot $48 | Rake $0.50
Board [5h 8d Kh 6h 8s]
Seat 1: yur4ok (big blind) folded on the River
Seat 2: minigus575 (button) (small blind) collected ($47.50)


PokerStars Hand #146221193283:  Hold'em Limit ($3/$6 USD) - 2015/12/31 7:03:34 ET
Table 'Transvaalia' 2-max Seat #1 is the button
Seat 1: yur4ok ($119.26 in chips)
Seat 2: minigus575 ($156.52 in chips)
yur4ok: posts small blind $1
minigus575: posts big blind $3
*** HOLE CARDS ***
yur4ok: raises $3 to $6
minigus575: calls $3
*** FLOP *** [Kh Jd 6s]
minigus575: checks
yur4ok: checks
*** TURN *** [Kh Jd 6s] [8d]
minigus575: bets $6
yur4ok: folds
Uncalled bet ($6) returned to minigus575
minigus575 collected $11.76 from pot
minigus575: doesn't show hand
*** SUMMARY ***
Total pot $12 | Rake $0.24
Board [Kh Jd 6s 8d]
Seat 1: yur4ok (button) (small blind) folded on the Turn
Seat 2: minigus575 (big blind) collected ($11.76)


PokerStars Hand #146221199562:  Hold'em Limit ($3/$6 USD) - 2015/12/31 7:03:44 ET
Table 'Transvaalia' 2-max Seat #2 is the button
Seat 1: yur4ok ($113.26 in chips)
Seat 2: minigus575 ($162.28 in chips)
minigus575: posts small blind $1
yur4ok: posts big blind $3
*** HOLE CARDS ***
minigus575: folds
Uncalled bet ($2) returned to yur4ok
yur4ok collected $2 from pot
yur4ok: doesn't show hand
*** SUMMARY ***
Total pot $2 | Rake $0
Seat 1: yur4ok (big blind) collected ($2)
Seat 2: minigus575 (button) (small blind) folded before Flop


PokerStars Hand #146221202201:  Hold'em Limit ($3/$6 USD) - 2015/12/31 7:03:49 ET
Table 'Transvaalia' 2-max Seat #1 is the button
Seat 1: yur4ok ($114.26 in chips)
Seat 2: minigus575 ($161.28 in chips)
yur4ok: posts small blind $1
minigus575: posts big blind $3
*** HOLE CARDS ***
yur4ok: raises $3 to $6
minigus575: raises $3 to $9
yur4ok: calls $3
*** FLOP *** [5h 3h 3c]
minigus575: bets $3
yur4ok: calls $3
*** TURN *** [5h 3h 3c] [4h]
minigus575: bets $6
yur4ok: calls $6
*** RIVER *** [5h 3h 3c 4h] [Qd]
minigus575: checks
yur4ok: checks
*** SHOW DOWN ***
minigus575: shows [Kc Tc] (a pair of Threes)
yur4ok: shows [6d Ad] (a pair of Threes - Ace kicker)
yur4ok collected $35.50 from pot
*** SUMMARY ***
Total pot $36 | Rake $0.50
Board [5h 3h 3c 4h Qd]
Seat 1: yur4ok (button) (small blind) showed [6d Ad] and won ($35.50) with a pair of Threes
Seat 2: minigus575 (big blind) showed [Kc Tc] and lost with a pair of Threes


PokerStars Hand #146221211880:  Hold'em Limit ($3/$6 USD) - 2015/12/31 7:04:05 ET
Table 'Transvaalia' 2-max Seat #2 is the button
Seat 1: yur4ok ($131.76 in chips)
Seat 2: minigus575 ($143.28 in chips)
minigus575: posts small blind $1
yur4ok: posts big blind $3
*** HOLE CARDS ***
minigus575: raises $3 to $6
yur4ok: calls $3
*** FLOP *** [4d Jc Js]
yur4ok: checks
minigus575: bets $3
yur4ok: raises $3 to $6
minigus575: calls $3
*** TURN *** [4d Jc Js] [9c]
yur4ok: bets $6
minigus575: calls $6
*** RIVER *** [4d Jc Js 9c] [Jd]
yur4ok: checks
minigus575: checks
*** SHOW DOWN ***
yur4ok: shows [Qc 2d] (three of a kind, Jacks)
minigus575: shows [6c 6d] (a full house, Jacks full of Sixes)
minigus575 collected $35.50 from pot
*** SUMMARY ***
Total pot $36 | Rake $0.50
Board [4d Jc Js 9c Jd]
Seat 1: yur4ok (big blind) showed [Qc 2d] and lost with three of a kind, Jacks
Seat 2: minigus575 (button) (small blind) showed [6c 6d] and won ($35.50) with a full house, Jacks full of Sixes


PokerStars Hand #146221220337:  Hold'em Limit ($3/$6 USD) - 2015/12/31 7:04:19 ET
Table 'Transvaalia' 2-max Seat #1 is the button
Seat 1: yur4ok ($113.76 in chips)
Seat 2: minigus575 ($160.78 in chips)
yur4ok: posts small blind $1
minigus575: posts big blind $3
*** HOLE CARDS ***
yur4ok: raises $3 to $6
minigus575: raises $3 to $9
yur4ok: calls $3
*** FLOP *** [Kh 2s 8h]
minigus575: bets $3
yur4ok: calls $3
*** TURN *** [Kh 2s 8h] [Qd]
minigus575: bets $6
yur4ok: folds
Uncalled bet ($6) returned to minigus575
minigus575 collected $23.52 from pot
minigus575: doesn't show hand
*** SUMMARY ***
Total pot $24 | Rake $0.48
Board [Kh 2s 8h Qd]
Seat 1: yur4ok (button) (small blind) folded on the Turn
Seat 2: minigus575 (big blind) collected ($23.52)


PokerStars Hand #146221227349:  Hold'em Limit ($3/$6 USD) - 2015/12/31 7:04:30 ET
Table 'Transvaalia' 2-max Seat #2 is the button
Seat 1: yur4ok ($101.76 in chips)
Seat 2: minigus575 ($172.30 in chips)
minigus575: posts small blind $1
yur4ok: posts big blind $3
*** HOLE CARDS ***
minigus575: raises $3 to $6
yur4ok: raises $3 to $9
minigus575: calls $3
*** FLOP *** [7d Ks 2d]
yur4ok: bets $3
minigus575: calls $3
*** TURN *** [7d Ks 2d] [8d]
yur4ok: bets $6
minigus575: calls $6
*** RIVER *** [7d Ks 2d 8d] [Td]
yur4ok: bets $6
minigus575: folds
Uncalled bet ($6) returned to yur4ok
yur4ok collected $35.50 from pot
yur4ok: doesn't show hand
*** SUMMARY ***
Total pot $36 | Rake $0.50
Board [7d Ks 2d 8d Td]
Seat 1: yur4ok (big blind) collected ($35.50)
Seat 2: minigus575 (button) (small blind) folded on the River


PokerStars Hand #146221235946:  Hold'em Limit ($3/$6 USD) - 2015/12/31 7:04:44 ET
Table 'Transvaalia' 2-max Seat #1 is the button
Seat 1: yur4ok ($119.26 in chips)
Seat 2: minigus575 ($154.30 in chips)
yur4ok: posts small blind $1
minigus575: posts big blind $3
*** HOLE CARDS ***
yur4ok: raises $3 to $6
minigus575: calls $3
*** FLOP *** [6d Ad 5d]
minigus575: checks
yur4ok: bets $3
minigus575: calls $3
*** TURN *** [6d Ad 5d] [5h]
minigus575: checks
yur4ok: bets $6
minigus575: raises $6 to $12
yur4ok: folds
Uncalled bet ($6) returned to minigus575
minigus575 collected $29.50 from pot
minigus575: doesn't show hand
*** SUMMARY ***
Total pot $30 | Rake $0.50
Board [6d Ad 5d 5h]
Seat 1: yur4ok (button) (small blind) folded on the Turn
Seat 2: minigus575 (big blind) collected ($29.50)


PokerStars Hand #146221244848:  Hold'em Limit ($3/$6 USD) - 2015/12/31 7:04:59 ET
Table 'Transvaalia' 2-max Seat #2 is the button
Seat 1: yur4ok ($104.26 in chips)
Seat 2: minigus575 ($168.80 in chips)
minigus575: posts small blind $1
yur4ok: posts big blind $3
*** HOLE CARDS ***
minigus575: raises $3 to $6
yur4ok: raises $3 to $9
minigus575: calls $3
*** FLOP *** [Ac 9c Qh]
yur4ok: bets $3
minigus575: calls $3
*** TURN *** [Ac 9c Qh] [6d]
yur4ok: bets $6
minigus575: folds
Uncalled bet ($6) returned to yur4ok
yur4ok collected $23.52 from pot
yur4ok: doesn't show hand
*** SUMMARY ***
Total pot $24 | Rake $0.48
Board [Ac 9c Qh 6d]
Seat 1: yur4ok (big blind) collected ($23.52)
Seat 2: minigus575 (button) (small blind) folded on the Turn


PokerStars Hand #146221251190:  Hold'em Limit ($3/$6 USD) - 2015/12/31 7:05:09 ET
Table 'Transvaalia' 2-max Seat #1 is the button
Seat 1: yur4ok ($115.78 in chips)
Seat 2: minigus575 ($156.80 in chips)
yur4ok: posts small blind $1
minigus575: posts big blind $3
*** HOLE CARDS ***
yur4ok: raises $3 to $6
minigus575: calls $3
*** FLOP *** [Qs Th 4s]
minigus575: checks
yur4ok: checks
*** TURN *** [Qs Th 4s] [3h]
minigus575: checks
yur4ok: checks
*** RIVER *** [Qs Th 4s 3h] [7s]
minigus575: checks
yur4ok: checks
*** SHOW DOWN ***
minigus575: shows [9c 6h] (high card Queen)
yur4ok: mucks hand
minigus575 collected $11.76 from pot
*** SUMMARY ***
Total pot $12 | Rake $0.24
Board [Qs Th 4s 3h 7s]
Seat 1: yur4ok (button) (small blind) mucked
Seat 2: minigus575 (big blind) showed [9c 6h] and won ($11.76) with high card Queen


PokerStars Hand #146221260575:  Hold'em Limit ($3/$6 USD) - 2015/12/31 7:05:25 ET
Table 'Transvaalia' 2-max Seat #2 is the button
Seat 1: yur4ok ($109.78 in chips)
Seat 2: minigus575 ($162.56 in chips)
minigus575: posts small blind $1
yur4ok: posts big blind $3
*** HOLE CARDS ***
minigus575: raises $3 to $6
yur4ok: calls $3
*** FLOP *** [3c 8d Td]
yur4ok: checks
minigus575: bets $3
yur4ok: raises $3 to $6
minigus575: calls $3
*** TURN *** [3c 8d Td] [5s]
yur4ok: bets $6
minigus575: raises $6 to $12
yur4ok: calls $6
*** RIVER *** [3c 8d Td 5s] [Qh]
yur4ok: checks
minigus575: bets $6
yur4ok: calls $6
*** SHOW DOWN ***
minigus575: shows [5d 8c] (two pair, Eights and Fives)
yur4ok: mucks hand
minigus575 collected $59.50 from pot
*** SUMMARY ***
Total pot $60 | Rake $0.50
Board [3c 8d Td 5s Qh]
Seat 1: yur4ok (big blind) mucked
Seat 2: minigus575 (button) (small blind) showed [5d 8c] and won ($59.50) with two pair, Eights and Fives


PokerStars Hand #146221275956:  Hold'em Limit ($3/$6 USD) - 2015/12/31 7:05:50 ET
Table 'Transvaalia' 2-max Seat #2 is the button
Seat 1: yur4ok ($78.78 in chips)
Seat 2: minigus575 ($193.06 in chips)
minigus575: posts small blind $1
yur4ok: posts big blind $3
*** HOLE CARDS ***
minigus575: folds
Uncalled bet ($2) returned to yur4ok
yur4ok collected $2 from pot
yur4ok: doesn't show hand
*** SUMMARY ***
Total pot $2 | Rake $0
Seat 1: yur4ok (big blind) collected ($2)
Seat 2: minigus575 (button) (small blind) folded before Flop


PokerStars Hand #146221271503:  Hold'em Limit ($3/$6 USD) - 2015/12/31 7:05:43 ET
Table 'Transvaalia' 2-max Seat #1 is the button
Seat 1: yur4ok ($79.78 in chips)
Seat 2: minigus575 ($192.06 in chips)
yur4ok: posts small blind $1
minigus575: posts big blind $3
*** HOLE CARDS ***
yur4ok: folds
Uncalled bet ($2) returned to minigus575
minigus575 collected $2 from pot
minigus575: doesn't show hand
*** SUMMARY ***
Total pot $2 | Rake $0
Seat 1: yur4ok (button) (small blind) folded before Flop
Seat 2: minigus575 (big blind) collected ($2)


PokerStars Hand #146221288623:  Hold'em Limit ($3/$6 USD) - 2015/12/31 7:06:11 ET
Table 'Transvaalia' 2-max Seat #2 is the button
Seat 1: yur4ok ($100.28 in chips)
Seat 2: minigus575 ($171.06 in chips)
minigus575: posts small blind $1
yur4ok: posts big blind $3
*** HOLE CARDS ***
minigus575: raises $3 to $6
yur4ok: folds
Uncalled bet ($3) returned to minigus575
minigus575 collected $6 from pot
minigus575: doesn't show hand
*** SUMMARY ***
Total pot $6 | Rake $0
Seat 1: yur4ok (big blind) folded before Flop
Seat 2: minigus575 (button) (small blind) collected ($6)


PokerStars Hand #146221279370:  Hold'em Limit ($3/$6 USD) - 2015/12/31 7:05:56 ET
Table 'Transvaalia' 2-max Seat #1 is the button
Seat 1: yur4ok ($79.78 in chips)
Seat 2: minigus575 ($192.06 in chips)
yur4ok: posts small blind $1
minigus575: posts big blind $3
*** HOLE CARDS ***
yur4ok: raises $3 to $6
minigus575: calls $3
*** FLOP *** [Jh 2c Qs]
minigus575: checks
yur4ok: bets $3
minigus575: calls $3
*** TURN *** [Jh 2c Qs] [Ac]
minigus575: checks
yur4ok: bets $6
minigus575: calls $6
*** RIVER *** [Jh 2c Qs Ac] [3d]
minigus575: checks
yur4ok: bets $6
minigus575: calls $6
*** SHOW DOWN ***
yur4ok: shows [Kd As] (a pair of Aces)
minigus575: mucks hand
yur4ok collected $41.50 from pot
*** SUMMARY ***
Total pot $42 | Rake $0.50
Board [Jh 2c Qs Ac 3d]
Seat 1: yur4ok (button) (small blind) showed [Kd As] and won ($41.50) with a pair of Aces
Seat 2: minigus575 (big blind) mucked


PokerStars Hand #146221291513:  Hold'em Limit ($3/$6 USD) - 2015/12/31 7:06:16 ET
Table 'Transvaalia' 2-max Seat #1 is the button
Seat 1: yur4ok ($97.28 in chips)
Seat 2: minigus575 ($174.06 in chips)
yur4ok: posts small blind $1
minigus575: posts big blind $3
*** HOLE CARDS ***
yur4ok: raises $3 to $6
minigus575: calls $3
*** FLOP *** [3c 7d Qh]
minigus575: checks
yur4ok: bets $3
minigus575: calls $3
*** TURN *** [3c 7d Qh] [Jh]
minigus575: checks
yur4ok: bets $6
minigus575: folds
Uncalled bet ($6) returned to yur4ok
yur4ok collected $17.64 from pot
yur4ok: doesn't show hand
*** SUMMARY ***
Total pot $18 | Rake $0.36
Board [3c 7d Qh Jh]
Seat 1: yur4ok (button) (small blind) collected ($17.64)
Seat 2: minigus575 (big blind) folded on the Turn


PokerStars Hand #146221299963:  Hold'em Limit ($3/$6 USD) - 2015/12/31 7:06:30 ET
Table 'Transvaalia' 2-max Seat #2 is the button
Seat 1: yur4ok ($105.92 in chips)
Seat 2: minigus575 ($165.06 in chips)
minigus575: posts small blind $1
yur4ok: posts big blind $3
*** HOLE CARDS ***
minigus575: raises $3 to $6
yur4ok: raises $3 to $9
minigus575: calls $3
*** FLOP *** [7c 4d Js]
yur4ok: bets $3
minigus575: calls $3
*** TURN *** [7c 4d Js] [9d]
yur4ok: checks
minigus575: bets $6
yur4ok: raises $6 to $12
minigus575: calls $6
*** RIVER *** [7c 4d Js 9d] [8c]
yur4ok: bets $6
minigus575: calls $6
*** SHOW DOWN ***
yur4ok: shows [Td Jd] (a straight, Seven to Jack)
minigus575: mucks hand
yur4ok collected $59.50 from pot
*** SUMMARY ***
Total pot $60 | Rake $0.50
Board [7c 4d Js 9d 8c]
Seat 1: yur4ok (big blind) showed [Td Jd] and won ($59.50) with a straight, Seven to Jack
Seat 2: minigus575 (button) (small blind) mucked


PokerStars Hand #146221309085:  Hold'em Limit ($3/$6 USD) - 2015/12/31 7:06:45 ET
Table 'Transvaalia' 2-max Seat #1 is the button
Seat 1: yur4ok ($135.42 in chips)
Seat 2: minigus575 ($135.06 in chips)
yur4ok: posts small blind $1
minigus575: posts big blind $3
*** HOLE CARDS ***
yur4ok: raises $3 to $6
minigus575: calls $3
*** FLOP *** [5c Kd 6d]
minigus575: checks
yur4ok: bets $3
minigus575: calls $3
*** TURN *** [5c Kd 6d] [Ac]
minigus575: checks
yur4ok: checks
*** RIVER *** [5c Kd 6d Ac] [4s]
minigus575: checks
yur4ok: checks
*** SHOW DOWN ***
minigus575: shows [Jd 3h] (high card Ace)
yur4ok: shows [Jh 8d] (high card Ace - King+Jack+Eight kicker)
yur4ok collected $17.64 from pot
*** SUMMARY ***
Total pot $18 | Rake $0.36
Board [5c Kd 6d Ac 4s]
Seat 1: yur4ok (button) (small blind) showed [Jh 8d] and won ($17.64) with high card Ace
Seat 2: minigus575 (big blind) showed [Jd 3h] and lost with high card Ace


PokerStars Hand #146221318078:  Hold'em Limit ($3/$6 USD) - 2015/12/31 7:06:59 ET
Table 'Transvaalia' 2-max Seat #2 is the button
Seat 1: yur4ok ($144.06 in chips)
Seat 2: minigus575 ($126.06 in chips)
minigus575: posts small blind $1
yur4ok: posts big blind $3
*** HOLE CARDS ***
minigus575: raises $3 to $6
yur4ok: calls $3
*** FLOP *** [6d Kd 6c]
yur4ok: checks
minigus575: bets $3
yur4ok: calls $3
*** TURN *** [6d Kd 6c] [4s]
yur4ok: checks
minigus575: bets $6
yur4ok: calls $6
*** RIVER *** [6d Kd 6c 4s] [Kc]
yur4ok: checks
minigus575: checks
*** SHOW DOWN ***
yur4ok: shows [2h Ks] (a full house, Kings full of Sixes)
minigus575: mucks hand
yur4ok collected $29.50 from pot
*** SUMMARY ***
Total pot $30 | Rake $0.50
Board [6d Kd 6c 4s Kc]
Seat 1: yur4ok (big blind) showed [2h Ks] and won ($29.50) with a full house, Kings full of Sixes
Seat 2: minigus575 (button) (small blind) mucked


PokerStars Hand #146221331981:  Hold'em Limit ($3/$6 USD) - 2015/12/31 7:07:22 ET
Table 'Transvaalia' 2-max Seat #1 is the button
Seat 1: yur4ok ($158.56 in chips)
Seat 2: minigus575 ($111.06 in chips)
yur4ok: posts small blind $1
minigus575: posts big blind $3
*** HOLE CARDS ***
yur4ok: raises $3 to $6
minigus575: calls $3
*** FLOP *** [Qc 3s 5h]
minigus575: checks
yur4ok: bets $3
minigus575: calls $3
*** TURN *** [Qc 3s 5h] [Kh]
minigus575: checks
yur4ok: bets $6
minigus575: calls $6
*** RIVER *** [Qc 3s 5h Kh] [Tc]
minigus575: checks
yur4ok: checks
*** SHOW DOWN ***
minigus575: shows [3c Ah] (a pair of Threes)
yur4ok: mucks hand
minigus575 collected $29.50 from pot
*** SUMMARY ***
Total pot $30 | Rake $0.50
Board [Qc 3s 5h Kh Tc]
Seat 1: yur4ok (button) (small blind) mucked
Seat 2: minigus575 (big blind) showed [3c Ah] and won ($29.50) with a pair of Threes


PokerStars Hand #146221343403:  Hold'em Limit ($3/$6 USD) - 2015/12/31 7:07:41 ET
Table 'Transvaalia' 2-max Seat #2 is the button
Seat 1: yur4ok ($143.56 in chips)
Seat 2: minigus575 ($125.56 in chips)
minigus575: posts small blind $1
yur4ok: posts big blind $3
*** HOLE CARDS ***
minigus575: raises $3 to $6
yur4ok: calls $3
*** FLOP *** [9s Th 8d]
yur4ok: checks
minigus575: bets $3
yur4ok: calls $3
*** TURN *** [9s Th 8d] [Ks]
yur4ok: checks
minigus575: bets $6
yur4ok: calls $6
*** RIVER *** [9s Th 8d Ks] [4d]
yur4ok: checks
minigus575: bets $6
yur4ok: calls $6
*** SHOW DOWN ***
minigus575: shows [7c 6h] (a straight, Six to Ten)
yur4ok: mucks hand
minigus575 collected $41.50 from pot
*** SUMMARY ***
Total pot $42 | Rake $0.50
Board [9s Th 8d Ks 4d]
Seat 1: yur4ok (big blind) mucked
Seat 2: minigus575 (button) (small blind) showed [7c 6h] and won ($41.50) with a straight, Six to Ten


PokerStars Hand #146221355567:  Hold'em Limit ($3/$6 USD) - 2015/12/31 7:08:00 ET
Table 'Transvaalia' 2-max Seat #1 is the button
Seat 1: yur4ok ($122.56 in chips)
Seat 2: minigus575 ($146.06 in chips)
yur4ok: posts small blind $1
minigus575: posts big blind $3
*** HOLE CARDS ***
yur4ok: raises $3 to $6
minigus575: calls $3
*** FLOP *** [9c Jc 9h]
minigus575: checks
yur4ok: bets $3
minigus575: calls $3
*** TURN *** [9c Jc 9h] [Jd]
minigus575: checks
yur4ok: bets $6
minigus575: calls $6
*** RIVER *** [9c Jc 9h Jd] [7s]
minigus575: checks
yur4ok: bets $6
minigus575: calls $6
*** SHOW DOWN ***
yur4ok: shows [Jh 2h] (a full house, Jacks full of Nines)
minigus575: mucks hand
yur4ok collected $41.50 from pot
*** SUMMARY ***
Total pot $42 | Rake $0.50
Board [9c Jc 9h Jd 7s]
Seat 1: yur4ok (button) (small blind) showed [Jh 2h] and won ($41.50) with a full house, Jacks full of Nines
Seat 2: minigus575 (big blind) mucked


PokerStars Hand #146221366422:  Hold'em Limit ($3/$6 USD) - 2015/12/31 7:08:18 ET
Table 'Transvaalia' 2-max Seat #2 is the button
Seat 1: yur4ok ($143.06 in chips)
Seat 2: minigus575 ($125.06 in chips)
minigus575: posts small blind $1
yur4ok: posts big blind $3
*** HOLE CARDS ***
minigus575: raises $3 to $6
yur4ok: folds
Uncalled bet ($3) returned to minigus575
minigus575 collected $6 from pot
minigus575: doesn't show hand
*** SUMMARY ***
Total pot $6 | Rake $0
Seat 1: yur4ok (big blind) folded before Flop
Seat 2: minigus575 (button) (small blind) collected ($6)


PokerStars Hand #146221369940:  Hold'em Limit ($3/$6 USD) - 2015/12/31 7:08:24 ET
Table 'Transvaalia' 2-max Seat #1 is the button
Seat 1: yur4ok ($140.06 in chips)
Seat 2: minigus575 ($128.06 in chips)
yur4ok: posts small blind $1
minigus575: posts big blind $3
*** HOLE CARDS ***
yur4ok: raises $3 to $6
minigus575: raises $3 to $9
yur4ok: calls $3
*** FLOP *** [5s 9c 5c]
minigus575: bets $3
yur4ok: calls $3
*** TURN *** [5s 9c 5c] [Kh]
minigus575: bets $6
yur4ok: raises $6 to $12
minigus575: calls $6
*** RIVER *** [5s 9c 5c Kh] [8c]
minigus575: bets $6
yur4ok: raises $6 to $12
minigus575: calls $6
*** SHOW DOWN ***
yur4ok: shows [Kd 9s] (two pair, Kings and Nines)
minigus575: shows [Jc Tc] (a flush, Jack high)
minigus575 collected $71.50 from pot
*** SUMMARY ***
Total pot $72 | Rake $0.50
Board [5s 9c 5c Kh 8c]
Seat 1: yur4ok (button) (small blind) showed [Kd 9s] and lost with two pair, Kings and Nines
Seat 2: minigus575 (big blind) showed [Jc Tc] and won ($71.50) with a flush, Jack high


PokerStars Hand #146221382680:  Hold'em Limit ($3/$6 USD) - 2015/12/31 7:08:45 ET
Table 'Transvaalia' 2-max Seat #2 is the button
Seat 1: yur4ok ($104.06 in chips)
Seat 2: minigus575 ($163.56 in chips)
minigus575: posts small blind $1
yur4ok: posts big blind $3
*** HOLE CARDS ***
minigus575: raises $3 to $6
yur4ok: calls $3
*** FLOP *** [3c Qh 2c]
yur4ok: checks
minigus575: bets $3
yur4ok: raises $3 to $6
minigus575: calls $3
*** TURN *** [3c Qh 2c] [Jc]
yur4ok: bets $6
minigus575: calls $6
*** RIVER *** [3c Qh 2c Jc] [4c]
yur4ok: bets $6
minigus575: calls $6
*** SHOW DOWN ***
yur4ok: shows [Qd 5h] (a pair of Queens)
minigus575: shows [7c Ah] (a flush, Jack high)
minigus575 collected $47.50 from pot
*** SUMMARY ***
Total pot $48 | Rake $0.50
Board [3c Qh 2c Jc 4c]
Seat 1: yur4ok (big blind) showed [Qd 5h] and lost with a pair of Queens
Seat 2: minigus575 (button) (small blind) showed [7c Ah] and won ($47.50) with a flush, Jack high


PokerStars Hand #146221397071:  Hold'em Limit ($3/$6 USD) - 2015/12/31 7:09:08 ET
Table 'Transvaalia' 2-max Seat #1 is the button
Seat 1: yur4ok ($80.06 in chips)
Seat 2: minigus575 ($187.06 in chips)
yur4ok: posts small blind $1
minigus575: posts big blind $3
*** HOLE CARDS ***
yur4ok: raises $3 to $6
minigus575: calls $3
*** FLOP *** [Qh 7h 6s]
minigus575: checks
yur4ok: checks
*** TURN *** [Qh 7h 6s] [Kd]
minigus575: bets $6
yur4ok: folds
Uncalled bet ($6) returned to minigus575
minigus575 collected $11.76 from pot
minigus575: doesn't show hand
*** SUMMARY ***
Total pot $12 | Rake $0.24
Board [Qh 7h 6s Kd]
Seat 1: yur4ok (button) (small blind) folded on the Turn
Seat 2: minigus575 (big blind) collected ($11.76)


PokerStars Hand #146221405845:  Hold'em Limit ($3/$6 USD) - 2015/12/31 7:09:23 ET
Table 'Transvaalia' 2-max Seat #2 is the button
Seat 1: yur4ok ($74.06 in chips)
Seat 2: minigus575 ($192.82 in chips)
minigus575: posts small blind $1
yur4ok: posts big blind $3
*** HOLE CARDS ***
minigus575: raises $3 to $6
yur4ok: calls $3
*** FLOP *** [5h 5d 7c]
yur4ok: checks
minigus575: bets $3
yur4ok: calls $3
*** TURN *** [5h 5d 7c] [Jd]
yur4ok: checks
minigus575: bets $6
yur4ok: folds
Uncalled bet ($6) returned to minigus575
minigus575 collected $17.64 from pot
minigus575: doesn't show hand
*** SUMMARY ***
Total pot $18 | Rake $0.36
Board [5h 5d 7c Jd]
Seat 1: yur4ok (big blind) folded on the Turn
Seat 2: minigus575 (button) (small blind) collected ($17.64)


PokerStars Hand #146221413821:  Hold'em Limit ($3/$6 USD) - 2015/12/31 7:09:36 ET
Table 'Transvaalia' 2-max Seat #1 is the button
Seat 1: yur4ok ($72 in chips)
Seat 2: minigus575 ($201.46 in chips)
yur4ok: posts small blind $1
minigus575: posts big blind $3
*** HOLE CARDS ***
yur4ok: raises $3 to $6
minigus575: calls $3
*** FLOP *** [9d Qd Ah]
minigus575: checks
yur4ok: bets $3
minigus575: calls $3
*** TURN *** [9d Qd Ah] [7c]
minigus575: checks
yur4ok: bets $6
minigus575: folds
Uncalled bet ($6) returned to yur4ok
yur4ok collected $17.64 from pot
yur4ok: doesn't show hand
*** SUMMARY ***
Total pot $18 | Rake $0.36
Board [9d Qd Ah 7c]
Seat 1: yur4ok (button) (small blind) collected ($17.64)
Seat 2: minigus575 (big blind) folded on the Turn


PokerStars Hand #146221422063:  Hold'em Limit ($3/$6 USD) - 2015/12/31 7:09:49 ET
Table 'Transvaalia' 2-max Seat #2 is the button
Seat 1: yur4ok ($80.64 in chips)
Seat 2: minigus575 ($192.46 in chips)
minigus575: posts small blind $1
yur4ok: posts big blind $3
*** HOLE CARDS ***
minigus575: raises $3 to $6
yur4ok: calls $3
*** FLOP *** [Js Qh 8d]
yur4ok: checks
minigus575: bets $3
yur4ok: folds
Uncalled bet ($3) returned to minigus575
minigus575 collected $11.76 from pot
minigus575: doesn't show hand
*** SUMMARY ***
Total pot $12 | Rake $0.24
Board [Js Qh 8d]
Seat 1: yur4ok (big blind) folded on the Flop
Seat 2: minigus575 (button) (small blind) collected ($11.76)


PokerStars Hand #146221434806:  Hold'em Limit ($3/$6 USD) - 2015/12/31 7:10:10 ET
Table 'Transvaalia' 2-max Seat #2 is the button
Seat 1: yur4ok ($80.40 in chips)
Seat 2: minigus575 ($192.22 in chips)
minigus575: posts small blind $1
yur4ok: posts big blind $3
*** HOLE CARDS ***
minigus575: raises $3 to $6
yur4ok: folds
Uncalled bet ($3) returned to minigus575
minigus575 collected $6 from pot
minigus575: doesn't show hand
*** SUMMARY ***
Total pot $6 | Rake $0
Seat 1: yur4ok (big blind) folded before Flop
Seat 2: minigus575 (button) (small blind) collected ($6)


PokerStars Hand #146221429313:  Hold'em Limit ($3/$6 USD) - 2015/12/31 7:10:01 ET
Table 'Transvaalia' 2-max Seat #1 is the button
Seat 1: yur4ok ($74.64 in chips)
Seat 2: minigus575 ($198.22 in chips)
yur4ok: posts small blind $1
minigus575: posts big blind $3
*** HOLE CARDS ***
yur4ok: raises $3 to $6
minigus575: calls $3
*** FLOP *** [7h 2h Ac]
minigus575: checks
yur4ok: bets $3
minigus575: folds
Uncalled bet ($3) returned to yur4ok
yur4ok collected $11.76 from pot
yur4ok: doesn't show hand
*** SUMMARY ***
Total pot $12 | Rake $0.24
Board [7h 2h Ac]
Seat 1: yur4ok (button) (small blind) collected ($11.76)
Seat 2: minigus575 (big blind) folded on the Flop


PokerStars Hand #146221438054:  Hold'em Limit ($3/$6 USD) - 2015/12/31 7:10:15 ET
Table 'Transvaalia' 2-max Seat #1 is the button
Seat 1: yur4ok ($77.40 in chips)
Seat 2: minigus575 ($195.22 in chips)
yur4ok: posts small blind $1
minigus575: posts big blind $3
*** HOLE CARDS ***
yur4ok: raises $3 to $6
minigus575: folds
Uncalled bet ($3) returned to yur4ok
yur4ok collected $6 from pot
yur4ok: doesn't show hand
*** SUMMARY ***
Total pot $6 | Rake $0
Seat 1: yur4ok (button) (small blind) collected ($6)
Seat 2: minigus575 (big blind) folded before Flop


PokerStars Hand #146221440914:  Hold'em Limit ($3/$6 USD) - 2015/12/31 7:10:20 ET
Table 'Transvaalia' 2-max Seat #2 is the button
Seat 1: yur4ok ($80.40 in chips)
Seat 2: minigus575 ($192.22 in chips)
minigus575: posts small blind $1
yur4ok: posts big blind $3
*** HOLE CARDS ***
minigus575: raises $3 to $6
yur4ok: calls $3
*** FLOP *** [9h 4d Qh]
yur4ok: checks
minigus575: bets $3
yur4ok: calls $3
*** TURN *** [9h 4d Qh] [Jd]
yur4ok: checks
minigus575: bets $6
yur4ok: calls $6
*** RIVER *** [9h 4d Qh Jd] [Ac]
yur4ok: checks
minigus575: bets $6
yur4ok: folds
Uncalled bet ($6) returned to minigus575
minigus575 collected $29.50 from pot
minigus575: doesn't show hand
*** SUMMARY ***
Total pot $30 | Rake $0.50
Board [9h 4d Qh Jd Ac]
Seat 1: yur4ok (big blind) folded on the River
Seat 2: minigus575 (button) (small blind) collected ($29.50)


PokerStars Hand #146221449702:  Hold'em Limit ($3/$6 USD) - 2015/12/31 7:10:34 ET
Table 'Transvaalia' 2-max Seat #1 is the button
Seat 1: yur4ok ($72 in chips)
Seat 2: minigus575 ($206.72 in chips)
yur4ok: posts small blind $1
minigus575: posts big blind $3
*** HOLE CARDS ***
yur4ok: raises $3 to $6
minigus575: calls $3
*** FLOP *** [Qh Tc 2h]
minigus575: checks
yur4ok: bets $3
minigus575: calls $3
*** TURN *** [Qh Tc 2h] [Qd]
minigus575: checks
yur4ok: bets $6
minigus575: raises $6 to $12
yur4ok: folds
Uncalled bet ($6) returned to minigus575
minigus575 collected $29.50 from pot
minigus575: doesn't show hand
*** SUMMARY ***
Total pot $30 | Rake $0.50
Board [Qh Tc 2h Qd]
Seat 1: yur4ok (button) (small blind) folded on the Turn
Seat 2: minigus575 (big blind) collected ($29.50)


PokerStars Hand #146221459450:  Hold'em Limit ($3/$6 USD) - 2015/12/31 7:10:50 ET
Table 'Transvaalia' 2-max Seat #2 is the button
Seat 1: yur4ok ($72 in chips)
Seat 2: minigus575 ($221.22 in chips)
minigus575: posts small blind $1
yur4ok: posts big blind $3
*** HOLE CARDS ***
minigus575: raises $3 to $6
yur4ok: calls $3
*** FLOP *** [8h 9s Kh]
yur4ok: checks
minigus575: bets $3
yur4ok: folds
Uncalled bet ($3) returned to minigus575
minigus575 collected $11.76 from pot
minigus575: doesn't show hand
*** SUMMARY ***
Total pot $12 | Rake $0.24
Board [8h 9s Kh]
Seat 1: yur4ok (big blind) folded on the Flop
Seat 2: minigus575 (button) (small blind) collected ($11.76)


PokerStars Hand #146221471640:  Hold'em Limit ($3/$6 USD) - 2015/12/31 7:11:10 ET
Table 'Transvaalia' 2-max Seat #2 is the button
Seat 1: yur4ok ($77.76 in chips)
Seat 2: minigus575 ($220.98 in chips)
minigus575: posts small blind $1
yur4ok: posts big blind $3
*** HOLE CARDS ***
minigus575: raises $3 to $6
yur4ok: folds
Uncalled bet ($3) returned to minigus575
minigus575 collected $6 from pot
minigus575: doesn't show hand
*** SUMMARY ***
Total pot $6 | Rake $0
Seat 1: yur4ok (big blind) folded before Flop
Seat 2: minigus575 (button) (small blind) collected ($6)


PokerStars Hand #146221465269:  Hold'em Limit ($3/$6 USD) - 2015/12/31 7:10:59 ET
Table 'Transvaalia' 2-max Seat #1 is the button
Seat 1: yur4ok ($72 in chips)
Seat 2: minigus575 ($226.98 in chips)
yur4ok: posts small blind $1
minigus575: posts big blind $3
*** HOLE CARDS ***
yur4ok: raises $3 to $6
minigus575: calls $3
*** FLOP *** [Th 7d 9c]
minigus575: checks
yur4ok: bets $3
minigus575: folds
Uncalled bet ($3) returned to yur4ok
yur4ok collected $11.76 from pot
yur4ok: doesn't show hand
*** SUMMARY ***
Total pot $12 | Rake $0.24
Board [Th 7d 9c]
Seat 1: yur4ok (button) (small blind) collected ($11.76)
Seat 2: minigus575 (big blind) folded on the Flop


PokerStars Hand #146221475804:  Hold'em Limit ($3/$6 USD) - 2015/12/31 7:11:17 ET
Table 'Transvaalia' 2-max Seat #1 is the button
Seat 1: yur4ok ($74.76 in chips)
Seat 2: minigus575 ($223.98 in chips)
yur4ok: posts small blind $1
minigus575: posts big blind $3
*** HOLE CARDS ***
yur4ok: raises $3 to $6
minigus575: calls $3
*** FLOP *** [Js 4c Jh]
minigus575: checks
yur4ok: bets $3
minigus575: raises $3 to $6
yur4ok: folds
Uncalled bet ($3) returned to minigus575
minigus575 collected $17.64 from pot
minigus575: doesn't show hand
*** SUMMARY ***
Total pot $18 | Rake $0.36
Board [Js 4c Jh]
Seat 1: yur4ok (button) (small blind) folded on the Flop
Seat 2: minigus575 (big blind) collected ($17.64)


PokerStars Hand #146221483877:  Hold'em Limit ($3/$6 USD) - 2015/12/31 7:11:30 ET
Table 'Transvaalia' 2-max Seat #2 is the button
Seat 1: yur4ok ($72 in chips)
Seat 2: minigus575 ($232.62 in chips)
minigus575: posts small blind $1
yur4ok: posts big blind $3
*** HOLE CARDS ***
minigus575: raises $3 to $6
yur4ok: calls $3
*** FLOP *** [6d 5h 9h]
yur4ok: checks
minigus575: checks
*** TURN *** [6d 5h 9h] [Jh]
yur4ok: bets $6
minigus575: calls $6
*** RIVER *** [6d 5h 9h Jh] [2c]
yur4ok: bets $6
minigus575: folds
Uncalled bet ($6) returned to yur4ok
yur4ok collected $23.52 from pot
yur4ok: doesn't show hand
*** SUMMARY ***
Total pot $24 | Rake $0.48
Board [6d 5h 9h Jh 2c]
Seat 1: yur4ok (big blind) collected ($23.52)
Seat 2: minigus575 (button) (small blind) folded on the River


PokerStars Hand #146221508995:  Hold'em Limit ($3/$6 USD) - 2015/12/31 7:12:10 ET
Table 'Transvaalia' 2-max Seat #2 is the button
Seat 1: yur4ok ($110.02 in chips)
Seat 2: minigus575 ($193.62 in chips)
minigus575: posts small blind $1
yur4ok: posts big blind $3
*** HOLE CARDS ***
minigus575: raises $3 to $6
yur4ok: folds
Uncalled bet ($3) returned to minigus575
minigus575 collected $6 from pot
minigus575: doesn't show hand
*** SUMMARY ***
Total pot $6 | Rake $0
Seat 1: yur4ok (big blind) folded before Flop
Seat 2: minigus575 (button) (small blind) collected ($6)


PokerStars Hand #146221492907:  Hold'em Limit ($3/$6 USD) - 2015/12/31 7:11:44 ET
Table 'Transvaalia' 2-max Seat #1 is the button
Seat 1: yur4ok ($83.52 in chips)
Seat 2: minigus575 ($220.62 in chips)
yur4ok: posts small blind $1
minigus575: posts big blind $3
*** HOLE CARDS ***
yur4ok: raises $3 to $6
minigus575: calls $3
*** FLOP *** [8s 4h 2s]
minigus575: checks
yur4ok: bets $3
minigus575: calls $3
*** TURN *** [8s 4h 2s] [Qc]
minigus575: checks
yur4ok: bets $6
minigus575: raises $6 to $12
yur4ok: calls $6
*** RIVER *** [8s 4h 2s Qc] [8c]
minigus575: bets $6
yur4ok: raises $6 to $12
minigus575: folds
Uncalled bet ($6) returned to yur4ok
yur4ok collected $53.50 from pot
yur4ok: doesn't show hand
*** SUMMARY ***
Total pot $54 | Rake $0.50
Board [8s 4h 2s Qc 8c]
Seat 1: yur4ok (button) (small blind) collected ($53.50)
Seat 2: minigus575 (big blind) folded on the River


PokerStars Hand #146221516104:  Hold'em Limit ($3/$6 USD) - 2015/12/31 7:12:22 ET
Table 'Transvaalia' 2-max Seat #2 is the button
Seat 1: yur4ok ($110.02 in chips)
Seat 2: minigus575 ($193.62 in chips)
minigus575: posts small blind $1
yur4ok: posts big blind $3
*** HOLE CARDS ***
minigus575: raises $3 to $6
yur4ok: folds
Uncalled bet ($3) returned to minigus575
minigus575 collected $6 from pot
minigus575: doesn't show hand
*** SUMMARY ***
Total pot $6 | Rake $0
Seat 1: yur4ok (big blind) folded before Flop
Seat 2: minigus575 (button) (small blind) collected ($6)


PokerStars Hand #146221512685:  Hold'em Limit ($3/$6 USD) - 2015/12/31 7:12:16 ET
Table 'Transvaalia' 2-max Seat #1 is the button
Seat 1: yur4ok ($107.02 in chips)
Seat 2: minigus575 ($196.62 in chips)
yur4ok: posts small blind $1
minigus575: posts big blind $3
*** HOLE CARDS ***
yur4ok: raises $3 to $6
minigus575: folds
Uncalled bet ($3) returned to yur4ok
yur4ok collected $6 from pot
yur4ok: doesn't show hand
*** SUMMARY ***
Total pot $6 | Rake $0
Seat 1: yur4ok (button) (small blind) collected ($6)
Seat 2: minigus575 (big blind) folded before Flop


PokerStars Hand #146221518885:  Hold'em Limit ($3/$6 USD) - 2015/12/31 7:12:26 ET
Table 'Transvaalia' 2-max Seat #1 is the button
Seat 1: yur4ok ($107.02 in chips)
Seat 2: minigus575 ($196.62 in chips)
yur4ok: posts small blind $1
minigus575: posts big blind $3
*** HOLE CARDS ***
yur4ok: raises $3 to $6
minigus575: calls $3
*** FLOP *** [9s Td Jh]
minigus575: checks
yur4ok: bets $3
minigus575: calls $3
*** TURN *** [9s Td Jh] [7d]
minigus575: checks
yur4ok: bets $6
minigus575: folds
Uncalled bet ($6) returned to yur4ok
yur4ok collected $17.64 from pot
yur4ok: doesn't show hand
*** SUMMARY ***
Total pot $18 | Rake $0.36
Board [9s Td Jh 7d]
Seat 1: yur4ok (button) (small blind) collected ($17.64)
Seat 2: minigus575 (big blind) folded on the Turn


PokerStars Hand #146221536236:  Hold'em Limit ($3/$6 USD) - 2015/12/31 7:12:55 ET
Table 'Transvaalia' 2-max Seat #1 is the button
Seat 1: yur4ok ($133.16 in chips)
Seat 2: minigus575 ($169.62 in chips)
yur4ok: posts small blind $1
minigus575: posts big blind $3
*** HOLE CARDS ***
yur4ok: folds
Uncalled bet ($2) returned to minigus575
minigus575 collected $2 from pot
minigus575: doesn't show hand
*** SUMMARY ***
Total pot $2 | Rake $0
Seat 1: yur4ok (button) (small blind) folded before Flop
Seat 2: minigus575 (big blind) collected ($2)


PokerStars Hand #146221528217:  Hold'em Limit ($3/$6 USD) - 2015/12/31 7:12:42 ET
Table 'Transvaalia' 2-max Seat #2 is the button
Seat 1: yur4ok ($115.66 in chips)
Seat 2: minigus575 ($187.62 in chips)
minigus575: posts small blind $1
yur4ok: posts big blind $3
*** HOLE CARDS ***
minigus575: raises $3 to $6
yur4ok: calls $3
*** FLOP *** [2d 9c 4s]
yur4ok: checks
minigus575: checks
*** TURN *** [2d 9c 4s] [4h]
yur4ok: bets $6
minigus575: calls $6
*** RIVER *** [2d 9c 4s 4h] [Qd]
yur4ok: bets $6
minigus575: calls $6
*** SHOW DOWN ***
yur4ok: shows [7c 9s] (two pair, Nines and Fours)
minigus575: mucks hand
yur4ok collected $35.50 from pot
*** SUMMARY ***
Total pot $36 | Rake $0.50
Board [2d 9c 4s 4h Qd]
Seat 1: yur4ok (big blind) showed [7c 9s] and won ($35.50) with two pair, Nines and Fours
Seat 2: minigus575 (button) (small blind) mucked


PokerStars Hand #146221539128:  Hold'em Limit ($3/$6 USD) - 2015/12/31 7:13:00 ET
Table 'Transvaalia' 2-max Seat #2 is the button
Seat 1: yur4ok ($132.16 in chips)
Seat 2: minigus575 ($170.62 in chips)
minigus575: posts small blind $1
yur4ok: posts big blind $3
*** HOLE CARDS ***
minigus575: raises $3 to $6
yur4ok: calls $3
*** FLOP *** [3d 4d 5s]
yur4ok: checks
minigus575: bets $3
yur4ok: folds
Uncalled bet ($3) returned to minigus575
minigus575 collected $11.76 from pot
minigus575: doesn't show hand
*** SUMMARY ***
Total pot $12 | Rake $0.24
Board [3d 4d 5s]
Seat 1: yur4ok (big blind) folded on the Flop
Seat 2: minigus575 (button) (small blind) collected ($11.76)


PokerStars Hand #146221544590:  Hold'em Limit ($3/$6 USD) - 2015/12/31 7:13:09 ET
Table 'Transvaalia' 2-max Seat #1 is the button
Seat 1: yur4ok ($126.16 in chips)
Seat 2: minigus575 ($176.38 in chips)
yur4ok: posts small blind $1
minigus575: posts big blind $3
*** HOLE CARDS ***
yur4ok: raises $3 to $6
minigus575: calls $3
*** FLOP *** [Jd Ac 3d]
minigus575: checks
yur4ok: bets $3
minigus575: raises $3 to $6
yur4ok: calls $3
*** TURN *** [Jd Ac 3d] [4d]
minigus575: bets $6
yur4ok: calls $6
*** RIVER *** [Jd Ac 3d 4d] [Kc]
minigus575: bets $6
yur4ok: calls $6
*** SHOW DOWN ***
minigus575: shows [9d 5d] (a flush, Jack high)
yur4ok: mucks hand
minigus575 collected $47.50 from pot
*** SUMMARY ***
Total pot $48 | Rake $0.50
Board [Jd Ac 3d 4d Kc]
Seat 1: yur4ok (button) (small blind) mucked
Seat 2: minigus575 (big blind) showed [9d 5d] and won ($47.50) with a flush, Jack high


PokerStars Hand #146221556268:  Hold'em Limit ($3/$6 USD) - 2015/12/31 7:13:27 ET
Table 'Transvaalia' 2-max Seat #2 is the button
Seat 1: yur4ok ($102.16 in chips)
Seat 2: minigus575 ($199.88 in chips)
minigus575: posts small blind $1
yur4ok: posts big blind $3
*** HOLE CARDS ***
minigus575: raises $3 to $6
yur4ok: calls $3
*** FLOP *** [8c 6c 6s]
yur4ok: checks
minigus575: bets $3
yur4ok: calls $3
*** TURN *** [8c 6c 6s] [Qd]
yur4ok: checks
minigus575: checks
*** RIVER *** [8c 6c 6s Qd] [Th]
yur4ok: checks
minigus575: bets $6
yur4ok: folds
Uncalled bet ($6) returned to minigus575
minigus575 collected $17.64 from pot
minigus575: doesn't show hand
*** SUMMARY ***
Total pot $18 | Rake $0.36
Board [8c 6c 6s Qd Th]
Seat 1: yur4ok (big blind) folded on the River
Seat 2: minigus575 (button) (small blind) collected ($17.64)


PokerStars Hand #146221568657:  Hold'em Limit ($3/$6 USD) - 2015/12/31 7:13:48 ET
Table 'Transvaalia' 2-max Seat #1 is the button
Seat 1: yur4ok ($93.16 in chips)
Seat 2: minigus575 ($208.52 in chips)
yur4ok: posts small blind $1
minigus575: posts big blind $3
*** HOLE CARDS ***
yur4ok: raises $3 to $6
minigus575: calls $3
*** FLOP *** [6d 2h 7c]
minigus575: checks
yur4ok: checks
*** TURN *** [6d 2h 7c] [5d]
minigus575: bets $6
yur4ok: folds
Uncalled bet ($6) returned to minigus575
minigus575 collected $11.76 from pot
minigus575: doesn't show hand
*** SUMMARY ***
Total pot $12 | Rake $0.24
Board [6d 2h 7c 5d]
Seat 1: yur4ok (button) (small blind) folded on the Turn
Seat 2: minigus575 (big blind) collected ($11.76)


PokerStars Hand #146221577705:  Hold'em Limit ($3/$6 USD) - 2015/12/31 7:14:02 ET
Table 'Transvaalia' 2-max Seat #2 is the button
Seat 1: yur4ok ($87.16 in chips)
Seat 2: minigus575 ($214.28 in chips)
minigus575: posts small blind $1
yur4ok: posts big blind $3
*** HOLE CARDS ***
minigus575: raises $3 to $6
yur4ok: calls $3
*** FLOP *** [2c Ac Kc]
yur4ok: checks
minigus575: bets $3
yur4ok: calls $3
*** TURN *** [2c Ac Kc] [6h]
yur4ok: checks
minigus575: checks
*** RIVER *** [2c Ac Kc 6h] [As]
yur4ok: bets $6
minigus575: folds
Uncalled bet ($6) returned to yur4ok
yur4ok collected $17.64 from pot
yur4ok: doesn't show hand
*** SUMMARY ***
Total pot $18 | Rake $0.36
Board [2c Ac Kc 6h As]
Seat 1: yur4ok (big blind) collected ($17.64)
Seat 2: minigus575 (button) (small blind) folded on the River


PokerStars Hand #146221587235:  Hold'em Limit ($3/$6 USD) - 2015/12/31 7:14:18 ET
Table 'Transvaalia' 2-max Seat #1 is the button
Seat 1: yur4ok ($95.80 in chips)
Seat 2: minigus575 ($205.28 in chips)
yur4ok: posts small blind $1
minigus575: posts big blind $3
*** HOLE CARDS ***
yur4ok: raises $3 to $6
minigus575: calls $3
*** FLOP *** [4s Jd 7d]
minigus575: checks
yur4ok: bets $3
minigus575: calls $3
*** TURN *** [4s Jd 7d] [Qs]
minigus575: checks
yur4ok: bets $6
minigus575: raises $6 to $12
yur4ok: calls $6
*** RIVER *** [4s Jd 7d Qs] [2s]
minigus575: bets $6
yur4ok: raises $6 to $12
minigus575: calls $6
*** SHOW DOWN ***
yur4ok: shows [9s 8s] (a flush, Queen high)
minigus575: mucks hand
yur4ok collected $65.50 from pot
*** SUMMARY ***
Total pot $66 | Rake $0.50
Board [4s Jd 7d Qs 2s]
Seat 1: yur4ok (button) (small blind) showed [9s 8s] and won ($65.50) with a flush, Queen high
Seat 2: minigus575 (big blind) mucked


PokerStars Hand #146221598959:  Hold'em Limit ($3/$6 USD) - 2015/12/31 7:14:37 ET
Table 'Transvaalia' 2-max Seat #2 is the button
Seat 1: yur4ok ($128.30 in chips)
Seat 2: minigus575 ($172.28 in chips)
minigus575: posts small blind $1
yur4ok: posts big blind $3
*** HOLE CARDS ***
minigus575: raises $3 to $6
yur4ok: calls $3
*** FLOP *** [5s Jd 2c]
yur4ok: checks
minigus575: bets $3
yur4ok: raises $3 to $6
minigus575: calls $3
*** TURN *** [5s Jd 2c] [7c]
yur4ok: bets $6
minigus575: folds
Uncalled bet ($6) returned to yur4ok
yur4ok collected $23.52 from pot
yur4ok: doesn't show hand
*** SUMMARY ***
Total pot $24 | Rake $0.48
Board [5s Jd 2c 7c]
Seat 1: yur4ok (big blind) collected ($23.52)
Seat 2: minigus575 (button) (small blind) folded on the Turn


PokerStars Hand #146221606597:  Hold'em Limit ($3/$6 USD) - 2015/12/31 7:14:49 ET
Table 'Transvaalia' 2-max Seat #1 is the button
Seat 1: yur4ok ($139.82 in chips)
Seat 2: minigus575 ($160.28 in chips)
yur4ok: posts small blind $1
minigus575: posts big blind $3
*** HOLE CARDS ***
yur4ok: raises $3 to $6
minigus575: calls $3
*** FLOP *** [8c 3c Ad]
minigus575: checks
yur4ok: bets $3
minigus575: folds
Uncalled bet ($3) returned to yur4ok
yur4ok collected $11.76 from pot
yur4ok: doesn't show hand
*** SUMMARY ***
Total pot $12 | Rake $0.24
Board [8c 3c Ad]
Seat 1: yur4ok (button) (small blind) collected ($11.76)
Seat 2: minigus575 (big blind) folded on the Flop


PokerStars Hand #146221613395:  Hold'em Limit ($3/$6 USD) - 2015/12/31 7:15:00 ET
Table 'Transvaalia' 2-max Seat #2 is the button
Seat 1: yur4ok ($145.58 in chips)
Seat 2: minigus575 ($154.28 in chips)
minigus575: posts small blind $1
yur4ok: posts big blind $3
*** HOLE CARDS ***
minigus575: raises $3 to $6
yur4ok: calls $3
*** FLOP *** [4c 8h Ts]
yur4ok: checks
minigus575: checks
*** TURN *** [4c 8h Ts] [Th]
yur4ok: checks
minigus575: checks
*** RIVER *** [4c 8h Ts Th] [4h]
yur4ok: checks
minigus575: bets $6
yur4ok: folds
Uncalled bet ($6) returned to minigus575
minigus575 collected $11.76 from pot
minigus575: doesn't show hand
*** SUMMARY ***
Total pot $12 | Rake $0.24
Board [4c 8h Ts Th 4h]
Seat 1: yur4ok (big blind) folded on the River
Seat 2: minigus575 (button) (small blind) collected ($11.76)


PokerStars Hand #146221625784:  Hold'em Limit ($3/$6 USD) - 2015/12/31 7:15:20 ET
Table 'Transvaalia' 2-max Seat #1 is the button
Seat 1: yur4ok ($139.58 in chips)
Seat 2: minigus575 ($160.04 in chips)
yur4ok: posts small blind $1
minigus575: posts big blind $3
*** HOLE CARDS ***
yur4ok: raises $3 to $6
minigus575: calls $3
*** FLOP *** [3d 5d Qc]
minigus575: checks
yur4ok: bets $3
minigus575: calls $3
*** TURN *** [3d 5d Qc] [Td]
minigus575: checks
yur4ok: bets $6
minigus575: folds
Uncalled bet ($6) returned to yur4ok
yur4ok collected $17.64 from pot
yur4ok: doesn't show hand
*** SUMMARY ***
Total pot $18 | Rake $0.36
Board [3d 5d Qc Td]
Seat 1: yur4ok (button) (small blind) collected ($17.64)
Seat 2: minigus575 (big blind) folded on the Turn


PokerStars Hand #146221635700:  Hold'em Limit ($3/$6 USD) - 2015/12/31 7:15:36 ET
Table 'Transvaalia' 2-max Seat #2 is the button
Seat 1: yur4ok ($148.22 in chips)
Seat 2: minigus575 ($151.04 in chips)
minigus575: posts small blind $1
yur4ok: posts big blind $3
*** HOLE CARDS ***
minigus575: raises $3 to $6
yur4ok: calls $3
*** FLOP *** [Kh 7d Ad]
yur4ok: checks
minigus575: bets $3
yur4ok: folds
Uncalled bet ($3) returned to minigus575
minigus575 collected $11.76 from pot
minigus575: doesn't show hand
*** SUMMARY ***
Total pot $12 | Rake $0.24
Board [Kh 7d Ad]
Seat 1: yur4ok (big blind) folded on the Flop
Seat 2: minigus575 (button) (small blind) collected ($11.76)


PokerStars Hand #146221646808:  Hold'em Limit ($3/$6 USD) - 2015/12/31 7:15:54 ET
Table 'Transvaalia' 2-max Seat #1 is the button
Seat 1: yur4ok ($142.22 in chips)
Seat 2: minigus575 ($156.80 in chips)
yur4ok: posts small blind $1
minigus575: posts big blind $3
*** HOLE CARDS ***
yur4ok: raises $3 to $6
minigus575: calls $3
*** FLOP *** [6s 4c Ks]
minigus575: checks
yur4ok: bets $3
minigus575: folds
Uncalled bet ($3) returned to yur4ok
yur4ok collected $11.76 from pot
yur4ok: doesn't show hand
*** SUMMARY ***
Total pot $12 | Rake $0.24
Board [6s 4c Ks]
Seat 1: yur4ok (button) (small blind) collected ($11.76)
Seat 2: minigus575 (big blind) folded on the Flop


PokerStars Hand #146221652395:  Hold'em Limit ($3/$6 USD) - 2015/12/31 7:16:03 ET
Table 'Transvaalia' 2-max Seat #2 is the button
Seat 1: yur4ok ($147.98 in chips)
Seat 2: minigus575 ($150.80 in chips)
minigus575: posts small blind $1
yur4ok: posts big blind $3
*** HOLE CARDS ***
minigus575: raises $3 to $6
yur4ok: calls $3
*** FLOP *** [8h 5c Js]
yur4ok: checks
minigus575: bets $3
yur4ok: calls $3
*** TURN *** [8h 5c Js] [9c]
yur4ok: checks
minigus575: checks
*** RIVER *** [8h 5c Js 9c] [6c]
yur4ok: bets $6
minigus575: folds
Uncalled bet ($6) returned to yur4ok
yur4ok collected $17.64 from pot
yur4ok: doesn't show hand
*** SUMMARY ***
Total pot $18 | Rake $0.36
Board [8h 5c Js 9c 6c]
Seat 1: yur4ok (big blind) collected ($17.64)
Seat 2: minigus575 (button) (small blind) folded on the River


PokerStars Hand #146221662447:  Hold'em Limit ($3/$6 USD) - 2015/12/31 7:16:19 ET
Table 'Transvaalia' 2-max Seat #1 is the button
Seat 1: yur4ok ($156.62 in chips)
Seat 2: minigus575 ($141.80 in chips)
yur4ok: posts small blind $1
minigus575: posts big blind $3
*** HOLE CARDS ***
yur4ok: raises $3 to $6
minigus575: folds
Uncalled bet ($3) returned to yur4ok
yur4ok collected $6 from pot
yur4ok: doesn't show hand
*** SUMMARY ***
Total pot $6 | Rake $0
Seat 1: yur4ok (button) (small blind) collected ($6)
Seat 2: minigus575 (big blind) folded before Flop


PokerStars Hand #146221665502:  Hold'em Limit ($3/$6 USD) - 2015/12/31 7:16:24 ET
Table 'Transvaalia' 2-max Seat #2 is the button
Seat 1: yur4ok ($159.62 in chips)
Seat 2: minigus575 ($138.80 in chips)
minigus575: posts small blind $1
yur4ok: posts big blind $3
*** HOLE CARDS ***
minigus575: raises $3 to $6
yur4ok: calls $3
*** FLOP *** [Ac 2c Kd]
yur4ok: checks
minigus575: bets $3
yur4ok: folds
Uncalled bet ($3) returned to minigus575
minigus575 collected $11.76 from pot
minigus575: doesn't show hand
*** SUMMARY ***
Total pot $12 | Rake $0.24
Board [Ac 2c Kd]
Seat 1: yur4ok (big blind) folded on the Flop
Seat 2: minigus575 (button) (small blind) collected ($11.76)


PokerStars Hand #146221673044:  Hold'em Limit ($3/$6 USD) - 2015/12/31 7:16:36 ET
Table 'Transvaalia' 2-max Seat #1 is the button
Seat 1: yur4ok ($153.62 in chips)
Seat 2: minigus575 ($144.56 in chips)
yur4ok: posts small blind $1
minigus575: posts big blind $3
*** HOLE CARDS ***
yur4ok: raises $3 to $6
minigus575: calls $3
*** FLOP *** [6h 4d 2h]
minigus575: checks
yur4ok: bets $3
minigus575: raises $3 to $6
yur4ok: calls $3
*** TURN *** [6h 4d 2h] [Kd]
minigus575: bets $6
yur4ok: calls $6
*** RIVER *** [6h 4d 2h Kd] [9c]
minigus575: bets $6
yur4ok: calls $6
*** SHOW DOWN ***
minigus575: shows [8s 6s] (a pair of Sixes)
yur4ok: mucks hand
minigus575 collected $47.50 from pot
*** SUMMARY ***
Total pot $48 | Rake $0.50
Board [6h 4d 2h Kd 9c]
Seat 1: yur4ok (button) (small blind) mucked
Seat 2: minigus575 (big blind) showed [8s 6s] and won ($47.50) with a pair of Sixes


PokerStars Hand #146221696011:  Hold'em Limit ($3/$6 USD) - 2015/12/31 7:17:14 ET
Table 'Transvaalia' 2-max Seat #1 is the button
Seat 1: yur4ok ($120.62 in chips)
Seat 2: minigus575 ($176.70 in chips)
yur4ok: posts small blind $1
minigus575: posts big blind $3
*** HOLE CARDS ***
yur4ok: raises $3 to $6
minigus575: folds
Uncalled bet ($3) returned to yur4ok
yur4ok collected $6 from pot
yur4ok: doesn't show hand
*** SUMMARY ***
Total pot $6 | Rake $0
Seat 1: yur4ok (button) (small blind) collected ($6)
Seat 2: minigus575 (big blind) folded before Flop


PokerStars Hand #146221685242:  Hold'em Limit ($3/$6 USD) - 2015/12/31 7:16:56 ET
Table 'Transvaalia' 2-max Seat #2 is the button
Seat 1: yur4ok ($129.62 in chips)
Seat 2: minigus575 ($168.06 in chips)
minigus575: posts small blind $1
yur4ok: posts big blind $3
*** HOLE CARDS ***
minigus575: raises $3 to $6
yur4ok: calls $3
*** FLOP *** [8h Qd Td]
yur4ok: checks
minigus575: bets $3
yur4ok: calls $3
*** TURN *** [8h Qd Td] [Qh]
yur4ok: checks
minigus575: bets $6
yur4ok: folds
Uncalled bet ($6) returned to minigus575
minigus575 collected $17.64 from pot
minigus575: doesn't show hand
*** SUMMARY ***
Total pot $18 | Rake $0.36
Board [8h Qd Td Qh]
Seat 1: yur4ok (big blind) folded on the Turn
Seat 2: minigus575 (button) (small blind) collected ($17.64)


PokerStars Hand #146221712378:  Hold'em Limit ($3/$6 USD) - 2015/12/31 7:17:40 ET
Table 'Transvaalia' 2-max Seat #2 is the button
Seat 1: yur4ok ($136.14 in chips)
Seat 2: minigus575 ($160.70 in chips)
minigus575: posts small blind $1
yur4ok: posts big blind $3
*** HOLE CARDS ***
minigus575: raises $3 to $6
yur4ok: raises $3 to $9
minigus575: calls $3
*** FLOP *** [9h 2c Jd]
yur4ok: bets $3
minigus575: calls $3
*** TURN *** [9h 2c Jd] [Tc]
yur4ok: bets $6
minigus575: calls $6
*** RIVER *** [9h 2c Jd Tc] [6s]
yur4ok: bets $6
minigus575: raises $6 to $12
yur4ok: calls $6
*** SHOW DOWN ***
minigus575: shows [6d 9d] (two pair, Nines and Sixes)
yur4ok: shows [9s Ts] (two pair, Tens and Nines)
yur4ok collected $59.50 from pot
*** SUMMARY ***
Total pot $60 | Rake $0.50
Board [9h 2c Jd Tc 6s]
Seat 1: yur4ok (big blind) showed [9s Ts] and won ($59.50) with two pair, Tens and Nines
Seat 2: minigus575 (button) (small blind) showed [6d 9d] and lost with two pair, Nines and Sixes


PokerStars Hand #146221702643:  Hold'em Limit ($3/$6 USD) - 2015/12/31 7:17:24 ET
Table 'Transvaalia' 2-max Seat #1 is the button
Seat 1: yur4ok ($124.62 in chips)
Seat 2: minigus575 ($172.70 in chips)
yur4ok: posts small blind $1
minigus575: posts big blind $3
*** HOLE CARDS ***
yur4ok: raises $3 to $6
minigus575: calls $3
*** FLOP *** [Qh Td Qd]
minigus575: checks
yur4ok: bets $3
minigus575: raises $3 to $6
yur4ok: calls $3
*** TURN *** [Qh Td Qd] [8s]
minigus575: checks
yur4ok: bets $6
minigus575: folds
Uncalled bet ($6) returned to yur4ok
yur4ok collected $23.52 from pot
yur4ok: doesn't show hand
*** SUMMARY ***
Total pot $24 | Rake $0.48
Board [Qh Td Qd 8s]
Seat 1: yur4ok (button) (small blind) collected ($23.52)
Seat 2: minigus575 (big blind) folded on the Turn


PokerStars Hand #146221699685:  Hold'em Limit ($3/$6 USD) - 2015/12/31 7:17:19 ET
Table 'Transvaalia' 2-max Seat #2 is the button
Seat 1: yur4ok ($123.62 in chips)
Seat 2: minigus575 ($173.70 in chips)
minigus575: posts small blind $1
yur4ok: posts big blind $3
*** HOLE CARDS ***
minigus575: folds
Uncalled bet ($2) returned to yur4ok
yur4ok collected $2 from pot
yur4ok: doesn't show hand
*** SUMMARY ***
Total pot $2 | Rake $0
Seat 1: yur4ok (big blind) collected ($2)
Seat 2: minigus575 (button) (small blind) folded before Flop


PokerStars Hand #146221748669:  Hold'em Limit ($3/$6 USD) - 2015/12/31 7:18:38 ET
Table 'Transvaalia' 2-max Seat #1 is the button
Seat 1: yur4ok ($150.14 in chips)
Seat 2: minigus575 ($145.20 in chips)
yur4ok: posts small blind $1
minigus575: posts big blind $3
*** HOLE CARDS ***
yur4ok: raises $3 to $6
minigus575: calls $3
*** FLOP *** [9d 3c 9h]
minigus575: checks
yur4ok: checks
*** TURN *** [9d 3c 9h] [8h]
minigus575: bets $6
yur4ok: folds
Uncalled bet ($6) returned to minigus575
minigus575 collected $11.76 from pot
minigus575: doesn't show hand
*** SUMMARY ***
Total pot $12 | Rake $0.24
Board [9d 3c 9h 8h]
Seat 1: yur4ok (button) (small blind) folded on the Turn
Seat 2: minigus575 (big blind) collected ($11.76)


PokerStars Hand #146221737360:  Hold'em Limit ($3/$6 USD) - 2015/12/31 7:18:20 ET
Table 'Transvaalia' 2-max Seat #2 is the button
Seat 1: yur4ok ($180.14 in chips)
Seat 2: minigus575 ($115.70 in chips)
minigus575: posts small blind $1
yur4ok: posts big blind $3
*** HOLE CARDS ***
minigus575: raises $3 to $6
yur4ok: calls $3
*** FLOP *** [9d Kc 2h]
yur4ok: checks
minigus575: bets $3
yur4ok: raises $3 to $6
minigus575: calls $3
*** TURN *** [9d Kc 2h] [4d]
yur4ok: bets $6
minigus575: raises $6 to $12
yur4ok: calls $6
*** RIVER *** [9d Kc 2h 4d] [2d]
yur4ok: checks
minigus575: bets $6
yur4ok: calls $6
*** SHOW DOWN ***
minigus575: shows [Ad Kd] (a flush, Ace high)
yur4ok: mucks hand
minigus575 collected $59.50 from pot
*** SUMMARY ***
Total pot $60 | Rake $0.50
Board [9d Kc 2h 4d 2d]
Seat 1: yur4ok (big blind) mucked
Seat 2: minigus575 (button) (small blind) showed [Ad Kd] and won ($59.50) with a flush, Ace high


PokerStars Hand #146221725633:  Hold'em Limit ($3/$6 USD) - 2015/12/31 7:18:01 ET
Table 'Transvaalia' 2-max Seat #1 is the button
Seat 1: yur4ok ($165.64 in chips)
Seat 2: minigus575 ($130.70 in chips)
yur4ok: posts small blind $1
minigus575: posts big blind $3
*** HOLE CARDS ***
yur4ok: raises $3 to $6
minigus575: calls $3
*** FLOP *** [Kh Jh Kd]
minigus575: checks
yur4ok: bets $3
minigus575: calls $3
*** TURN *** [Kh Jh Kd] [2h]
minigus575: checks
yur4ok: checks
*** RIVER *** [Kh Jh Kd 2h] [7s]
minigus575: bets $6
yur4ok: calls $6
*** SHOW DOWN ***
minigus575: shows [9d 3h] (a pair of Kings)
yur4ok: shows [As 4s] (a pair of Kings - Ace kicker)
yur4ok collected $29.50 from pot
*** SUMMARY ***
Total pot $30 | Rake $0.50
Board [Kh Jh Kd 2h 7s]
Seat 1: yur4ok (button) (small blind) showed [As 4s] and won ($29.50) with a pair of Kings
Seat 2: minigus575 (big blind) showed [9d 3h] and lost with a pair of Kings


PokerStars Hand #146221790432:  Hold'em Limit ($3/$6 USD) - 2015/12/31 7:19:46 ET
Table 'Transvaalia' 2-max Seat #1 is the button
Seat 1: yur4ok ($160.30 in chips)
Seat 2: minigus575 ($133.96 in chips)
yur4ok: posts small blind $1
minigus575: posts big blind $3
*** HOLE CARDS ***
yur4ok: raises $3 to $6
minigus575: calls $3
*** FLOP *** [Kc Kh Tc]
minigus575: checks
yur4ok: bets $3
minigus575: folds
Uncalled bet ($3) returned to yur4ok
yur4ok collected $11.76 from pot
yur4ok: doesn't show hand
*** SUMMARY ***
Total pot $12 | Rake $0.24
Board [Kc Kh Tc]
Seat 1: yur4ok (button) (small blind) collected ($11.76)
Seat 2: minigus575 (big blind) folded on the Flop


PokerStars Hand #146221784870:  Hold'em Limit ($3/$6 USD) - 2015/12/31 7:19:37 ET
Table 'Transvaalia' 2-max Seat #2 is the button
Seat 1: yur4ok ($151.66 in chips)
Seat 2: minigus575 ($142.96 in chips)
minigus575: posts small blind $1
yur4ok: posts big blind $3
*** HOLE CARDS ***
minigus575: raises $3 to $6
yur4ok: raises $3 to $9
minigus575: calls $3
*** FLOP *** [3c 5d Qh]
yur4ok: bets $3
minigus575: folds
Uncalled bet ($3) returned to yur4ok
yur4ok collected $17.64 from pot
yur4ok: doesn't show hand
*** SUMMARY ***
Total pot $18 | Rake $0.36
Board [3c 5d Qh]
Seat 1: yur4ok (big blind) collected ($17.64)
Seat 2: minigus575 (button) (small blind) folded on the Flop


PokerStars Hand #146221782357:  Hold'em Limit ($3/$6 USD) - 2015/12/31 7:19:33 ET
Table 'Transvaalia' 2-max Seat #1 is the button
Seat 1: yur4ok ($152.66 in chips)
Seat 2: minigus575 ($141.96 in chips)
yur4ok: posts small blind $1
minigus575: posts big blind $3
*** HOLE CARDS ***
yur4ok: folds
Uncalled bet ($2) returned to minigus575
minigus575 collected $2 from pot
minigus575: doesn't show hand
*** SUMMARY ***
Total pot $2 | Rake $0
Seat 1: yur4ok (button) (small blind) folded before Flop
Seat 2: minigus575 (big blind) collected ($2)


PokerStars Hand #146221779630:  Hold'em Limit ($3/$6 USD) - 2015/12/31 7:19:29 ET
Table 'Transvaalia' 2-max Seat #2 is the button
Seat 1: yur4ok ($155.66 in chips)
Seat 2: minigus575 ($138.96 in chips)
minigus575: posts small blind $1
yur4ok: posts big blind $3
*** HOLE CARDS ***
minigus575: raises $3 to $6
yur4ok: folds
Uncalled bet ($3) returned to minigus575
minigus575 collected $6 from pot
minigus575: doesn't show hand
*** SUMMARY ***
Total pot $6 | Rake $0
Seat 1: yur4ok (big blind) folded before Flop
Seat 2: minigus575 (button) (small blind) collected ($6)


PokerStars Hand #146221770030:  Hold'em Limit ($3/$6 USD) - 2015/12/31 7:19:13 ET
Table 'Transvaalia' 2-max Seat #1 is the button
Seat 1: yur4ok ($149.90 in chips)
Seat 2: minigus575 ($144.96 in chips)
yur4ok: posts small blind $1
minigus575: posts big blind $3
*** HOLE CARDS ***
yur4ok: raises $3 to $6
minigus575: calls $3
*** FLOP *** [7c Td 8d]
minigus575: checks
yur4ok: bets $3
minigus575: folds
Uncalled bet ($3) returned to yur4ok
yur4ok collected $11.76 from pot
yur4ok: doesn't show hand
*** SUMMARY ***
Total pot $12 | Rake $0.24
Board [7c Td 8d]
Seat 1: yur4ok (button) (small blind) collected ($11.76)
Seat 2: minigus575 (big blind) folded on the Flop


PokerStars Hand #146221759896:  Hold'em Limit ($3/$6 USD) - 2015/12/31 7:18:57 ET
Table 'Transvaalia' 2-max Seat #2 is the button
Seat 1: yur4ok ($144.14 in chips)
Seat 2: minigus575 ($150.96 in chips)
minigus575: posts small blind $1
yur4ok: posts big blind $3
*** HOLE CARDS ***
minigus575: raises $3 to $6
yur4ok: calls $3
*** FLOP *** [6s 4d Tc]
yur4ok: checks
minigus575: checks
*** TURN *** [6s 4d Tc] [4c]
yur4ok: bets $6
minigus575: folds
Uncalled bet ($6) returned to yur4ok
yur4ok collected $11.76 from pot
yur4ok: doesn't show hand
*** SUMMARY ***
Total pot $12 | Rake $0.24
Board [6s 4d Tc 4c]
Seat 1: yur4ok (big blind) collected ($11.76)
Seat 2: minigus575 (button) (small blind) folded on the Turn


PokerStars Hand #146221797782:  Hold'em Limit ($3/$6 USD) - 2015/12/31 7:19:58 ET
Table 'Transvaalia' 2-max Seat #2 is the button
Seat 1: yur4ok ($166.06 in chips)
Seat 2: minigus575 ($127.96 in chips)
minigus575: posts small blind $1
yur4ok: posts big blind $3
*** HOLE CARDS ***
minigus575: raises $3 to $6
yur4ok: calls $3
*** FLOP *** [Js 8c 2d]
yur4ok: checks
minigus575: bets $3
yur4ok: calls $3
*** TURN *** [Js 8c 2d] [3h]
yur4ok: bets $6
minigus575: calls $6
*** RIVER *** [Js 8c 2d 3h] [Kh]
yur4ok: checks
minigus575: checks
*** SHOW DOWN ***
yur4ok: shows [9d As] (high card Ace)
minigus575: mucks hand
yur4ok collected $29.50 from pot
*** SUMMARY ***
Total pot $30 | Rake $0.50
Board [Js 8c 2d 3h Kh]
Seat 1: yur4ok (big blind) showed [9d As] and won ($29.50) with high card Ace
Seat 2: minigus575 (button) (small blind) mucked


