PokerStars Hand #155344936458:  Hold'em Limit ($3/$6 USD) - 2016/06/29 11:17:02 ET
Table 'Transvaalia II' 6-max Seat #6 is the button
Seat 4: VolkovDmitri ($120 in chips)
Seat 6: 19woody58 ($67.17 in chips)
19woody58: posts small blind $1
VolkovDmitri: posts big blind $3
*** HOLE CARDS ***
19woody58: folds
Uncalled bet ($2) returned to VolkovDmitri
VolkovDmitri collected $2 from pot
VolkovDmitri: doesn't show hand
*** SUMMARY ***
Total pot $2 | Rake $0
Seat 4: VolkovDmitri (big blind) collected ($2)
Seat 6: 19woody58 (button) (small blind) folded before Flop


PokerStars Hand #155344923769:  Hold'em Limit ($3/$6 USD) - 2016/06/29 11:16:41 ET
Table 'Transvaalia II' 6-max Seat #4 is the button
Seat 4: VolkovDmitri ($121 in chips)
Seat 6: 19woody58 ($52.67 in chips)
VolkovDmitri: posts small blind $1
19woody58: posts big blind $3
*** HOLE CARDS ***
VolkovDmitri: raises $3 to $6
19woody58: calls $3
*** FLOP *** [2h 5d 6d]
19woody58: checks
VolkovDmitri: bets $3
19woody58: calls $3
*** TURN *** [2h 5d 6d] [Jc]
19woody58: checks
VolkovDmitri: checks
*** RIVER *** [2h 5d 6d Jc] [3h]
19woody58: bets $6
VolkovDmitri: calls $6
*** SHOW DOWN ***
19woody58: shows [5h As] (a pair of Fives)
VolkovDmitri: mucks hand
19woody58 collected $29.50 from pot
*** SUMMARY ***
Total pot $30 | Rake $0.50
Board [2h 5d 6d Jc 3h]
Seat 4: VolkovDmitri (button) (small blind) mucked
Seat 6: 19woody58 (big blind) showed [5h As] and won ($29.50) with a pair of Fives


PokerStars Hand #155344939420:  Hold'em Limit ($3/$6 USD) - 2016/06/29 11:17:08 ET
Table 'Transvaalia II' 6-max Seat #4 is the button
Seat 4: VolkovDmitri ($121 in chips)
Seat 6: 19woody58 ($66.17 in chips)
VolkovDmitri: posts small blind $1
19woody58: posts big blind $3
*** HOLE CARDS ***
B_loJkl joins the table at seat #1
VolkovDmitri: raises $3 to $6
19woody58: folds
Uncalled bet ($3) returned to VolkovDmitri
VolkovDmitri collected $6 from pot
VolkovDmitri: doesn't show hand
*** SUMMARY ***
Total pot $6 | Rake $0
Seat 4: VolkovDmitri (button) (small blind) collected ($6)
Seat 6: 19woody58 (big blind) folded before Flop


PokerStars Hand #155344995135:  Hold'em Limit ($3/$6 USD) - 2016/06/29 11:18:32 ET
Table 'Transvaalia II' 6-max Seat #6 is the button
Seat 1: B_loJkl ($145 in chips)
Seat 6: 19woody58 ($49.63 in chips)
19woody58: posts small blind $1
B_loJkl: posts big blind $3
*** HOLE CARDS ***
VolkovDmitri leaves the table
19woody58: raises $3 to $6
B_loJkl: calls $3
*** FLOP *** [8s Jh 7c]
B_loJkl: checks
19woody58: bets $3
B_loJkl: folds
Uncalled bet ($3) returned to 19woody58
19woody58 collected $11.76 from pot
19woody58: doesn't show hand
*** SUMMARY ***
Total pot $12 | Rake $0.24
Board [8s Jh 7c]
Seat 1: B_loJkl (big blind) folded on the Flop
Seat 6: 19woody58 (button) (small blind) collected ($11.76)


PokerStars Hand #155345012433:  Hold'em Limit ($3/$6 USD) - 2016/06/29 11:19:02 ET
Table 'Transvaalia II' 6-max Seat #1 is the button
Seat 1: B_loJkl ($139 in chips)
Seat 6: 19woody58 ($55.39 in chips)
B_loJkl: posts small blind $1
19woody58: posts big blind $3
*** HOLE CARDS ***
B_loJkl: folds
Uncalled bet ($2) returned to 19woody58
19woody58 collected $2 from pot
19woody58: doesn't show hand
*** SUMMARY ***
Total pot $2 | Rake $0
Seat 1: B_loJkl (button) (small blind) folded before Flop
Seat 6: 19woody58 (big blind) collected ($2)


PokerStars Hand #155345018703:  Hold'em Limit ($3/$6 USD) - 2016/06/29 11:19:13 ET
Table 'Transvaalia II' 6-max Seat #6 is the button
Seat 1: B_loJkl ($138 in chips)
Seat 6: 19woody58 ($56.39 in chips)
19woody58: posts small blind $1
B_loJkl: posts big blind $3
*** HOLE CARDS ***
19woody58: calls $2
B_loJkl: checks
*** FLOP *** [9d 8h 2d]
B_loJkl: bets $3
19woody58: calls $3
*** TURN *** [9d 8h 2d] [4d]
B_loJkl: bets $6
19woody58: calls $6
*** RIVER *** [9d 8h 2d 4d] [Jh]
B_loJkl: checks
19woody58: checks
*** SHOW DOWN ***
B_loJkl: shows [5s 7c] (high card Jack)
19woody58: shows [9c Th] (a pair of Nines)
19woody58 collected $23.52 from pot
*** SUMMARY ***
Total pot $24 | Rake $0.48
Board [9d 8h 2d 4d Jh]
Seat 1: B_loJkl (big blind) showed [5s 7c] and lost with high card Jack
Seat 6: 19woody58 (button) (small blind) showed [9c Th] and won ($23.52) with a pair of Nines


PokerStars Hand #155345030427:  Hold'em Limit ($3/$6 USD) - 2016/06/29 11:19:33 ET
Table 'Transvaalia II' 6-max Seat #1 is the button
Seat 1: B_loJkl ($126 in chips)
Seat 6: 19woody58 ($67.91 in chips)
B_loJkl: posts small blind $1
19woody58: posts big blind $3
*** HOLE CARDS ***
B_loJkl: raises $3 to $6
19woody58: calls $3
*** FLOP *** [As 7h 5d]
19woody58: checks
B_loJkl: bets $3
19woody58: folds
Uncalled bet ($3) returned to B_loJkl
B_loJkl collected $11.76 from pot
B_loJkl: doesn't show hand
*** SUMMARY ***
Total pot $12 | Rake $0.24
Board [As 7h 5d]
Seat 1: B_loJkl (button) (small blind) collected ($11.76)
Seat 6: 19woody58 (big blind) folded on the Flop


PokerStars Hand #155345046373:  Hold'em Limit ($3/$6 USD) - 2016/06/29 11:20:01 ET
Table 'Transvaalia II' 6-max Seat #6 is the button
Seat 1: B_loJkl ($131.76 in chips)
Seat 6: 19woody58 ($61.91 in chips)
19woody58: posts small blind $1
B_loJkl: posts big blind $3
*** HOLE CARDS ***
19woody58: calls $2
B_loJkl: checks
*** FLOP *** [8d 5c 8s]
B_loJkl: checks
19woody58: checks
*** TURN *** [8d 5c 8s] [9d]
B_loJkl: checks
19woody58: bets $6
B_loJkl: folds
Uncalled bet ($6) returned to 19woody58
19woody58 collected $5.88 from pot
19woody58: doesn't show hand
*** SUMMARY ***
Total pot $6 | Rake $0.12
Board [8d 5c 8s 9d]
Seat 1: B_loJkl (big blind) folded on the Turn
Seat 6: 19woody58 (button) (small blind) collected ($5.88)


PokerStars Hand #155345079373:  Hold'em Limit ($3/$6 USD) - 2016/06/29 11:20:58 ET
Table 'Transvaalia II' 6-max Seat #6 is the button
Seat 1: B_loJkl ($135.76 in chips)
Seat 6: 19woody58 ($57.79 in chips)
19woody58: posts small blind $1
B_loJkl: posts big blind $3
*** HOLE CARDS ***
19woody58: folds
Uncalled bet ($2) returned to B_loJkl
B_loJkl collected $2 from pot
B_loJkl: doesn't show hand
*** SUMMARY ***
Total pot $2 | Rake $0
Seat 1: B_loJkl (big blind) collected ($2)
Seat 6: 19woody58 (button) (small blind) folded before Flop


PokerStars Hand #155345073684:  Hold'em Limit ($3/$6 USD) - 2016/06/29 11:20:48 ET
Table 'Transvaalia II' 6-max Seat #1 is the button
Seat 1: B_loJkl ($132.76 in chips)
Seat 6: 19woody58 ($60.79 in chips)
B_loJkl: posts small blind $1
19woody58: posts big blind $3
*** HOLE CARDS ***
B_loJkl: raises $3 to $6
19woody58: folds
Uncalled bet ($3) returned to B_loJkl
B_loJkl collected $6 from pot
B_loJkl: doesn't show hand
*** SUMMARY ***
Total pot $6 | Rake $0
Seat 1: B_loJkl (button) (small blind) collected ($6)
Seat 6: 19woody58 (big blind) folded before Flop


PokerStars Hand #155345070872:  Hold'em Limit ($3/$6 USD) - 2016/06/29 11:20:43 ET
Table 'Transvaalia II' 6-max Seat #6 is the button
Seat 1: B_loJkl ($131.76 in chips)
Seat 6: 19woody58 ($61.79 in chips)
19woody58: posts small blind $1
B_loJkl: posts big blind $3
*** HOLE CARDS ***
19woody58: folds
Uncalled bet ($2) returned to B_loJkl
B_loJkl collected $2 from pot
B_loJkl: doesn't show hand
*** SUMMARY ***
Total pot $2 | Rake $0
Seat 1: B_loJkl (big blind) collected ($2)
Seat 6: 19woody58 (button) (small blind) folded before Flop


PokerStars Hand #155345064617:  Hold'em Limit ($3/$6 USD) - 2016/06/29 11:20:32 ET
Table 'Transvaalia II' 6-max Seat #1 is the button
Seat 1: B_loJkl ($128.76 in chips)
Seat 6: 19woody58 ($64.79 in chips)
B_loJkl: posts small blind $1
19woody58: posts big blind $3
*** HOLE CARDS ***
B_loJkl: raises $3 to $6
19woody58: folds
Uncalled bet ($3) returned to B_loJkl
B_loJkl collected $6 from pot
B_loJkl: doesn't show hand
*** SUMMARY ***
Total pot $6 | Rake $0
Seat 1: B_loJkl (button) (small blind) collected ($6)
Seat 6: 19woody58 (big blind) folded before Flop


PokerStars Hand #155345109236:  Hold'em Limit ($3/$6 USD) - 2016/06/29 11:21:50 ET
Table 'Transvaalia II' 6-max Seat #1 is the button
Seat 1: B_loJkl ($141.52 in chips)
Seat 6: 19woody58 ($51.79 in chips)
B_loJkl: posts small blind $1
19woody58: posts big blind $3
*** HOLE CARDS ***
B_loJkl: raises $3 to $6
19woody58: folds
Uncalled bet ($3) returned to B_loJkl
B_loJkl collected $6 from pot
B_loJkl: doesn't show hand
*** SUMMARY ***
Total pot $6 | Rake $0
Seat 1: B_loJkl (button) (small blind) collected ($6)
Seat 6: 19woody58 (big blind) folded before Flop


PokerStars Hand #155345106461:  Hold'em Limit ($3/$6 USD) - 2016/06/29 11:21:45 ET
Table 'Transvaalia II' 6-max Seat #6 is the button
Seat 1: B_loJkl ($140.52 in chips)
Seat 6: 19woody58 ($52.79 in chips)
19woody58: posts small blind $1
B_loJkl: posts big blind $3
*** HOLE CARDS ***
19woody58: folds
Uncalled bet ($2) returned to B_loJkl
B_loJkl collected $2 from pot
B_loJkl: doesn't show hand
*** SUMMARY ***
Total pot $2 | Rake $0
Seat 1: B_loJkl (big blind) collected ($2)
Seat 6: 19woody58 (button) (small blind) folded before Flop


PokerStars Hand #155345101366:  Hold'em Limit ($3/$6 USD) - 2016/06/29 11:21:36 ET
Table 'Transvaalia II' 6-max Seat #1 is the button
Seat 1: B_loJkl ($141.52 in chips)
Seat 6: 19woody58 ($51.79 in chips)
B_loJkl: posts small blind $1
19woody58: posts big blind $3
*** HOLE CARDS ***
B_loJkl: folds
Uncalled bet ($2) returned to 19woody58
19woody58 collected $2 from pot
19woody58: doesn't show hand
*** SUMMARY ***
Total pot $2 | Rake $0
Seat 1: B_loJkl (button) (small blind) folded before Flop
Seat 6: 19woody58 (big blind) collected ($2)


PokerStars Hand #155345089179:  Hold'em Limit ($3/$6 USD) - 2016/06/29 11:21:15 ET
Table 'Transvaalia II' 6-max Seat #6 is the button
Seat 1: B_loJkl ($135.76 in chips)
Seat 6: 19woody58 ($57.79 in chips)
19woody58: posts small blind $1
B_loJkl: posts big blind $3
*** HOLE CARDS ***
19woody58: calls $2
B_loJkl: raises $3 to $6
19woody58: calls $3
*** FLOP *** [6s 6h 8d]
B_loJkl: bets $3
19woody58: folds
Uncalled bet ($3) returned to B_loJkl
B_loJkl collected $11.76 from pot
B_loJkl: doesn't show hand
*** SUMMARY ***
Total pot $12 | Rake $0.24
Board [6s 6h 8d]
Seat 1: B_loJkl (big blind) collected ($11.76)
Seat 6: 19woody58 (button) (small blind) folded on the Flop


PokerStars Hand #155345082028:  Hold'em Limit ($3/$6 USD) - 2016/06/29 11:21:03 ET
Table 'Transvaalia II' 6-max Seat #1 is the button
Seat 1: B_loJkl ($136.76 in chips)
Seat 6: 19woody58 ($56.79 in chips)
B_loJkl: posts small blind $1
19woody58: posts big blind $3
*** HOLE CARDS ***
B_loJkl: folds
Uncalled bet ($2) returned to 19woody58
19woody58 collected $2 from pot
19woody58: doesn't show hand
*** SUMMARY ***
Total pot $2 | Rake $0
Seat 1: B_loJkl (button) (small blind) folded before Flop
Seat 6: 19woody58 (big blind) collected ($2)


PokerStars Hand #155345128107:  Hold'em Limit ($3/$6 USD) - 2016/06/29 11:22:23 ET
Table 'Transvaalia II' 6-max Seat #1 is the button
Seat 1: B_loJkl ($159.02 in chips)
Seat 6: 19woody58 ($33.79 in chips)
B_loJkl: posts small blind $1
19woody58: posts big blind $3
*** HOLE CARDS ***
B_loJkl: raises $3 to $6
19woody58: calls $3
*** FLOP *** [7s 4s 8h]
19woody58: checks
B_loJkl: bets $3
19woody58: calls $3
*** TURN *** [7s 4s 8h] [Jh]
19woody58: checks
B_loJkl: checks
*** RIVER *** [7s 4s 8h Jh] [3c]
19woody58: bets $6
B_loJkl: folds
Uncalled bet ($6) returned to 19woody58
19woody58 collected $17.64 from pot
19woody58: doesn't show hand
*** SUMMARY ***
Total pot $18 | Rake $0.36
Board [7s 4s 8h Jh 3c]
Seat 1: B_loJkl (button) (small blind) folded on the River
Seat 6: 19woody58 (big blind) collected ($17.64)


PokerStars Hand #155345114317:  Hold'em Limit ($3/$6 USD) - 2016/06/29 11:21:59 ET
Table 'Transvaalia II' 6-max Seat #6 is the button
Seat 1: B_loJkl ($144.52 in chips)
Seat 6: 19woody58 ($48.79 in chips)
19woody58: posts small blind $1
B_loJkl: posts big blind $3
*** HOLE CARDS ***
19woody58: raises $3 to $6
B_loJkl: calls $3
*** FLOP *** [Kc Td 5h]
B_loJkl: checks
19woody58: bets $3
B_loJkl: calls $3
*** TURN *** [Kc Td 5h] [8s]
B_loJkl: checks
19woody58: checks
*** RIVER *** [Kc Td 5h 8s] [5c]
B_loJkl: bets $6
19woody58: calls $6
*** SHOW DOWN ***
B_loJkl: shows [5s 6d] (three of a kind, Fives)
19woody58: mucks hand
B_loJkl collected $29.50 from pot
*** SUMMARY ***
Total pot $30 | Rake $0.50
Board [Kc Td 5h 8s 5c]
Seat 1: B_loJkl (big blind) showed [5s 6d] and won ($29.50) with three of a kind, Fives
Seat 6: 19woody58 (button) (small blind) mucked


