PokerStars Hand #172801884953:  Hold'em Limit ($3/$6 USD) - 2017/07/09 9:09:19 ET
Table 'Transvaalia' 6-max Seat #4 is the button
Seat 1: juustmuckit1 ($68.43 in chips)
Seat 4: Anchig ($153.99 in chips)
Anchig: posts small blind $1
juustmuckit1: posts big blind $3
*** HOLE CARDS ***
Anchig: raises $3 to $6
juustmuckit1: calls $3
*** FLOP *** [Tc 2h Th]
juustmuckit1: checks
Anchig: bets $3
juustmuckit1: calls $3
*** TURN *** [Tc 2h Th] [5c]
juustmuckit1: checks
Anchig: bets $6
juustmuckit1: folds
Uncalled bet ($6) returned to Anchig
Anchig collected $17.64 from pot
Anchig: doesn't show hand
NewRocker leaves the table
*** SUMMARY ***
Total pot $18 | Rake $0.36
Board [Tc 2h Th 5c]
Seat 1: juustmuckit1 (big blind) folded on the Turn
Seat 4: Anchig (button) (small blind) collected ($17.64)


PokerStars Hand #172801902997:  Hold'em Limit ($3/$6 USD) - 2017/07/09 9:09:50 ET
Table 'Transvaalia' 6-max Seat #1 is the button
Seat 1: juustmuckit1 ($59.43 in chips)
Seat 4: Anchig ($162.63 in chips)
juustmuckit1: posts small blind $1
Anchig: posts big blind $3
*** HOLE CARDS ***
juustmuckit1: raises $3 to $6
Anchig: raises $3 to $9
juustmuckit1: raises $3 to $12
Betting is capped
Anchig: calls $3
*** FLOP *** [Ks 3h 2s]
Anchig: checks
juustmuckit1: bets $3
Anchig: calls $3
*** TURN *** [Ks 3h 2s] [Kc]
Anchig: checks
juustmuckit1: bets $6
Anchig: folds
Uncalled bet ($6) returned to juustmuckit1
juustmuckit1 collected $29.50 from pot
*** SUMMARY ***
Total pot $30 | Rake $0.50
Board [Ks 3h 2s Kc]
Seat 1: juustmuckit1 (button) (small blind) collected ($29.50)
Seat 4: Anchig (big blind) folded on the Turn


PokerStars Hand #172801948461:  Hold'em Limit ($3/$6 USD) - 2017/07/09 9:11:09 ET
Table 'Transvaalia' 6-max Seat #4 is the button
Seat 1: juustmuckit1 ($73.57 in chips)
Seat 4: Anchig ($147.27 in chips)
Anchig: posts small blind $1
juustmuckit1: posts big blind $3
*** HOLE CARDS ***
Anchig: raises $3 to $6
juustmuckit1: calls $3
*** FLOP *** [5s Td Qh]
juustmuckit1: checks
Anchig: bets $3
juustmuckit1: raises $3 to $6
Anchig: folds
Uncalled bet ($3) returned to juustmuckit1
juustmuckit1 collected $17.64 from pot
*** SUMMARY ***
Total pot $18 | Rake $0.36
Board [5s Td Qh]
Seat 1: juustmuckit1 (big blind) collected ($17.64)
Seat 4: Anchig (button) (small blind) folded on the Flop


PokerStars Hand #172801916549:  Hold'em Limit ($3/$6 USD) - 2017/07/09 9:10:13 ET
Table 'Transvaalia' 6-max Seat #4 is the button
Seat 1: juustmuckit1 ($73.93 in chips)
Seat 4: Anchig ($147.63 in chips)
Anchig: posts small blind $1
juustmuckit1: posts big blind $3
*** HOLE CARDS ***
Anchig: raises $3 to $6
juustmuckit1: calls $3
*** FLOP *** [Jc Tc Ad]
juustmuckit1: checks
Anchig: bets $3
juustmuckit1: raises $3 to $6
Anchig: folds
Uncalled bet ($3) returned to juustmuckit1
juustmuckit1 collected $17.64 from pot
*** SUMMARY ***
Total pot $18 | Rake $0.36
Board [Jc Tc Ad]
Seat 1: juustmuckit1 (big blind) collected ($17.64)
Seat 4: Anchig (button) (small blind) folded on the Flop


PokerStars Hand #172801962445:  Hold'em Limit ($3/$6 USD) - 2017/07/09 9:11:33 ET
Table 'Transvaalia' 6-max Seat #4 is the button
Seat 1: juustmuckit1 ($81.21 in chips)
Seat 4: Anchig ($139.27 in chips)
Anchig: posts small blind $1
juustmuckit1: posts big blind $3
*** HOLE CARDS ***
Anchig: raises $3 to $6
juustmuckit1: raises $3 to $9
Anchig: calls $3
*** FLOP *** [As Kd Qd]
juustmuckit1: bets $3
Muhamed999 joins the table at seat #2
Anchig: calls $3
*** TURN *** [As Kd Qd] [9s]
juustmuckit1: checks
Anchig: bets $6
juustmuckit1: folds
Uncalled bet ($6) returned to Anchig
Anchig collected $23.52 from pot
Anchig: doesn't show hand
*** SUMMARY ***
Total pot $24 | Rake $0.48
Board [As Kd Qd 9s]
Seat 1: juustmuckit1 (big blind) folded on the Turn
Seat 4: Anchig (button) (small blind) collected ($23.52)


PokerStars Hand #172801957066:  Hold'em Limit ($3/$6 USD) - 2017/07/09 9:11:23 ET
Table 'Transvaalia' 6-max Seat #1 is the button
Seat 1: juustmuckit1 ($82.21 in chips)
Seat 4: Anchig ($138.27 in chips)
juustmuckit1: posts small blind $1
Anchig: posts big blind $3
*** HOLE CARDS ***
GoliafUa leaves the table
juustmuckit1: folds
Uncalled bet ($2) returned to Anchig
Anchig collected $2 from pot
Anchig: doesn't show hand
*** SUMMARY ***
Total pot $2 | Rake $0
Seat 1: juustmuckit1 (button) (small blind) folded before Flop
Seat 4: Anchig (big blind) collected ($2)


PokerStars Hand #172802015476:  Hold'em Limit ($3/$6 USD) - 2017/07/09 9:13:04 ET
Table 'Transvaalia' 6-max Seat #4 is the button
Seat 1: juustmuckit1 ($51.21 in chips)
Seat 4: Anchig ($159.43 in chips)
Anchig: posts small blind $1
juustmuckit1: posts big blind $3
*** HOLE CARDS ***
Anchig: raises $3 to $6
juustmuckit1: calls $3
*** FLOP *** [Kc Jh 4s]
juustmuckit1: checks
Anchig: bets $3
juustmuckit1: folds
Uncalled bet ($3) returned to Anchig
Anchig collected $11.76 from pot
Anchig: doesn't show hand
*** SUMMARY ***
Total pot $12 | Rake $0.24
Board [Kc Jh 4s]
Seat 1: juustmuckit1 (big blind) folded on the Flop
Seat 4: Anchig (button) (small blind) collected ($11.76)


PokerStars Hand #172802002857:  Hold'em Limit ($3/$6 USD) - 2017/07/09 9:12:42 ET
Table 'Transvaalia' 6-max Seat #1 is the button
Seat 1: juustmuckit1 ($60.21 in chips)
Seat 4: Anchig ($150.79 in chips)
juustmuckit1: posts small blind $1
Anchig: posts big blind $3
*** HOLE CARDS ***
Muhamed999 leaves the table
juustmuckit1: raises $3 to $6
Anchig: calls $3
*** FLOP *** [Jc 6s 7c]
Anchig: checks
juustmuckit1: bets $3
Anchig: calls $3
*** TURN *** [Jc 6s 7c] [Ad]
Anchig: checks
juustmuckit1: checks
*** RIVER *** [Jc 6s 7c Ad] [3h]
Anchig: checks
juustmuckit1: checks
*** SHOW DOWN ***
Anchig: shows [Qs 6h] (a pair of Sixes)
juustmuckit1: mucks hand
Anchig collected $17.64 from pot
*** SUMMARY ***
Total pot $18 | Rake $0.36
Board [Jc 6s 7c Ad 3h]
Seat 1: juustmuckit1 (button) (small blind) mucked
Seat 4: Anchig (big blind) showed [Qs 6h] and won ($17.64) with a pair of Sixes


PokerStars Hand #172802029321:  Hold'em Limit ($3/$6 USD) - 2017/07/09 9:13:27 ET
Table 'Transvaalia' 6-max Seat #4 is the button
Seat 1: juustmuckit1 ($44.21 in chips)
Seat 4: Anchig ($166.19 in chips)
Anchig: posts small blind $1
juustmuckit1: posts big blind $3
*** HOLE CARDS ***
Anchig: raises $3 to $6
juustmuckit1: folds
Uncalled bet ($3) returned to Anchig
Anchig collected $6 from pot
Anchig: doesn't show hand
*** SUMMARY ***
Total pot $6 | Rake $0
Seat 1: juustmuckit1 (big blind) folded before Flop
Seat 4: Anchig (button) (small blind) collected ($6)


PokerStars Hand #172802026126:  Hold'em Limit ($3/$6 USD) - 2017/07/09 9:13:22 ET
Table 'Transvaalia' 6-max Seat #1 is the button
Seat 1: juustmuckit1 ($45.21 in chips)
Seat 4: Anchig ($165.19 in chips)
juustmuckit1: posts small blind $1
Anchig: posts big blind $3
*** HOLE CARDS ***
juustmuckit1: folds
Uncalled bet ($2) returned to Anchig
Anchig collected $2 from pot
Anchig: doesn't show hand
*** SUMMARY ***
Total pot $2 | Rake $0
Seat 1: juustmuckit1 (button) (small blind) folded before Flop
Seat 4: Anchig (big blind) collected ($2)


