PokerStars Hand #162968533388:  Hold'em Limit ($3/$6 USD) - 2016/12/15 2:21:42 ET
Table 'Transvaalia' 6-max Seat #3 is the button
Seat 2: roxstar2927 ($144.69 in chips)
Seat 3: ToDaFelt ($208.80 in chips)
ToDaFelt: posts small blind $1
roxstar2927: posts big blind $3
*** HOLE CARDS ***
ToDaFelt: raises $3 to $6
roxstar2927: calls $3
*** FLOP *** [2d 6h 6s]
roxstar2927: checks
ToDaFelt: bets $3
roxstar2927: folds
Uncalled bet ($3) returned to ToDaFelt
ToDaFelt collected $11.76 from pot
ToDaFelt: doesn't show hand
*** SUMMARY ***
Total pot $12 | Rake $0.24
Board [2d 6h 6s]
Seat 2: roxstar2927 (big blind) folded on the Flop
Seat 3: ToDaFelt (button) (small blind) collected ($11.76)


PokerStars Hand #162968542060:  Hold'em Limit ($3/$6 USD) - 2016/12/15 2:22:14 ET
Table 'Transvaalia' 6-max Seat #2 is the button
Seat 2: roxstar2927 ($138.69 in chips)
Seat 3: ToDaFelt ($214.56 in chips)
roxstar2927: posts small blind $1
ToDaFelt: posts big blind $3
*** HOLE CARDS ***
roxstar2927: raises $3 to $6
ToDaFelt: raises $3 to $9
roxstar2927: calls $3
*** FLOP *** [8s Ts Ks]
ToDaFelt: bets $3
roxstar2927: raises $3 to $6
ToDaFelt: folds
Uncalled bet ($3) returned to roxstar2927
roxstar2927 collected $23.52 from pot
roxstar2927: doesn't show hand
*** SUMMARY ***
Total pot $24 | Rake $0.48
Board [8s Ts Ks]
Seat 2: roxstar2927 (button) (small blind) collected ($23.52)
Seat 3: ToDaFelt (big blind) folded on the Flop


PokerStars Hand #162968561721:  Hold'em Limit ($3/$6 USD) - 2016/12/15 2:23:27 ET
Table 'Transvaalia' 6-max Seat #2 is the button
Seat 2: roxstar2927 ($167.71 in chips)
Seat 3: ToDaFelt ($184.56 in chips)
roxstar2927: posts small blind $1
ToDaFelt: posts big blind $3
*** HOLE CARDS ***
roxstar2927: folds
Uncalled bet ($2) returned to ToDaFelt
ToDaFelt collected $2 from pot
ToDaFelt: doesn't show hand
*** SUMMARY ***
Total pot $2 | Rake $0
Seat 2: roxstar2927 (button) (small blind) folded before Flop
Seat 3: ToDaFelt (big blind) collected ($2)


PokerStars Hand #162968552291:  Hold'em Limit ($3/$6 USD) - 2016/12/15 2:22:52 ET
Table 'Transvaalia' 6-max Seat #3 is the button
Seat 2: roxstar2927 ($150.21 in chips)
Seat 3: ToDaFelt ($202.56 in chips)
ToDaFelt: posts small blind $1
roxstar2927: posts big blind $3
*** HOLE CARDS ***
ToDaFelt: raises $3 to $6
roxstar2927: calls $3
*** FLOP *** [8d Qc 3c]
roxstar2927: checks
ToDaFelt: bets $3
roxstar2927: raises $3 to $6
ToDaFelt: calls $3
*** TURN *** [8d Qc 3c] [Ac]
roxstar2927: bets $6
ToDaFelt: calls $6
*** RIVER *** [8d Qc 3c Ac] [Jd]
roxstar2927: bets $6
ToDaFelt: folds
Uncalled bet ($6) returned to roxstar2927
roxstar2927 collected $35.50 from pot
roxstar2927: doesn't show hand
*** SUMMARY ***
Total pot $36 | Rake $0.50
Board [8d Qc 3c Ac Jd]
Seat 2: roxstar2927 (big blind) collected ($35.50)
Seat 3: ToDaFelt (button) (small blind) folded on the River


PokerStars Hand #162968568464:  Hold'em Limit ($3/$6 USD) - 2016/12/15 2:23:52 ET
Table 'Transvaalia' 6-max Seat #2 is the button
Seat 2: roxstar2927 ($160.71 in chips)
Seat 3: ToDaFelt ($191.32 in chips)
roxstar2927: posts small blind $1
ToDaFelt: posts big blind $3
*** HOLE CARDS ***
roxstar2927: folds
Uncalled bet ($2) returned to ToDaFelt
ToDaFelt collected $2 from pot
ToDaFelt: doesn't show hand
*** SUMMARY ***
Total pot $2 | Rake $0
Seat 2: roxstar2927 (button) (small blind) folded before Flop
Seat 3: ToDaFelt (big blind) collected ($2)


PokerStars Hand #162968563027:  Hold'em Limit ($3/$6 USD) - 2016/12/15 2:23:32 ET
Table 'Transvaalia' 6-max Seat #3 is the button
Seat 2: roxstar2927 ($166.71 in chips)
Seat 3: ToDaFelt ($185.56 in chips)
ToDaFelt: posts small blind $1
roxstar2927: posts big blind $3
*** HOLE CARDS ***
ToDaFelt: raises $3 to $6
roxstar2927: calls $3
*** FLOP *** [3d Ad 4s]
roxstar2927: checks
ToDaFelt: bets $3
roxstar2927: folds
Uncalled bet ($3) returned to ToDaFelt
ToDaFelt collected $11.76 from pot
ToDaFelt: doesn't show hand
*** SUMMARY ***
Total pot $12 | Rake $0.24
Board [3d Ad 4s]
Seat 2: roxstar2927 (big blind) folded on the Flop
Seat 3: ToDaFelt (button) (small blind) collected ($11.76)


PokerStars Hand #162968569862:  Hold'em Limit ($3/$6 USD) - 2016/12/15 2:23:57 ET
Table 'Transvaalia' 6-max Seat #3 is the button
Seat 2: roxstar2927 ($159.71 in chips)
Seat 3: ToDaFelt ($192.32 in chips)
ToDaFelt: posts small blind $1
roxstar2927: posts big blind $3
*** HOLE CARDS ***
ToDaFelt: raises $3 to $6
roxstar2927: calls $3
*** FLOP *** [Kd 8s 9s]
roxstar2927: checks
ToDaFelt: bets $3
roxstar2927: raises $3 to $6
ToDaFelt: folds
Uncalled bet ($3) returned to roxstar2927
roxstar2927 collected $17.64 from pot
*** SUMMARY ***
Total pot $18 | Rake $0.36
Board [Kd 8s 9s]
Seat 2: roxstar2927 (big blind) collected ($17.64)
Seat 3: ToDaFelt (button) (small blind) folded on the Flop


PokerStars Hand #162968595891:  Hold'em Limit ($3/$6 USD) - 2016/12/15 2:25:34 ET
Table 'Transvaalia' 6-max Seat #3 is the button
Seat 2: roxstar2927 ($141.35 in chips)
Seat 3: ToDaFelt ($209.82 in chips)
ToDaFelt: posts small blind $1
roxstar2927: posts big blind $3
*** HOLE CARDS ***
ToDaFelt: raises $3 to $6
roxstar2927: calls $3
*** FLOP *** [4c 2d Jc]
roxstar2927: checks
ToDaFelt: bets $3
roxstar2927: calls $3
*** TURN *** [4c 2d Jc] [4d]
roxstar2927: checks
ToDaFelt: bets $6
roxstar2927: folds
Uncalled bet ($6) returned to ToDaFelt
ToDaFelt collected $17.64 from pot
ToDaFelt: doesn't show hand
*** SUMMARY ***
Total pot $18 | Rake $0.36
Board [4c 2d Jc 4d]
Seat 2: roxstar2927 (big blind) folded on the Turn
Seat 3: ToDaFelt (button) (small blind) collected ($17.64)


PokerStars Hand #162968577676:  Hold'em Limit ($3/$6 USD) - 2016/12/15 2:24:26 ET
Table 'Transvaalia' 6-max Seat #2 is the button
Seat 2: roxstar2927 ($168.35 in chips)
Seat 3: ToDaFelt ($183.32 in chips)
roxstar2927: posts small blind $1
ToDaFelt: posts big blind $3
*** HOLE CARDS ***
roxstar2927: raises $3 to $6
ToDaFelt: calls $3
*** FLOP *** [7c Jd 3c]
ToDaFelt: checks
roxstar2927: bets $3
ToDaFelt: raises $3 to $6
roxstar2927: raises $3 to $9
ToDaFelt: calls $3
*** TURN *** [7c Jd 3c] [3d]
ToDaFelt: checks
roxstar2927: bets $6
ToDaFelt: calls $6
*** RIVER *** [7c Jd 3c 3d] [6s]
ToDaFelt: checks
roxstar2927: bets $6
ToDaFelt: calls $6
*** SHOW DOWN ***
roxstar2927: shows [Th 9d] (a pair of Threes)
ToDaFelt: shows [7d 6c] (two pair, Sevens and Sixes)
ToDaFelt collected $53.50 from pot
*** SUMMARY ***
Total pot $54 | Rake $0.50
Board [7c Jd 3c 3d 6s]
Seat 2: roxstar2927 (button) (small blind) showed [Th 9d] and lost with a pair of Threes
Seat 3: ToDaFelt (big blind) showed [7d 6c] and won ($53.50) with two pair, Sevens and Sixes


PokerStars Hand #162968594171:  Hold'em Limit ($3/$6 USD) - 2016/12/15 2:25:27 ET
Table 'Transvaalia' 6-max Seat #2 is the button
Seat 2: roxstar2927 ($142.35 in chips)
Seat 3: ToDaFelt ($208.82 in chips)
roxstar2927: posts small blind $1
ToDaFelt: posts big blind $3
*** HOLE CARDS ***
roxstar2927: folds
Uncalled bet ($2) returned to ToDaFelt
ToDaFelt collected $2 from pot
ToDaFelt: doesn't show hand
*** SUMMARY ***
Total pot $2 | Rake $0
Seat 2: roxstar2927 (button) (small blind) folded before Flop
Seat 3: ToDaFelt (big blind) collected ($2)


PokerStars Hand #162968592066:  Hold'em Limit ($3/$6 USD) - 2016/12/15 2:25:19 ET
Table 'Transvaalia' 6-max Seat #3 is the button
Seat 2: roxstar2927 ($141.35 in chips)
Seat 3: ToDaFelt ($209.82 in chips)
ToDaFelt: posts small blind $1
roxstar2927: posts big blind $3
*** HOLE CARDS ***
ToDaFelt: folds
Uncalled bet ($2) returned to roxstar2927
roxstar2927 collected $2 from pot
roxstar2927: doesn't show hand
*** SUMMARY ***
Total pot $2 | Rake $0
Seat 2: roxstar2927 (big blind) collected ($2)
Seat 3: ToDaFelt (button) (small blind) folded before Flop


PokerStars Hand #162968605830:  Hold'em Limit ($3/$6 USD) - 2016/12/15 2:26:10 ET
Table 'Transvaalia' 6-max Seat #2 is the button
Seat 2: roxstar2927 ($132.35 in chips)
Seat 3: ToDaFelt ($218.46 in chips)
roxstar2927: posts small blind $1
ToDaFelt: posts big blind $3
*** HOLE CARDS ***
roxstar2927: raises $3 to $6
ToDaFelt: calls $3
*** FLOP *** [5c Qc Ts]
ToDaFelt: checks
roxstar2927: bets $3
ToDaFelt: raises $3 to $6
roxstar2927: calls $3
*** TURN *** [5c Qc Ts] [7h]
ToDaFelt: bets $6
roxstar2927: calls $6
*** RIVER *** [5c Qc Ts 7h] [3h]
ToDaFelt: bets $6
roxstar2927: calls $6
*** SHOW DOWN ***
ToDaFelt: shows [Td 8h] (a pair of Tens)
roxstar2927: mucks hand
ToDaFelt collected $47.50 from pot
*** SUMMARY ***
Total pot $48 | Rake $0.50
Board [5c Qc Ts 7h 3h]
Seat 2: roxstar2927 (button) (small blind) mucked
Seat 3: ToDaFelt (big blind) showed [Td 8h] and won ($47.50) with a pair of Tens


PokerStars Hand #162968629536:  Hold'em Limit ($3/$6 USD) - 2016/12/15 2:27:36 ET
Table 'Transvaalia' 6-max Seat #2 is the button
Seat 2: roxstar2927 ($99.35 in chips)
Seat 3: ToDaFelt ($250.60 in chips)
roxstar2927: posts small blind $1
ToDaFelt: posts big blind $3
*** HOLE CARDS ***
roxstar2927: raises $3 to $6
ToDaFelt: calls $3
*** FLOP *** [8c 5c Ks]
ToDaFelt: checks
roxstar2927: bets $3
ToDaFelt: raises $3 to $6
roxstar2927: folds
Uncalled bet ($3) returned to ToDaFelt
ToDaFelt collected $17.64 from pot
ToDaFelt: doesn't show hand
*** SUMMARY ***
Total pot $18 | Rake $0.36
Board [8c 5c Ks]
Seat 2: roxstar2927 (button) (small blind) folded on the Flop
Seat 3: ToDaFelt (big blind) collected ($17.64)


PokerStars Hand #162968619981:  Hold'em Limit ($3/$6 USD) - 2016/12/15 2:27:02 ET
Table 'Transvaalia' 6-max Seat #3 is the button
Seat 2: roxstar2927 ($108.35 in chips)
Seat 3: ToDaFelt ($241.96 in chips)
ToDaFelt: posts small blind $1
roxstar2927: posts big blind $3
*** HOLE CARDS ***
ToDaFelt: raises $3 to $6
roxstar2927: calls $3
*** FLOP *** [4s 5s Tc]
roxstar2927: checks
ToDaFelt: bets $3
roxstar2927: calls $3
*** TURN *** [4s 5s Tc] [4d]
roxstar2927: checks
ToDaFelt: bets $6
roxstar2927: folds
Uncalled bet ($6) returned to ToDaFelt
ToDaFelt collected $17.64 from pot
ToDaFelt: doesn't show hand
*** SUMMARY ***
Total pot $18 | Rake $0.36
Board [4s 5s Tc 4d]
Seat 2: roxstar2927 (big blind) folded on the Turn
Seat 3: ToDaFelt (button) (small blind) collected ($17.64)


PokerStars Hand #162968634844:  Hold'em Limit ($3/$6 USD) - 2016/12/15 2:27:56 ET
Table 'Transvaalia' 6-max Seat #3 is the button
Seat 2: roxstar2927 ($90.35 in chips)
Seat 3: ToDaFelt ($259.24 in chips)
ToDaFelt: posts small blind $1
roxstar2927: posts big blind $3
*** HOLE CARDS ***
ToDaFelt: raises $3 to $6
roxstar2927: calls $3
*** FLOP *** [3s 8c Qd]
roxstar2927: checks
ToDaFelt: bets $3
roxstar2927: raises $3 to $6
ToDaFelt: calls $3
*** TURN *** [3s 8c Qd] [7h]
roxstar2927: bets $6
ToDaFelt: calls $6
*** RIVER *** [3s 8c Qd 7h] [6c]
roxstar2927: bets $6
ToDaFelt: calls $6
*** SHOW DOWN ***
roxstar2927: shows [Qs 6h] (two pair, Queens and Sixes)
ToDaFelt: mucks hand
roxstar2927 collected $47.50 from pot
*** SUMMARY ***
Total pot $48 | Rake $0.50
Board [3s 8c Qd 7h 6c]
Seat 2: roxstar2927 (big blind) showed [Qs 6h] and won ($47.50) with two pair, Queens and Sixes
Seat 3: ToDaFelt (button) (small blind) mucked


PokerStars Hand #162968650623:  Hold'em Limit ($3/$6 USD) - 2016/12/15 2:28:53 ET
Table 'Transvaalia' 6-max Seat #2 is the button
Seat 2: roxstar2927 ($113.85 in chips)
Seat 3: ToDaFelt ($235.24 in chips)
roxstar2927: posts small blind $1
ToDaFelt: posts big blind $3
*** HOLE CARDS ***
roxstar2927: raises $3 to $6
ToDaFelt: calls $3
*** FLOP *** [5c 3d Ac]
ToDaFelt: checks
roxstar2927: bets $3
ToDaFelt: raises $3 to $6
roxstar2927: calls $3
*** TURN *** [5c 3d Ac] [Qc]
ToDaFelt: bets $6
roxstar2927: calls $6
*** RIVER *** [5c 3d Ac Qc] [3c]
ToDaFelt: bets $6
roxstar2927: calls $6
*** SHOW DOWN ***
ToDaFelt: shows [6h 7d] (a pair of Threes)
roxstar2927: shows [8h 8c] (a flush, Ace high)
roxstar2927 collected $47.50 from pot
*** SUMMARY ***
Total pot $48 | Rake $0.50
Board [5c 3d Ac Qc 3c]
Seat 2: roxstar2927 (button) (small blind) showed [8h 8c] and won ($47.50) with a flush, Ace high
Seat 3: ToDaFelt (big blind) showed [6h 7d] and lost with a pair of Threes


PokerStars Hand #162968657943:  Hold'em Limit ($3/$6 USD) - 2016/12/15 2:29:20 ET
Table 'Transvaalia' 6-max Seat #3 is the button
Seat 2: roxstar2927 ($137.35 in chips)
Seat 3: ToDaFelt ($211.24 in chips)
ToDaFelt: posts small blind $1
roxstar2927: posts big blind $3
*** HOLE CARDS ***
ToDaFelt: raises $3 to $6
roxstar2927: calls $3
*** FLOP *** [4s Js 6h]
roxstar2927: checks
ToDaFelt: bets $3
roxstar2927: calls $3
*** TURN *** [4s Js 6h] [3c]
roxstar2927: checks
ToDaFelt: bets $6
roxstar2927: folds
Uncalled bet ($6) returned to ToDaFelt
ToDaFelt collected $17.64 from pot
ToDaFelt: doesn't show hand
*** SUMMARY ***
Total pot $18 | Rake $0.36
Board [4s Js 6h 3c]
Seat 2: roxstar2927 (big blind) folded on the Turn
Seat 3: ToDaFelt (button) (small blind) collected ($17.64)


PokerStars Hand #162968664366:  Hold'em Limit ($3/$6 USD) - 2016/12/15 2:29:43 ET
Table 'Transvaalia' 6-max Seat #2 is the button
Seat 2: roxstar2927 ($128.35 in chips)
Seat 3: ToDaFelt ($219.88 in chips)
roxstar2927: posts small blind $1
ToDaFelt: posts big blind $3
*** HOLE CARDS ***
roxstar2927: raises $3 to $6
ToDaFelt: calls $3
*** FLOP *** [Ad Ac Js]
ToDaFelt: checks
roxstar2927: bets $3
ToDaFelt: folds
Uncalled bet ($3) returned to roxstar2927
roxstar2927 collected $11.76 from pot
roxstar2927: doesn't show hand
*** SUMMARY ***
Total pot $12 | Rake $0.24
Board [Ad Ac Js]
Seat 2: roxstar2927 (button) (small blind) collected ($11.76)
Seat 3: ToDaFelt (big blind) folded on the Flop


PokerStars Hand #162968674045:  Hold'em Limit ($3/$6 USD) - 2016/12/15 2:30:19 ET
Table 'Transvaalia' 6-max Seat #3 is the button
Seat 2: roxstar2927 ($134.11 in chips)
Seat 3: ToDaFelt ($213.88 in chips)
ToDaFelt: posts small blind $1
roxstar2927: posts big blind $3
*** HOLE CARDS ***
ToDaFelt: raises $3 to $6
roxstar2927: raises $3 to $9
ToDaFelt: calls $3
*** FLOP *** [Ts 3h 4d]
roxstar2927: bets $3
ToDaFelt: calls $3
*** TURN *** [Ts 3h 4d] [2s]
roxstar2927: bets $6
ToDaFelt: raises $6 to $12
roxstar2927: calls $6
*** RIVER *** [Ts 3h 4d 2s] [8h]
roxstar2927: checks
ToDaFelt: bets $6
roxstar2927: raises $6 to $12
ToDaFelt: calls $6
*** SHOW DOWN ***
roxstar2927: shows [8d 8s] (three of a kind, Eights)
ToDaFelt: mucks hand
roxstar2927 collected $71.50 from pot
*** SUMMARY ***
Total pot $72 | Rake $0.50
Board [Ts 3h 4d 2s 8h]
Seat 2: roxstar2927 (big blind) showed [8d 8s] and won ($71.50) with three of a kind, Eights
Seat 3: ToDaFelt (button) (small blind) mucked


PokerStars Hand #162968685767:  Hold'em Limit ($3/$6 USD) - 2016/12/15 2:31:02 ET
Table 'Transvaalia' 6-max Seat #2 is the button
Seat 2: roxstar2927 ($169.61 in chips)
Seat 3: ToDaFelt ($177.88 in chips)
roxstar2927: posts small blind $1
ToDaFelt: posts big blind $3
*** HOLE CARDS ***
roxstar2927: raises $3 to $6
ToDaFelt: calls $3
*** FLOP *** [3c Jd 7s]
ToDaFelt: checks
roxstar2927: bets $3
ToDaFelt: folds
Uncalled bet ($3) returned to roxstar2927
roxstar2927 collected $11.76 from pot
roxstar2927: doesn't show hand
*** SUMMARY ***
Total pot $12 | Rake $0.24
Board [3c Jd 7s]
Seat 2: roxstar2927 (button) (small blind) collected ($11.76)
Seat 3: ToDaFelt (big blind) folded on the Flop


PokerStars Hand #162968695436:  Hold'em Limit ($3/$6 USD) - 2016/12/15 2:31:38 ET
Table 'Transvaalia' 6-max Seat #3 is the button
Seat 2: roxstar2927 ($175.37 in chips)
Seat 3: ToDaFelt ($171.88 in chips)
ToDaFelt: posts small blind $1
roxstar2927: posts big blind $3
*** HOLE CARDS ***
ToDaFelt: raises $3 to $6
roxstar2927: raises $3 to $9
ToDaFelt: calls $3
*** FLOP *** [Ts 2c 3s]
roxstar2927: bets $3
ToDaFelt: raises $3 to $6
roxstar2927: calls $3
*** TURN *** [Ts 2c 3s] [9c]
roxstar2927: checks
ToDaFelt: bets $6
roxstar2927: calls $6
*** RIVER *** [Ts 2c 3s 9c] [5c]
roxstar2927: checks
ToDaFelt: checks
*** SHOW DOWN ***
roxstar2927: shows [7s 7c] (a pair of Sevens)
ToDaFelt: mucks hand
roxstar2927 collected $41.50 from pot
*** SUMMARY ***
Total pot $42 | Rake $0.50
Board [Ts 2c 3s 9c 5c]
Seat 2: roxstar2927 (big blind) showed [7s 7c] and won ($41.50) with a pair of Sevens
Seat 3: ToDaFelt (button) (small blind) mucked


PokerStars Hand #162968710785:  Hold'em Limit ($3/$6 USD) - 2016/12/15 2:32:35 ET
Table 'Transvaalia' 6-max Seat #2 is the button
Seat 2: roxstar2927 ($195.87 in chips)
Seat 3: ToDaFelt ($150.88 in chips)
roxstar2927: posts small blind $1
ToDaFelt: posts big blind $3
*** HOLE CARDS ***
roxstar2927: raises $3 to $6
ToDaFelt: calls $3
*** FLOP *** [2s 5d 8d]
ToDaFelt: checks
roxstar2927: bets $3
ToDaFelt: raises $3 to $6
roxstar2927: calls $3
*** TURN *** [2s 5d 8d] [4h]
ToDaFelt: bets $6
roxstar2927: folds
Uncalled bet ($6) returned to ToDaFelt
ToDaFelt collected $23.52 from pot
ToDaFelt: doesn't show hand
*** SUMMARY ***
Total pot $24 | Rake $0.48
Board [2s 5d 8d 4h]
Seat 2: roxstar2927 (button) (small blind) folded on the Turn
Seat 3: ToDaFelt (big blind) collected ($23.52)


PokerStars Hand #162968723745:  Hold'em Limit ($3/$6 USD) - 2016/12/15 2:33:22 ET
Table 'Transvaalia' 6-max Seat #2 is the button
Seat 2: roxstar2927 ($180.87 in chips)
Seat 3: ToDaFelt ($165.40 in chips)
roxstar2927: posts small blind $1
ToDaFelt: posts big blind $3
*** HOLE CARDS ***
roxstar2927: folds
Uncalled bet ($2) returned to ToDaFelt
ToDaFelt collected $2 from pot
ToDaFelt: doesn't show hand
*** SUMMARY ***
Total pot $2 | Rake $0
Seat 2: roxstar2927 (button) (small blind) folded before Flop
Seat 3: ToDaFelt (big blind) collected ($2)


PokerStars Hand #162968720959:  Hold'em Limit ($3/$6 USD) - 2016/12/15 2:33:12 ET
Table 'Transvaalia' 6-max Seat #3 is the button
Seat 2: roxstar2927 ($183.87 in chips)
Seat 3: ToDaFelt ($162.40 in chips)
ToDaFelt: posts small blind $1
roxstar2927: posts big blind $3
*** HOLE CARDS ***
ToDaFelt: raises $3 to $6
roxstar2927: folds
Uncalled bet ($3) returned to ToDaFelt
ToDaFelt collected $6 from pot
ToDaFelt: doesn't show hand
*** SUMMARY ***
Total pot $6 | Rake $0
Seat 2: roxstar2927 (big blind) folded before Flop
Seat 3: ToDaFelt (button) (small blind) collected ($6)


PokerStars Hand #162968732848:  Hold'em Limit ($3/$6 USD) - 2016/12/15 2:33:56 ET
Table 'Transvaalia' 6-max Seat #2 is the button
Seat 2: roxstar2927 ($179.62 in chips)
Seat 3: ToDaFelt ($166.15 in chips)
roxstar2927: posts small blind $1
ToDaFelt: posts big blind $3
*** HOLE CARDS ***
roxstar2927: folds
Uncalled bet ($2) returned to ToDaFelt
ToDaFelt collected $2 from pot
ToDaFelt: doesn't show hand
*** SUMMARY ***
Total pot $2 | Rake $0
Seat 2: roxstar2927 (button) (small blind) folded before Flop
Seat 3: ToDaFelt (big blind) collected ($2)


PokerStars Hand #162968725075:  Hold'em Limit ($3/$6 USD) - 2016/12/15 2:33:27 ET
Table 'Transvaalia' 6-max Seat #3 is the button
Seat 2: roxstar2927 ($179.87 in chips)
Seat 3: ToDaFelt ($166.40 in chips)
ToDaFelt: posts small blind $1
roxstar2927: posts big blind $3
*** HOLE CARDS ***
ToDaFelt: raises $3 to $6
roxstar2927: calls $3
*** FLOP *** [5s Kc 4h]
roxstar2927: checks
ToDaFelt: bets $3
roxstar2927: calls $3
*** TURN *** [5s Kc 4h] [4c]
roxstar2927: checks
ToDaFelt: bets $6
roxstar2927: raises $6 to $12
ToDaFelt: calls $6
*** RIVER *** [5s Kc 4h 4c] [6d]
roxstar2927: bets $6
ToDaFelt: calls $6
*** SHOW DOWN ***
roxstar2927: shows [Ks 2s] (two pair, Kings and Fours)
ToDaFelt: shows [Kd 2h] (two pair, Kings and Fours)
roxstar2927 collected $26.75 from pot
ToDaFelt collected $26.75 from pot
*** SUMMARY ***
Total pot $54 | Rake $0.50
Board [5s Kc 4h 4c 6d]
Seat 2: roxstar2927 (big blind) showed [Ks 2s] and won ($26.75) with two pair, Kings and Fours
Seat 3: ToDaFelt (button) (small blind) showed [Kd 2h] and won ($26.75) with two pair, Kings and Fours


PokerStars Hand #162968743370:  Hold'em Limit ($3/$6 USD) - 2016/12/15 2:34:34 ET
Table 'Transvaalia' 6-max Seat #2 is the button
Seat 2: roxstar2927 ($187.26 in chips)
Seat 3: ToDaFelt ($158.15 in chips)
roxstar2927: posts small blind $1
ToDaFelt: posts big blind $3
*** HOLE CARDS ***
roxstar2927: raises $3 to $6
ToDaFelt: folds
Uncalled bet ($3) returned to roxstar2927
roxstar2927 collected $6 from pot
roxstar2927: doesn't show hand
*** SUMMARY ***
Total pot $6 | Rake $0
Seat 2: roxstar2927 (button) (small blind) collected ($6)
Seat 3: ToDaFelt (big blind) folded before Flop


PokerStars Hand #162968734304:  Hold'em Limit ($3/$6 USD) - 2016/12/15 2:34:01 ET
Table 'Transvaalia' 6-max Seat #3 is the button
Seat 2: roxstar2927 ($178.62 in chips)
Seat 3: ToDaFelt ($167.15 in chips)
ToDaFelt: posts small blind $1
roxstar2927: posts big blind $3
*** HOLE CARDS ***
ToDaFelt: raises $3 to $6
roxstar2927: raises $3 to $9
ToDaFelt: calls $3
*** FLOP *** [Ad 2d 9c]
roxstar2927: bets $3
ToDaFelt: folds
Uncalled bet ($3) returned to roxstar2927
roxstar2927 collected $17.64 from pot
roxstar2927: doesn't show hand
*** SUMMARY ***
Total pot $18 | Rake $0.36
Board [Ad 2d 9c]
Seat 2: roxstar2927 (big blind) collected ($17.64)
Seat 3: ToDaFelt (button) (small blind) folded on the Flop


PokerStars Hand #162968746586:  Hold'em Limit ($3/$6 USD) - 2016/12/15 2:34:46 ET
Table 'Transvaalia' 6-max Seat #3 is the button
Seat 2: roxstar2927 ($190.26 in chips)
Seat 3: ToDaFelt ($155.15 in chips)
ToDaFelt: posts small blind $1
roxstar2927: posts big blind $3
*** HOLE CARDS ***
ToDaFelt: raises $3 to $6
roxstar2927: calls $3
*** FLOP *** [4s Ad 7c]
roxstar2927: checks
ToDaFelt: bets $3
roxstar2927: calls $3
*** TURN *** [4s Ad 7c] [Ks]
roxstar2927: checks
ToDaFelt: bets $6
roxstar2927: raises $6 to $12
ToDaFelt: calls $6
*** RIVER *** [4s Ad 7c Ks] [3s]
roxstar2927: bets $6
ToDaFelt: calls $6
*** SHOW DOWN ***
roxstar2927: shows [Ac 6h] (a pair of Aces)
ToDaFelt: shows [As Qh] (a pair of Aces - King+Queen kicker)
ToDaFelt collected $53.50 from pot
*** SUMMARY ***
Total pot $54 | Rake $0.50
Board [4s Ad 7c Ks 3s]
Seat 2: roxstar2927 (big blind) showed [Ac 6h] and lost with a pair of Aces
Seat 3: ToDaFelt (button) (small blind) showed [As Qh] and won ($53.50) with a pair of Aces


PokerStars Hand #162968757231:  Hold'em Limit ($3/$6 USD) - 2016/12/15 2:35:24 ET
Table 'Transvaalia' 6-max Seat #2 is the button
Seat 2: roxstar2927 ($163.26 in chips)
Seat 3: ToDaFelt ($181.65 in chips)
roxstar2927: posts small blind $1
ToDaFelt: posts big blind $3
*** HOLE CARDS ***
roxstar2927: raises $3 to $6
ToDaFelt: raises $3 to $9
roxstar2927: raises $3 to $12
Betting is capped
ToDaFelt: calls $3
*** FLOP *** [3h 3c Ts]
ToDaFelt: checks
roxstar2927: bets $3
ToDaFelt: calls $3
*** TURN *** [3h 3c Ts] [3d]
ToDaFelt: checks
roxstar2927: bets $6
ToDaFelt: calls $6
*** RIVER *** [3h 3c Ts 3d] [4c]
ToDaFelt: checks
roxstar2927: bets $6
ToDaFelt: calls $6
*** SHOW DOWN ***
roxstar2927: shows [Qs Qd] (a full house, Threes full of Queens)
ToDaFelt: mucks hand
roxstar2927 collected $53.50 from pot
*** SUMMARY ***
Total pot $54 | Rake $0.50
Board [3h 3c Ts 3d 4c]
Seat 2: roxstar2927 (button) (small blind) showed [Qs Qd] and won ($53.50) with a full house, Threes full of Queens
Seat 3: ToDaFelt (big blind) mucked


PokerStars Hand #162968764853:  Hold'em Limit ($3/$6 USD) - 2016/12/15 2:35:51 ET
Table 'Transvaalia' 6-max Seat #3 is the button
Seat 2: roxstar2927 ($189.76 in chips)
Seat 3: ToDaFelt ($154.65 in chips)
ToDaFelt: posts small blind $1
roxstar2927: posts big blind $3
*** HOLE CARDS ***
ToDaFelt: raises $3 to $6
roxstar2927: calls $3
*** FLOP *** [Qs 8s Jd]
roxstar2927: checks
ToDaFelt: bets $3
roxstar2927: calls $3
*** TURN *** [Qs 8s Jd] [4d]
roxstar2927: checks
ToDaFelt: bets $6
kungsbjörn leaves the table
roxstar2927: calls $6
*** RIVER *** [Qs 8s Jd 4d] [2s]
roxstar2927: checks
ToDaFelt: bets $6
roxstar2927: calls $6
*** SHOW DOWN ***
ToDaFelt: shows [Qd 3h] (a pair of Queens)
roxstar2927: mucks hand
ToDaFelt collected $41.50 from pot
*** SUMMARY ***
Total pot $42 | Rake $0.50
Board [Qs 8s Jd 4d 2s]
Seat 2: roxstar2927 (big blind) mucked
Seat 3: ToDaFelt (button) (small blind) showed [Qd 3h] and won ($41.50) with a pair of Queens


PokerStars Hand #162968778795:  Hold'em Limit ($3/$6 USD) - 2016/12/15 2:36:42 ET
Table 'Transvaalia' 6-max Seat #2 is the button
Seat 2: roxstar2927 ($168.76 in chips)
Seat 3: ToDaFelt ($175.15 in chips)
roxstar2927: posts small blind $1
ToDaFelt: posts big blind $3
*** HOLE CARDS ***
roxstar2927: raises $3 to $6
ToDaFelt: calls $3
*** FLOP *** [9s Th 2d]
ToDaFelt: checks
roxstar2927: bets $3
ToDaFelt: raises $3 to $6
roxstar2927: raises $3 to $9
ToDaFelt: calls $3
*** TURN *** [9s Th 2d] [Ad]
ToDaFelt: checks
roxstar2927: checks
*** RIVER *** [9s Th 2d Ad] [5s]
ToDaFelt: bets $6
roxstar2927: folds
Uncalled bet ($6) returned to ToDaFelt
ToDaFelt collected $29.50 from pot
ToDaFelt: doesn't show hand
*** SUMMARY ***
Total pot $30 | Rake $0.50
Board [9s Th 2d Ad 5s]
Seat 2: roxstar2927 (button) (small blind) folded on the River
Seat 3: ToDaFelt (big blind) collected ($29.50)


PokerStars Hand #162968796326:  Hold'em Limit ($3/$6 USD) - 2016/12/15 2:37:45 ET
Table 'Transvaalia' 6-max Seat #3 is the button
Seat 2: roxstar2927 ($153.76 in chips)
Seat 3: ToDaFelt ($189.65 in chips)
ToDaFelt: posts small blind $1
roxstar2927: posts big blind $3
*** HOLE CARDS ***
ToDaFelt: raises $3 to $6
roxstar2927: calls $3
*** FLOP *** [6c 5d 8d]
roxstar2927: checks
ToDaFelt: bets $3
roxstar2927: calls $3
*** TURN *** [6c 5d 8d] [4h]
roxstar2927: checks
ToDaFelt: checks
*** RIVER *** [6c 5d 8d 4h] [2c]
roxstar2927: bets $6
ToDaFelt: calls $6
*** SHOW DOWN ***
roxstar2927: shows [5s 4s] (two pair, Fives and Fours)
ToDaFelt: mucks hand
roxstar2927 collected $29.50 from pot
*** SUMMARY ***
Total pot $30 | Rake $0.50
Board [6c 5d 8d 4h 2c]
Seat 2: roxstar2927 (big blind) showed [5s 4s] and won ($29.50) with two pair, Fives and Fours
Seat 3: ToDaFelt (button) (small blind) mucked


PokerStars Hand #162968812667:  Hold'em Limit ($3/$6 USD) - 2016/12/15 2:38:43 ET
Table 'Transvaalia' 6-max Seat #3 is the button
Seat 2: roxstar2927 ($150.26 in chips)
Seat 3: ToDaFelt ($192.15 in chips)
ToDaFelt: posts small blind $1
roxstar2927: posts big blind $3
*** HOLE CARDS ***
ToDaFelt: raises $3 to $6
roxstar2927: calls $3
*** FLOP *** [Td 5h 2d]
roxstar2927: checks
ToDaFelt: checks
*** TURN *** [Td 5h 2d] [2s]
roxstar2927: bets $6
ToDaFelt: calls $6
*** RIVER *** [Td 5h 2d 2s] [Kc]
roxstar2927: bets $6
ToDaFelt: calls $6
*** SHOW DOWN ***
roxstar2927: shows [5c Kd] (two pair, Kings and Fives)
ToDaFelt: mucks hand
roxstar2927 collected $35.50 from pot
*** SUMMARY ***
Total pot $36 | Rake $0.50
Board [Td 5h 2d 2s Kc]
Seat 2: roxstar2927 (big blind) showed [5c Kd] and won ($35.50) with two pair, Kings and Fives
Seat 3: ToDaFelt (button) (small blind) mucked


PokerStars Hand #162968802907:  Hold'em Limit ($3/$6 USD) - 2016/12/15 2:38:08 ET
Table 'Transvaalia' 6-max Seat #2 is the button
Seat 2: roxstar2927 ($168.26 in chips)
Seat 3: ToDaFelt ($174.65 in chips)
roxstar2927: posts small blind $1
ToDaFelt: posts big blind $3
*** HOLE CARDS ***
roxstar2927: raises $3 to $6
ToDaFelt: calls $3
*** FLOP *** [7h 6d 2c]
ToDaFelt: checks
roxstar2927: bets $3
ToDaFelt: raises $3 to $6
roxstar2927: calls $3
*** TURN *** [7h 6d 2c] [Ts]
ToDaFelt: bets $6
roxstar2927: calls $6
*** RIVER *** [7h 6d 2c Ts] [Jh]
ToDaFelt: bets $6
roxstar2927: folds
Uncalled bet ($6) returned to ToDaFelt
ToDaFelt collected $35.50 from pot
ToDaFelt: doesn't show hand
*** SUMMARY ***
Total pot $36 | Rake $0.50
Board [7h 6d 2c Ts Jh]
Seat 2: roxstar2927 (button) (small blind) folded on the River
Seat 3: ToDaFelt (big blind) collected ($35.50)


PokerStars Hand #162968821522:  Hold'em Limit ($3/$6 USD) - 2016/12/15 2:39:15 ET
Table 'Transvaalia' 6-max Seat #2 is the button
Seat 2: roxstar2927 ($167.76 in chips)
Seat 3: ToDaFelt ($174.15 in chips)
roxstar2927: posts small blind $1
ToDaFelt: posts big blind $3
*** HOLE CARDS ***
roxstar2927: folds
Uncalled bet ($2) returned to ToDaFelt
ToDaFelt collected $2 from pot
ToDaFelt: doesn't show hand
*** SUMMARY ***
Total pot $2 | Rake $0
Seat 2: roxstar2927 (button) (small blind) folded before Flop
Seat 3: ToDaFelt (big blind) collected ($2)


PokerStars Hand #162968823754:  Hold'em Limit ($3/$6 USD) - 2016/12/15 2:39:23 ET
Table 'Transvaalia' 6-max Seat #3 is the button
Seat 2: roxstar2927 ($166.76 in chips)
Seat 3: ToDaFelt ($175.15 in chips)
ToDaFelt: posts small blind $1
roxstar2927: posts big blind $3
*** HOLE CARDS ***
ToDaFelt: raises $3 to $6
roxstar2927: calls $3
*** FLOP *** [Qd 7s Jh]
roxstar2927: checks
ToDaFelt: bets $3
roxstar2927: calls $3
*** TURN *** [Qd 7s Jh] [7d]
roxstar2927: checks
ToDaFelt: checks
*** RIVER *** [Qd 7s Jh 7d] [Ks]
roxstar2927: bets $6
ToDaFelt: calls $6
*** SHOW DOWN ***
roxstar2927: shows [Ts 7c] (three of a kind, Sevens)
ToDaFelt: mucks hand
roxstar2927 collected $29.50 from pot
*** SUMMARY ***
Total pot $30 | Rake $0.50
Board [Qd 7s Jh 7d Ks]
Seat 2: roxstar2927 (big blind) showed [Ts 7c] and won ($29.50) with three of a kind, Sevens
Seat 3: ToDaFelt (button) (small blind) mucked


PokerStars Hand #162968832519:  Hold'em Limit ($3/$6 USD) - 2016/12/15 2:39:54 ET
Table 'Transvaalia' 6-max Seat #2 is the button
Seat 2: roxstar2927 ($181.26 in chips)
Seat 3: ToDaFelt ($160.15 in chips)
roxstar2927: posts small blind $1
ToDaFelt: posts big blind $3
*** HOLE CARDS ***
roxstar2927: raises $3 to $6
ToDaFelt: folds
Uncalled bet ($3) returned to roxstar2927
roxstar2927 collected $6 from pot
roxstar2927: doesn't show hand
*** SUMMARY ***
Total pot $6 | Rake $0
Seat 2: roxstar2927 (button) (small blind) collected ($6)
Seat 3: ToDaFelt (big blind) folded before Flop


PokerStars Hand #162968843017:  Hold'em Limit ($3/$6 USD) - 2016/12/15 2:40:32 ET
Table 'Transvaalia' 6-max Seat #3 is the button
Seat 2: roxstar2927 ($197.76 in chips)
Seat 3: ToDaFelt ($143.15 in chips)
ToDaFelt: posts small blind $1
roxstar2927: posts big blind $3
*** HOLE CARDS ***
ToDaFelt: raises $3 to $6
roxstar2927: calls $3
*** FLOP *** [Jh 5h Qh]
roxstar2927: checks
ToDaFelt: bets $3
roxstar2927: folds
Uncalled bet ($3) returned to ToDaFelt
ToDaFelt collected $11.76 from pot
ToDaFelt: doesn't show hand
*** SUMMARY ***
Total pot $12 | Rake $0.24
Board [Jh 5h Qh]
Seat 2: roxstar2927 (big blind) folded on the Flop
Seat 3: ToDaFelt (button) (small blind) collected ($11.76)


PokerStars Hand #162968840405:  Hold'em Limit ($3/$6 USD) - 2016/12/15 2:40:22 ET
Table 'Transvaalia' 6-max Seat #2 is the button
Seat 2: roxstar2927 ($198.76 in chips)
Seat 3: ToDaFelt ($142.15 in chips)
roxstar2927: posts small blind $1
ToDaFelt: posts big blind $3
*** HOLE CARDS ***
roxstar2927: folds
Uncalled bet ($2) returned to ToDaFelt
ToDaFelt collected $2 from pot
ToDaFelt: doesn't show hand
*** SUMMARY ***
Total pot $2 | Rake $0
Seat 2: roxstar2927 (button) (small blind) folded before Flop
Seat 3: ToDaFelt (big blind) collected ($2)


PokerStars Hand #162968835063:  Hold'em Limit ($3/$6 USD) - 2016/12/15 2:40:04 ET
Table 'Transvaalia' 6-max Seat #3 is the button
Seat 2: roxstar2927 ($184.26 in chips)
Seat 3: ToDaFelt ($157.15 in chips)
ToDaFelt: posts small blind $1
roxstar2927: posts big blind $3
*** HOLE CARDS ***
ToDaFelt: raises $3 to $6
roxstar2927: calls $3
*** FLOP *** [Ks 4d 7c]
roxstar2927: checks
ToDaFelt: bets $3
roxstar2927: calls $3
*** TURN *** [Ks 4d 7c] [Qh]
roxstar2927: checks
ToDaFelt: checks
*** RIVER *** [Ks 4d 7c Qh] [4s]
roxstar2927: bets $6
ToDaFelt: calls $6
*** SHOW DOWN ***
roxstar2927: shows [Kh 6s] (two pair, Kings and Fours)
ToDaFelt: mucks hand
roxstar2927 collected $29.50 from pot
*** SUMMARY ***
Total pot $30 | Rake $0.50
Board [Ks 4d 7c Qh 4s]
Seat 2: roxstar2927 (big blind) showed [Kh 6s] and won ($29.50) with two pair, Kings and Fours
Seat 3: ToDaFelt (button) (small blind) mucked


PokerStars Hand #162968847482:  Hold'em Limit ($3/$6 USD) - 2016/12/15 2:40:48 ET
Table 'Transvaalia' 6-max Seat #2 is the button
Seat 2: roxstar2927 ($191.76 in chips)
Seat 3: ToDaFelt ($148.91 in chips)
roxstar2927: posts small blind $1
ToDaFelt: posts big blind $3
*** HOLE CARDS ***
roxstar2927: raises $3 to $6
ToDaFelt: calls $3
*** FLOP *** [Jh 5c 3h]
ToDaFelt: checks
roxstar2927: bets $3
ToDaFelt: folds
Uncalled bet ($3) returned to roxstar2927
roxstar2927 collected $11.76 from pot
roxstar2927: doesn't show hand
*** SUMMARY ***
Total pot $12 | Rake $0.24
Board [Jh 5c 3h]
Seat 2: roxstar2927 (button) (small blind) collected ($11.76)
Seat 3: ToDaFelt (big blind) folded on the Flop


PokerStars Hand #162968857888:  Hold'em Limit ($3/$6 USD) - 2016/12/15 2:41:25 ET
Table 'Transvaalia' 6-max Seat #3 is the button
Seat 2: roxstar2927 ($197.52 in chips)
Seat 3: ToDaFelt ($142.91 in chips)
ToDaFelt: posts small blind $1
roxstar2927: posts big blind $3
*** HOLE CARDS ***
ToDaFelt: raises $3 to $6
roxstar2927: calls $3
*** FLOP *** [9d Tc 8d]
roxstar2927: checks
ToDaFelt: bets $3
roxstar2927: calls $3
*** TURN *** [9d Tc 8d] [Jd]
roxstar2927: checks
ToDaFelt: checks
*** RIVER *** [9d Tc 8d Jd] [6s]
roxstar2927: bets $6
ToDaFelt: calls $6
*** SHOW DOWN ***
roxstar2927: shows [Qc 5s] (a straight, Eight to Queen)
ToDaFelt: mucks hand
roxstar2927 collected $29.50 from pot
*** SUMMARY ***
Total pot $30 | Rake $0.50
Board [9d Tc 8d Jd 6s]
Seat 2: roxstar2927 (big blind) showed [Qc 5s] and won ($29.50) with a straight, Eight to Queen
Seat 3: ToDaFelt (button) (small blind) mucked


PokerStars Hand #162968869006:  Hold'em Limit ($3/$6 USD) - 2016/12/15 2:42:05 ET
Table 'Transvaalia' 6-max Seat #2 is the button
Seat 2: roxstar2927 ($212.02 in chips)
Seat 3: ToDaFelt ($127.91 in chips)
roxstar2927: posts small blind $1
ToDaFelt: posts big blind $3
*** HOLE CARDS ***
roxstar2927: folds
Uncalled bet ($2) returned to ToDaFelt
ToDaFelt collected $2 from pot
ToDaFelt: doesn't show hand
*** SUMMARY ***
Total pot $2 | Rake $0
Seat 2: roxstar2927 (button) (small blind) folded before Flop
Seat 3: ToDaFelt (big blind) collected ($2)


PokerStars Hand #162968887402:  Hold'em Limit ($3/$6 USD) - 2016/12/15 2:43:12 ET
Table 'Transvaalia' 6-max Seat #3 is the button
Seat 2: roxstar2927 ($189.02 in chips)
Seat 3: ToDaFelt ($150.19 in chips)
ToDaFelt: posts small blind $1
roxstar2927: posts big blind $3
*** HOLE CARDS ***
ToDaFelt: raises $3 to $6
roxstar2927: folds
Uncalled bet ($3) returned to ToDaFelt
ToDaFelt collected $6 from pot
ToDaFelt: doesn't show hand
*** SUMMARY ***
Total pot $6 | Rake $0
Seat 2: roxstar2927 (big blind) folded before Flop
Seat 3: ToDaFelt (button) (small blind) collected ($6)


PokerStars Hand #162968884377:  Hold'em Limit ($3/$6 USD) - 2016/12/15 2:43:01 ET
Table 'Transvaalia' 6-max Seat #3 is the button
Seat 2: roxstar2927 ($193.02 in chips)
Seat 3: ToDaFelt ($146.19 in chips)
ToDaFelt: posts small blind $1
roxstar2927: posts big blind $3
*** HOLE CARDS ***
ToDaFelt: raises $3 to $6
roxstar2927: folds
Uncalled bet ($3) returned to ToDaFelt
ToDaFelt collected $6 from pot
ToDaFelt: doesn't show hand
*** SUMMARY ***
Total pot $6 | Rake $0
Seat 2: roxstar2927 (big blind) folded before Flop
Seat 3: ToDaFelt (button) (small blind) collected ($6)


PokerStars Hand #162968879442:  Hold'em Limit ($3/$6 USD) - 2016/12/15 2:42:43 ET
Table 'Transvaalia' 6-max Seat #2 is the button
Seat 2: roxstar2927 ($202.02 in chips)
Seat 3: ToDaFelt ($137.55 in chips)
roxstar2927: posts small blind $1
ToDaFelt: posts big blind $3
*** HOLE CARDS ***
roxstar2927: raises $3 to $6
ToDaFelt: raises $3 to $9
roxstar2927: calls $3
*** FLOP *** [Jh 8s 3d]
ToDaFelt: bets $3
roxstar2927: folds
Uncalled bet ($3) returned to ToDaFelt
ToDaFelt collected $17.64 from pot
ToDaFelt: doesn't show hand
*** SUMMARY ***
Total pot $18 | Rake $0.36
Board [Jh 8s 3d]
Seat 2: roxstar2927 (button) (small blind) folded on the Flop
Seat 3: ToDaFelt (big blind) collected ($17.64)


PokerStars Hand #162968871078:  Hold'em Limit ($3/$6 USD) - 2016/12/15 2:42:12 ET
Table 'Transvaalia' 6-max Seat #3 is the button
Seat 2: roxstar2927 ($211.02 in chips)
Seat 3: ToDaFelt ($128.91 in chips)
ToDaFelt: posts small blind $1
roxstar2927: posts big blind $3
*** HOLE CARDS ***
ToDaFelt: raises $3 to $6
roxstar2927: calls $3
*** FLOP *** [3d Jh 8c]
roxstar2927: checks
ToDaFelt: bets $3
roxstar2927: calls $3
*** TURN *** [3d Jh 8c] [As]
roxstar2927: checks
ToDaFelt: bets $6
roxstar2927: folds
Uncalled bet ($6) returned to ToDaFelt
ToDaFelt collected $17.64 from pot
ToDaFelt: doesn't show hand
*** SUMMARY ***
Total pot $18 | Rake $0.36
Board [3d Jh 8c As]
Seat 2: roxstar2927 (big blind) folded on the Turn
Seat 3: ToDaFelt (button) (small blind) collected ($17.64)


PokerStars Hand #162968886018:  Hold'em Limit ($3/$6 USD) - 2016/12/15 2:43:07 ET
Table 'Transvaalia' 6-max Seat #2 is the button
Seat 2: roxstar2927 ($190.02 in chips)
Seat 3: ToDaFelt ($149.19 in chips)
roxstar2927: posts small blind $1
ToDaFelt: posts big blind $3
*** HOLE CARDS ***
roxstar2927: folds
Uncalled bet ($2) returned to ToDaFelt
ToDaFelt collected $2 from pot
ToDaFelt: doesn't show hand
*** SUMMARY ***
Total pot $2 | Rake $0
Seat 2: roxstar2927 (button) (small blind) folded before Flop
Seat 3: ToDaFelt (big blind) collected ($2)


PokerStars Hand #162968889345:  Hold'em Limit ($3/$6 USD) - 2016/12/15 2:43:19 ET
Table 'Transvaalia' 6-max Seat #2 is the button
Seat 2: roxstar2927 ($186.02 in chips)
Seat 3: ToDaFelt ($153.19 in chips)
roxstar2927: posts small blind $1
ToDaFelt: posts big blind $3
*** HOLE CARDS ***
roxstar2927: folds
Uncalled bet ($2) returned to ToDaFelt
ToDaFelt collected $2 from pot
ToDaFelt: doesn't show hand
*** SUMMARY ***
Total pot $2 | Rake $0
Seat 2: roxstar2927 (button) (small blind) folded before Flop
Seat 3: ToDaFelt (big blind) collected ($2)


PokerStars Hand #162968890707:  Hold'em Limit ($3/$6 USD) - 2016/12/15 2:43:24 ET
Table 'Transvaalia' 6-max Seat #3 is the button
Seat 2: roxstar2927 ($185.02 in chips)
Seat 3: ToDaFelt ($154.19 in chips)
ToDaFelt: posts small blind $1
roxstar2927: posts big blind $3
*** HOLE CARDS ***
ToDaFelt: raises $3 to $6
roxstar2927: folds
Uncalled bet ($3) returned to ToDaFelt
ToDaFelt collected $6 from pot
ToDaFelt: doesn't show hand
*** SUMMARY ***
Total pot $6 | Rake $0
Seat 2: roxstar2927 (big blind) folded before Flop
Seat 3: ToDaFelt (button) (small blind) collected ($6)


PokerStars Hand #162968893608:  Hold'em Limit ($3/$6 USD) - 2016/12/15 2:43:34 ET
Table 'Transvaalia' 6-max Seat #2 is the button
Seat 2: roxstar2927 ($182.02 in chips)
Seat 3: ToDaFelt ($157.19 in chips)
roxstar2927: posts small blind $1
ToDaFelt: posts big blind $3
*** HOLE CARDS ***
roxstar2927: raises $3 to $6
ToDaFelt: calls $3
*** FLOP *** [7h 8s 9c]
ToDaFelt: checks
roxstar2927: bets $3
fugu82 joins the table at seat #1
ToDaFelt: raises $3 to $6
roxstar2927: calls $3
*** TURN *** [7h 8s 9c] [Jd]
ToDaFelt: bets $6
roxstar2927: calls $6
*** RIVER *** [7h 8s 9c Jd] [6h]
ToDaFelt: checks
roxstar2927: checks
*** SHOW DOWN ***
ToDaFelt: shows [9h 3h] (a pair of Nines)
roxstar2927: shows [6d 5s] (a straight, Five to Nine)
roxstar2927 collected $35.50 from pot
*** SUMMARY ***
Total pot $36 | Rake $0.50
Board [7h 8s 9c Jd 6h]
Seat 2: roxstar2927 (button) (small blind) showed [6d 5s] and won ($35.50) with a straight, Five to Nine
Seat 3: ToDaFelt (big blind) showed [9h 3h] and lost with a pair of Nines


PokerStars Hand #162974806142:  Hold'em Limit ($3/$6 USD) - 2016/12/15 7:04:32 ET
Table 'Transvaalia' 6-max Seat #6 is the button
Seat 3: B_loJkl ($106.43 in chips)
Seat 6: ToDaFelt ($115.03 in chips)
ToDaFelt: posts small blind $1
rascal_319: is sitting out
B_loJkl: posts big blind $3
*** HOLE CARDS ***
ToDaFelt: raises $3 to $6
B_loJkl: calls $3
*** FLOP *** [6d Qd 9d]
B_loJkl: checks
ToDaFelt: bets $3
B_loJkl: calls $3
*** TURN *** [6d Qd 9d] [7h]
B_loJkl: checks
ToDaFelt: bets $6
B_loJkl: calls $6
*** RIVER *** [6d Qd 9d 7h] [6s]
B_loJkl: checks
ToDaFelt: checks
*** SHOW DOWN ***
B_loJkl: shows [Ac 8s] (a pair of Sixes)
ToDaFelt: shows [7d 9c] (two pair, Nines and Sevens)
ToDaFelt collected $29.50 from pot
*** SUMMARY ***
Total pot $30 | Rake $0.50
Board [6d Qd 9d 7h 6s]
Seat 3: B_loJkl (big blind) showed [Ac 8s] and lost with a pair of Sixes
Seat 6: ToDaFelt (button) (small blind) showed [7d 9c] and won ($29.50) with two pair, Nines and Sevens


