PokerStars Hand #167700786386:  Hold'em Limit ($3/$6 USD) - 2017/03/17 6:18:10 ET
Table 'Transvaalia' 6-max Seat #4 is the button
Seat 3: stasschi ($119 in chips)
Seat 4: Agrotait ($73 in chips)
Agrotait: posts small blind $1
stasschi: posts big blind $3
*** HOLE CARDS ***
Agrotait: raises $3 to $6
stasschi: folds
Uncalled bet ($3) returned to Agrotait
Agrotait collected $6 from pot
Agrotait: doesn't show hand
*** SUMMARY ***
Total pot $6 | Rake $0
Seat 3: stasschi (big blind) folded before Flop
Seat 4: Agrotait (button) (small blind) collected ($6)


PokerStars Hand #167700782896:  Hold'em Limit ($3/$6 USD) - 2017/03/17 6:18:01 ET
Table 'Transvaalia' 6-max Seat #3 is the button
Seat 3: stasschi ($120 in chips)
Seat 4: Agrotait ($72 in chips)
stasschi: posts small blind $1
Agrotait: posts big blind $3
*** HOLE CARDS ***
stasschi: folds
Uncalled bet ($2) returned to Agrotait
Agrotait collected $2 from pot
Agrotait: doesn't show hand
*** SUMMARY ***
Total pot $2 | Rake $0
Seat 3: stasschi (button) (small blind) folded before Flop
Seat 4: Agrotait (big blind) collected ($2)


PokerStars Hand #167700795291:  Hold'em Limit ($3/$6 USD) - 2017/03/17 6:18:33 ET
Table 'Transvaalia' 6-max Seat #3 is the button
Seat 2: Agrotait ($72 in chips)
Seat 3: stasschi ($116 in chips)
stasschi: posts small blind $1
Agrotait: posts big blind $3
*** HOLE CARDS ***
stasschi: folds
Uncalled bet ($2) returned to Agrotait
Agrotait collected $2 from pot
Agrotait: doesn't show hand
*** SUMMARY ***
Total pot $2 | Rake $0
Seat 2: Agrotait (big blind) collected ($2)
Seat 3: stasschi (button) (small blind) folded before Flop


PokerStars Hand #167700798354:  Hold'em Limit ($3/$6 USD) - 2017/03/17 6:18:41 ET
Table 'Transvaalia' 6-max Seat #2 is the button
Seat 2: Agrotait ($73 in chips)
Seat 3: stasschi ($115 in chips)
Agrotait: posts small blind $1
stasschi: posts big blind $3
*** HOLE CARDS ***
Agrotait: raises $3 to $6
stasschi: raises $3 to $9
Agrotait: calls $3
*** FLOP *** [9c Qd Jd]
stasschi: bets $3
Agrotait: calls $3
*** TURN *** [9c Qd Jd] [Kh]
stasschi: bets $6
Agrotait: calls $6
*** RIVER *** [9c Qd Jd Kh] [3h]
stasschi: bets $6
Agrotait: calls $6
*** SHOW DOWN ***
stasschi: shows [8s Th] (a straight, Nine to King)
Agrotait: mucks hand
stasschi collected $47.50 from pot
*** SUMMARY ***
Total pot $48 | Rake $0.50
Board [9c Qd Jd Kh 3h]
Seat 2: Agrotait (button) (small blind) mucked
Seat 3: stasschi (big blind) showed [8s Th] and won ($47.50) with a straight, Nine to King


PokerStars Hand #167700806285:  Hold'em Limit ($3/$6 USD) - 2017/03/17 6:19:01 ET
Table 'Transvaalia' 6-max Seat #3 is the button
Seat 2: Agrotait ($72 in chips)
Seat 3: stasschi ($138.50 in chips)
stasschi: posts small blind $1
Agrotait: posts big blind $3
*** HOLE CARDS ***
stasschi: raises $3 to $6
Agrotait: calls $3
*** FLOP *** [4d Ks Ts]
Agrotait: checks
stasschi: bets $3
Agrotait: folds
Uncalled bet ($3) returned to stasschi
stasschi collected $11.76 from pot
stasschi: doesn't show hand
*** SUMMARY ***
Total pot $12 | Rake $0.24
Board [4d Ks Ts]
Seat 2: Agrotait (big blind) folded on the Flop
Seat 3: stasschi (button) (small blind) collected ($11.76)


PokerStars Hand #167700830013:  Hold'em Limit ($3/$6 USD) - 2017/03/17 6:20:02 ET
Table 'Transvaalia' 6-max Seat #3 is the button
Seat 2: Agrotait ($71 in chips)
Seat 3: stasschi ($156.76 in chips)
stasschi: posts small blind $1
Agrotait: posts big blind $3
*** HOLE CARDS ***
stasschi: raises $3 to $6
Agrotait: calls $3
*** FLOP *** [Qc 2c 8d]
Agrotait: checks
stasschi: bets $3
Agrotait: folds
Uncalled bet ($3) returned to stasschi
stasschi collected $11.76 from pot
stasschi: doesn't show hand
*** SUMMARY ***
Total pot $12 | Rake $0.24
Board [Qc 2c 8d]
Seat 2: Agrotait (big blind) folded on the Flop
Seat 3: stasschi (button) (small blind) collected ($11.76)


PokerStars Hand #167700819161:  Hold'em Limit ($3/$6 USD) - 2017/03/17 6:19:34 ET
Table 'Transvaalia' 6-max Seat #3 is the button
Seat 2: Agrotait ($74.64 in chips)
Seat 3: stasschi ($135.26 in chips)
stasschi: posts small blind $1
Agrotait: posts big blind $3
*** HOLE CARDS ***
stasschi: raises $3 to $6
Agrotait: calls $3
*** FLOP *** [Qc Jd Ts]
Agrotait: checks
stasschi: bets $3
Agrotait: calls $3
*** TURN *** [Qc Jd Ts] [9h]
Agrotait: checks
stasschi: checks
*** RIVER *** [Qc Jd Ts 9h] [3h]
Agrotait: bets $6
stasschi: raises $6 to $12
Agrotait: calls $6
*** SHOW DOWN ***
stasschi: shows [Ks 3s] (a straight, Nine to King)
Agrotait: mucks hand
stasschi collected $41.50 from pot
*** SUMMARY ***
Total pot $42 | Rake $0.50
Board [Qc Jd Ts 9h 3h]
Seat 2: Agrotait (big blind) mucked
Seat 3: stasschi (button) (small blind) showed [Ks 3s] and won ($41.50) with a straight, Nine to King


PokerStars Hand #167700812572:  Hold'em Limit ($3/$6 USD) - 2017/03/17 6:19:17 ET
Table 'Transvaalia' 6-max Seat #2 is the button
Seat 2: Agrotait ($66 in chips)
Seat 3: stasschi ($144.26 in chips)
Agrotait: posts small blind $1
stasschi: posts big blind $3
*** HOLE CARDS ***
Agrotait: raises $3 to $6
stasschi: calls $3
*** FLOP *** [2c 8s 3d]
stasschi: checks
Agrotait: bets $3
stasschi: calls $3
*** TURN *** [2c 8s 3d] [Ks]
stasschi: checks
Agrotait: bets $6
stasschi: folds
Uncalled bet ($6) returned to Agrotait
Agrotait collected $17.64 from pot
Agrotait: doesn't show hand
*** SUMMARY ***
Total pot $18 | Rake $0.36
Board [2c 8s 3d Ks]
Seat 2: Agrotait (button) (small blind) collected ($17.64)
Seat 3: stasschi (big blind) folded on the Turn


PokerStars Hand #167700827889:  Hold'em Limit ($3/$6 USD) - 2017/03/17 6:19:57 ET
Table 'Transvaalia' 6-max Seat #2 is the button
Seat 2: Agrotait ($72 in chips)
Seat 3: stasschi ($155.76 in chips)
Agrotait: posts small blind $1
stasschi: posts big blind $3
*** HOLE CARDS ***
Agrotait: folds
Uncalled bet ($2) returned to stasschi
stasschi collected $2 from pot
stasschi: doesn't show hand
*** SUMMARY ***
Total pot $2 | Rake $0
Seat 2: Agrotait (button) (small blind) folded before Flop
Seat 3: stasschi (big blind) collected ($2)


PokerStars Hand #167700833942:  Hold'em Limit ($3/$6 USD) - 2017/03/17 6:20:12 ET
Table 'Transvaalia' 6-max Seat #2 is the button
Seat 2: Agrotait ($65 in chips)
Seat 3: stasschi ($162.52 in chips)
Agrotait: posts small blind $1
stasschi: posts big blind $3
*** HOLE CARDS ***
Agrotait: raises $3 to $6
stasschi: calls $3
*** FLOP *** [4s 9s Td]
stasschi: checks
Agrotait: bets $3
stasschi: folds
Uncalled bet ($3) returned to Agrotait
Agrotait collected $11.76 from pot
Agrotait: doesn't show hand
*** SUMMARY ***
Total pot $12 | Rake $0.24
Board [4s 9s Td]
Seat 2: Agrotait (button) (small blind) collected ($11.76)
Seat 3: stasschi (big blind) folded on the Flop


PokerStars Hand #167700841544:  Hold'em Limit ($3/$6 USD) - 2017/03/17 6:20:32 ET
Table 'Transvaalia' 6-max Seat #2 is the button
Seat 2: Agrotait ($71.76 in chips)
Seat 3: stasschi ($155.52 in chips)
Agrotait: posts small blind $1
stasschi: posts big blind $3
*** HOLE CARDS ***
Agrotait: raises $3 to $6
stasschi: calls $3
*** FLOP *** [3d Td Ts]
stasschi: checks
Agrotait: bets $3
stasschi: calls $3
*** TURN *** [3d Td Ts] [5s]
stasschi: checks
Agrotait: bets $6
stasschi: calls $6
*** RIVER *** [3d Td Ts 5s] [2s]
stasschi: checks
Agrotait: checks
*** SHOW DOWN ***
stasschi: shows [Qd 7d] (a pair of Tens)
Agrotait: shows [7h 2h] (two pair, Tens and Deuces)
Agrotait collected $29.50 from pot
*** SUMMARY ***
Total pot $30 | Rake $0.50
Board [3d Td Ts 5s 2s]
Seat 2: Agrotait (button) (small blind) showed [7h 2h] and won ($29.50) with two pair, Tens and Deuces
Seat 3: stasschi (big blind) showed [Qd 7d] and lost with a pair of Tens


PokerStars Hand #167700857508:  Hold'em Limit ($3/$6 USD) - 2017/03/17 6:21:13 ET
Table 'Transvaalia' 6-max Seat #2 is the button
Seat 2: Agrotait ($87.26 in chips)
Seat 3: stasschi ($139.52 in chips)
Agrotait: posts small blind $1
stasschi: posts big blind $3
*** HOLE CARDS ***
Agrotait: raises $3 to $6
stasschi: folds
Uncalled bet ($3) returned to Agrotait
Agrotait collected $6 from pot
Agrotait: doesn't show hand
*** SUMMARY ***
Total pot $6 | Rake $0
Seat 2: Agrotait (button) (small blind) collected ($6)
Seat 3: stasschi (big blind) folded before Flop


PokerStars Hand #167700859729:  Hold'em Limit ($3/$6 USD) - 2017/03/17 6:21:18 ET
Table 'Transvaalia' 6-max Seat #3 is the button
Seat 2: Agrotait ($90.26 in chips)
Seat 3: stasschi ($136.52 in chips)
stasschi: posts small blind $1
Agrotait: posts big blind $3
*** HOLE CARDS ***
stasschi: raises $3 to $6
Agrotait: calls $3
*** FLOP *** [Ts Qs Td]
Agrotait: checks
stasschi: bets $3
Agrotait: folds
Uncalled bet ($3) returned to stasschi
stasschi collected $11.76 from pot
stasschi: doesn't show hand
*** SUMMARY ***
Total pot $12 | Rake $0.24
Board [Ts Qs Td]
Seat 2: Agrotait (big blind) folded on the Flop
Seat 3: stasschi (button) (small blind) collected ($11.76)


PokerStars Hand #167700872682:  Hold'em Limit ($3/$6 USD) - 2017/03/17 6:21:51 ET
Table 'Transvaalia' 6-max Seat #2 is the button
Seat 2: Agrotait ($84.26 in chips)
Seat 3: stasschi ($142.28 in chips)
Agrotait: posts small blind $1
stasschi: posts big blind $3
*** HOLE CARDS ***
Agrotait: raises $3 to $6
stasschi: calls $3
*** FLOP *** [6h 4d Ah]
stasschi: checks
Agrotait: bets $3
stasschi: calls $3
*** TURN *** [6h 4d Ah] [Td]
stasschi: checks
Agrotait: checks
*** RIVER *** [6h 4d Ah Td] [8d]
stasschi: bets $6
Agrotait: calls $6
*** SHOW DOWN ***
stasschi: shows [Kd 5d] (a flush, King high)
Agrotait: mucks hand
stasschi collected $29.50 from pot
*** SUMMARY ***
Total pot $30 | Rake $0.50
Board [6h 4d Ah Td 8d]
Seat 2: Agrotait (button) (small blind) mucked
Seat 3: stasschi (big blind) showed [Kd 5d] and won ($29.50) with a flush, King high


PokerStars Hand #167700892910:  Hold'em Limit ($3/$6 USD) - 2017/03/17 6:22:43 ET
Table 'Transvaalia' 6-max Seat #3 is the button
Seat 2: Agrotait ($71 in chips)
Seat 3: stasschi ($172.28 in chips)
stasschi: posts small blind $1
Agrotait: posts big blind $3
*** HOLE CARDS ***
stasschi: folds
Uncalled bet ($2) returned to Agrotait
Agrotait collected $2 from pot
Agrotait: doesn't show hand
*** SUMMARY ***
Total pot $2 | Rake $0
Seat 2: Agrotait (big blind) collected ($2)
Seat 3: stasschi (button) (small blind) folded before Flop


PokerStars Hand #167700890926:  Hold'em Limit ($3/$6 USD) - 2017/03/17 6:22:38 ET
Table 'Transvaalia' 6-max Seat #2 is the button
Seat 2: Agrotait ($72 in chips)
Seat 3: stasschi ($171.28 in chips)
Agrotait: posts small blind $1
stasschi: posts big blind $3
*** HOLE CARDS ***
Agrotait: folds
Uncalled bet ($2) returned to stasschi
stasschi collected $2 from pot
stasschi: doesn't show hand
*** SUMMARY ***
Total pot $2 | Rake $0
Seat 2: Agrotait (button) (small blind) folded before Flop
Seat 3: stasschi (big blind) collected ($2)


PokerStars Hand #167700894848:  Hold'em Limit ($3/$6 USD) - 2017/03/17 6:22:48 ET
Table 'Transvaalia' 6-max Seat #2 is the button
Seat 2: Agrotait ($72 in chips)
Seat 3: stasschi ($171.28 in chips)
Agrotait: posts small blind $1
stasschi: posts big blind $3
*** HOLE CARDS ***
Agrotait: raises $3 to $6
stasschi: calls $3
*** FLOP *** [Qd 5s Qs]
stasschi: checks
Agrotait: bets $3
stasschi: calls $3
*** TURN *** [Qd 5s Qs] [2c]
stasschi: checks
Agrotait: bets $6
stasschi: folds
Uncalled bet ($6) returned to Agrotait
Agrotait collected $17.64 from pot
Agrotait: doesn't show hand
*** SUMMARY ***
Total pot $18 | Rake $0.36
Board [Qd 5s Qs 2c]
Seat 2: Agrotait (button) (small blind) collected ($17.64)
Seat 3: stasschi (big blind) folded on the Turn


PokerStars Hand #167700908809:  Hold'em Limit ($3/$6 USD) - 2017/03/17 6:23:23 ET
Table 'Transvaalia' 6-max Seat #2 is the button
Seat 2: Agrotait ($104.14 in chips)
Seat 3: stasschi ($138.28 in chips)
Agrotait: posts small blind $1
stasschi: posts big blind $3
*** HOLE CARDS ***
Agrotait: raises $3 to $6
stasschi: folds
Uncalled bet ($3) returned to Agrotait
Agrotait collected $6 from pot
Agrotait: doesn't show hand
*** SUMMARY ***
Total pot $6 | Rake $0
Seat 2: Agrotait (button) (small blind) collected ($6)
Seat 3: stasschi (big blind) folded before Flop


PokerStars Hand #167700901198:  Hold'em Limit ($3/$6 USD) - 2017/03/17 6:23:04 ET
Table 'Transvaalia' 6-max Seat #3 is the button
Seat 2: Agrotait ($80.64 in chips)
Seat 3: stasschi ($162.28 in chips)
stasschi: posts small blind $1
Agrotait: posts big blind $3
*** HOLE CARDS ***
stasschi: raises $3 to $6
Agrotait: calls $3
*** FLOP *** [3c 4s Jh]
Agrotait: checks
stasschi: bets $3
Agrotait: raises $3 to $6
stasschi: calls $3
*** TURN *** [3c 4s Jh] [Ah]
Agrotait: bets $6
stasschi: calls $6
*** RIVER *** [3c 4s Jh Ah] [Ts]
Agrotait: bets $6
stasschi: calls $6
*** SHOW DOWN ***
Agrotait: shows [Ad 3h] (two pair, Aces and Threes)
stasschi: mucks hand
Agrotait collected $47.50 from pot
*** SUMMARY ***
Total pot $48 | Rake $0.50
Board [3c 4s Jh Ah Ts]
Seat 2: Agrotait (big blind) showed [Ad 3h] and won ($47.50) with two pair, Aces and Threes
Seat 3: stasschi (button) (small blind) mucked


PokerStars Hand #167700883555:  Hold'em Limit ($3/$6 USD) - 2017/03/17 6:22:19 ET
Table 'Transvaalia' 6-max Seat #3 is the button
Seat 2: Agrotait ($69.26 in chips)
Seat 3: stasschi ($156.78 in chips)
stasschi: posts small blind $1
Agrotait: posts big blind $3
*** HOLE CARDS ***
stasschi: raises $3 to $6
Agrotait: calls $3
*** FLOP *** [Js 3h Kh]
Agrotait: checks
stasschi: bets $3
Agrotait: calls $3
*** TURN *** [Js 3h Kh] [7s]
Agrotait: checks
stasschi: checks
*** RIVER *** [Js 3h Kh 7s] [Qh]
Agrotait: bets $6
stasschi: calls $6
*** SHOW DOWN ***
Agrotait: shows [8h 5d] (high card King)
stasschi: shows [Qs 9s] (a pair of Queens)
stasschi collected $29.50 from pot
*** SUMMARY ***
Total pot $30 | Rake $0.50
Board [Js 3h Kh 7s Qh]
Seat 2: Agrotait (big blind) showed [8h 5d] and lost with high card King
Seat 3: stasschi (button) (small blind) showed [Qs 9s] and won ($29.50) with a pair of Queens


PokerStars Hand #167700911147:  Hold'em Limit ($3/$6 USD) - 2017/03/17 6:23:30 ET
Table 'Transvaalia' 6-max Seat #3 is the button
Seat 2: Agrotait ($107.14 in chips)
Seat 3: stasschi ($135.28 in chips)
stasschi: posts small blind $1
Agrotait: posts big blind $3
*** HOLE CARDS ***
stasschi: raises $3 to $6
Agrotait: raises $3 to $9
stasschi: calls $3
*** FLOP *** [Kc Jh Kh]
Agrotait: bets $3
stasschi: calls $3
*** TURN *** [Kc Jh Kh] [Js]
Agrotait: checks
stasschi: checks
*** RIVER *** [Kc Jh Kh Js] [8d]
Agrotait: bets $6
stasschi: calls $6
*** SHOW DOWN ***
Agrotait: shows [As 3s] (two pair, Kings and Jacks)
stasschi: shows [4d Ah] (two pair, Kings and Jacks)
Agrotait collected $17.75 from pot
stasschi collected $17.75 from pot
*** SUMMARY ***
Total pot $36 | Rake $0.50
Board [Kc Jh Kh Js 8d]
Seat 2: Agrotait (big blind) showed [As 3s] and won ($17.75) with two pair, Kings and Jacks
Seat 3: stasschi (button) (small blind) showed [4d Ah] and won ($17.75) with two pair, Kings and Jacks


PokerStars Hand #167700932058:  Hold'em Limit ($3/$6 USD) - 2017/03/17 6:24:22 ET
Table 'Transvaalia' 6-max Seat #3 is the button
Seat 2: Agrotait ($94.89 in chips)
Seat 3: stasschi ($146.55 in chips)
stasschi: posts small blind $1
Agrotait: posts big blind $3
*** HOLE CARDS ***
stasschi: raises $3 to $6
Agrotait: folds
Uncalled bet ($3) returned to stasschi
stasschi collected $6 from pot
stasschi: doesn't show hand
*** SUMMARY ***
Total pot $6 | Rake $0
Seat 2: Agrotait (big blind) folded before Flop
Seat 3: stasschi (button) (small blind) collected ($6)


PokerStars Hand #167700918213:  Hold'em Limit ($3/$6 USD) - 2017/03/17 6:23:47 ET
Table 'Transvaalia' 6-max Seat #2 is the button
Seat 2: Agrotait ($106.89 in chips)
Seat 3: stasschi ($135.03 in chips)
Agrotait: posts small blind $1
stasschi: posts big blind $3
*** HOLE CARDS ***
Agrotait: raises $3 to $6
stasschi: calls $3
*** FLOP *** [4d 5d 8s]
stasschi: checks
Agrotait: checks
*** TURN *** [4d 5d 8s] [6s]
stasschi: bets $6
Agrotait: calls $6
*** RIVER *** [4d 5d 8s 6s] [Td]
stasschi: bets $6
Agrotait: folds
Uncalled bet ($6) returned to stasschi
stasschi collected $23.52 from pot
stasschi: doesn't show hand
*** SUMMARY ***
Total pot $24 | Rake $0.48
Board [4d 5d 8s 6s Td]
Seat 2: Agrotait (button) (small blind) folded on the River
Seat 3: stasschi (big blind) collected ($23.52)


PokerStars Hand #167700940830:  Hold'em Limit ($3/$6 USD) - 2017/03/17 6:24:44 ET
Table 'Transvaalia' 6-max Seat #3 is the button
Seat 2: Agrotait ($79.89 in chips)
Seat 3: stasschi ($161.07 in chips)
stasschi: posts small blind $1
Agrotait: posts big blind $3
*** HOLE CARDS ***
stasschi: raises $3 to $6
Agrotait: calls $3
*** FLOP *** [Kc Tc 4c]
Agrotait: checks
stasschi: bets $3
Agrotait: calls $3
*** TURN *** [Kc Tc 4c] [9c]
Agrotait: checks
stasschi: bets $6
Agrotait: folds
Uncalled bet ($6) returned to stasschi
stasschi collected $17.64 from pot
stasschi: doesn't show hand
*** SUMMARY ***
Total pot $18 | Rake $0.36
Board [Kc Tc 4c 9c]
Seat 2: Agrotait (big blind) folded on the Turn
Seat 3: stasschi (button) (small blind) collected ($17.64)


PokerStars Hand #167700948584:  Hold'em Limit ($3/$6 USD) - 2017/03/17 6:25:04 ET
Table 'Transvaalia' 6-max Seat #2 is the button
Seat 2: Agrotait ($70.89 in chips)
Seat 3: stasschi ($169.71 in chips)
Agrotait: posts small blind $1
stasschi: posts big blind $3
*** HOLE CARDS ***
Agrotait: raises $3 to $6
stasschi: calls $3
*** FLOP *** [Qh 3d Qc]
stasschi: checks
Agrotait: bets $3
stasschi: folds
Uncalled bet ($3) returned to Agrotait
Agrotait collected $11.76 from pot
Agrotait: doesn't show hand
*** SUMMARY ***
Total pot $12 | Rake $0.24
Board [Qh 3d Qc]
Seat 2: Agrotait (button) (small blind) collected ($11.76)
Seat 3: stasschi (big blind) folded on the Flop


PokerStars Hand #167700955427:  Hold'em Limit ($3/$6 USD) - 2017/03/17 6:25:21 ET
Table 'Transvaalia' 6-max Seat #2 is the button
Seat 2: Agrotait ($73.65 in chips)
Seat 3: stasschi ($166.71 in chips)
Agrotait: posts small blind $1
stasschi: posts big blind $3
*** HOLE CARDS ***
Agrotait: raises $3 to $6
stasschi: folds
Uncalled bet ($3) returned to Agrotait
Agrotait collected $6 from pot
Agrotait: doesn't show hand
*** SUMMARY ***
Total pot $6 | Rake $0
Seat 2: Agrotait (button) (small blind) collected ($6)
Seat 3: stasschi (big blind) folded before Flop


PokerStars Hand #167700953265:  Hold'em Limit ($3/$6 USD) - 2017/03/17 6:25:16 ET
Table 'Transvaalia' 6-max Seat #3 is the button
Seat 2: Agrotait ($76.65 in chips)
Seat 3: stasschi ($163.71 in chips)
stasschi: posts small blind $1
Agrotait: posts big blind $3
*** HOLE CARDS ***
stasschi: raises $3 to $6
Agrotait: folds
Uncalled bet ($3) returned to stasschi
stasschi collected $6 from pot
stasschi: doesn't show hand
*** SUMMARY ***
Total pot $6 | Rake $0
Seat 2: Agrotait (big blind) folded before Flop
Seat 3: stasschi (button) (small blind) collected ($6)


PokerStars Hand #167700934568:  Hold'em Limit ($3/$6 USD) - 2017/03/17 6:24:29 ET
Table 'Transvaalia' 6-max Seat #2 is the button
Seat 2: Agrotait ($91.89 in chips)
Seat 3: stasschi ($149.55 in chips)
Agrotait: posts small blind $1
stasschi: posts big blind $3
*** HOLE CARDS ***
Agrotait: raises $3 to $6
stasschi: raises $3 to $9
Agrotait: calls $3
*** FLOP *** [5s 5c 3h]
stasschi: bets $3
Agrotait: calls $3
*** TURN *** [5s 5c 3h] [6s]
stasschi: bets $6
Agrotait: folds
Uncalled bet ($6) returned to stasschi
stasschi collected $23.52 from pot
stasschi: doesn't show hand
*** SUMMARY ***
Total pot $24 | Rake $0.48
Board [5s 5c 3h 6s]
Seat 2: Agrotait (button) (small blind) folded on the Turn
Seat 3: stasschi (big blind) collected ($23.52)


PokerStars Hand #167700967812:  Hold'em Limit ($3/$6 USD) - 2017/03/17 6:25:52 ET
Table 'Transvaalia' 6-max Seat #2 is the button
Seat 2: Agrotait ($64.65 in chips)
Seat 3: stasschi ($175.23 in chips)
Agrotait: posts small blind $1
stasschi: posts big blind $3
*** HOLE CARDS ***
Agrotait: raises $3 to $6
stasschi: folds
Uncalled bet ($3) returned to Agrotait
Agrotait collected $6 from pot
Agrotait: doesn't show hand
*** SUMMARY ***
Total pot $6 | Rake $0
Seat 2: Agrotait (button) (small blind) collected ($6)
Seat 3: stasschi (big blind) folded before Flop


PokerStars Hand #167700957687:  Hold'em Limit ($3/$6 USD) - 2017/03/17 6:25:27 ET
Table 'Transvaalia' 6-max Seat #3 is the button
Seat 2: Agrotait ($76.65 in chips)
Seat 3: stasschi ($163.71 in chips)
stasschi: posts small blind $1
Agrotait: posts big blind $3
*** HOLE CARDS ***
stasschi: raises $3 to $6
Agrotait: calls $3
*** FLOP *** [Ac 7s 7c]
Agrotait: checks
stasschi: bets $3
Agrotait: raises $3 to $6
stasschi: calls $3
*** TURN *** [Ac 7s 7c] [Jh]
Agrotait: checks
stasschi: checks
*** RIVER *** [Ac 7s 7c Jh] [8d]
Agrotait: checks
stasschi: bets $6
Agrotait: folds
Uncalled bet ($6) returned to stasschi
stasschi collected $23.52 from pot
stasschi: doesn't show hand
*** SUMMARY ***
Total pot $24 | Rake $0.48
Board [Ac 7s 7c Jh 8d]
Seat 2: Agrotait (big blind) folded on the River
Seat 3: stasschi (button) (small blind) collected ($23.52)


PokerStars Hand #167700970206:  Hold'em Limit ($3/$6 USD) - 2017/03/17 6:25:59 ET
Table 'Transvaalia' 6-max Seat #3 is the button
Seat 2: Agrotait ($67.65 in chips)
Seat 3: stasschi ($172.23 in chips)
stasschi: posts small blind $1
Agrotait: posts big blind $3
*** HOLE CARDS ***
stasschi: raises $3 to $6
Agrotait: raises $3 to $9
stasschi: calls $3
*** FLOP *** [Kd 8s 6c]
Agrotait: bets $3
stasschi: calls $3
*** TURN *** [Kd 8s 6c] [Ad]
Agrotait: bets $6
stasschi: calls $6
*** RIVER *** [Kd 8s 6c Ad] [8h]
Agrotait: checks
stasschi: checks
*** SHOW DOWN ***
Agrotait: shows [3s 3c] (two pair, Eights and Threes)
stasschi: mucks hand
Agrotait collected $35.50 from pot
*** SUMMARY ***
Total pot $36 | Rake $0.50
Board [Kd 8s 6c Ad 8h]
Seat 2: Agrotait (big blind) showed [3s 3c] and won ($35.50) with two pair, Eights and Threes
Seat 3: stasschi (button) (small blind) mucked


PokerStars Hand #167700983306:  Hold'em Limit ($3/$6 USD) - 2017/03/17 6:26:32 ET
Table 'Transvaalia' 6-max Seat #3 is the button
Seat 2: Agrotait ($90.91 in chips)
Seat 3: stasschi ($148.23 in chips)
stasschi: posts small blind $1
Agrotait: posts big blind $3
*** HOLE CARDS ***
stasschi: raises $3 to $6
Agrotait: calls $3
*** FLOP *** [3c Qh 8h]
Agrotait: checks
stasschi: bets $3
Agrotait: calls $3
*** TURN *** [3c Qh 8h] [Jd]
Agrotait: checks
stasschi: checks
*** RIVER *** [3c Qh 8h Jd] [Ad]
Agrotait: checks
stasschi: checks
*** SHOW DOWN ***
Agrotait: shows [4h 9s] (high card Ace)
stasschi: shows [4d 9h] (high card Ace)
Agrotait collected $8.82 from pot
stasschi collected $8.82 from pot
*** SUMMARY ***
Total pot $18 | Rake $0.36
Board [3c Qh 8h Jd Ad]
Seat 2: Agrotait (big blind) showed [4h 9s] and won ($8.82) with high card Ace
Seat 3: stasschi (button) (small blind) showed [4d 9h] and won ($8.82) with high card Ace


PokerStars Hand #167700978982:  Hold'em Limit ($3/$6 USD) - 2017/03/17 6:26:21 ET
Table 'Transvaalia' 6-max Seat #2 is the button
Seat 2: Agrotait ($85.15 in chips)
Seat 3: stasschi ($154.23 in chips)
Agrotait: posts small blind $1
stasschi: posts big blind $3
*** HOLE CARDS ***
Agrotait: raises $3 to $6
stasschi: calls $3
*** FLOP *** [As 2h Qh]
stasschi: checks
Agrotait: bets $3
stasschi: folds
Uncalled bet ($3) returned to Agrotait
Agrotait collected $11.76 from pot
Agrotait: doesn't show hand
*** SUMMARY ***
Total pot $12 | Rake $0.24
Board [As 2h Qh]
Seat 2: Agrotait (button) (small blind) collected ($11.76)
Seat 3: stasschi (big blind) folded on the Flop


PokerStars Hand #167700995670:  Hold'em Limit ($3/$6 USD) - 2017/03/17 6:27:03 ET
Table 'Transvaalia' 6-max Seat #3 is the button
Seat 2: Agrotait ($93.73 in chips)
Seat 3: stasschi ($145.05 in chips)
stasschi: posts small blind $1
Agrotait: posts big blind $3
*** HOLE CARDS ***
stasschi: folds
Uncalled bet ($2) returned to Agrotait
Agrotait collected $2 from pot
Agrotait: doesn't show hand
*** SUMMARY ***
Total pot $2 | Rake $0
Seat 2: Agrotait (big blind) collected ($2)
Seat 3: stasschi (button) (small blind) folded before Flop


PokerStars Hand #167700992515:  Hold'em Limit ($3/$6 USD) - 2017/03/17 6:26:55 ET
Table 'Transvaalia' 6-max Seat #2 is the button
Seat 2: Agrotait ($90.73 in chips)
Seat 3: stasschi ($148.05 in chips)
Agrotait: posts small blind $1
stasschi: posts big blind $3
*** HOLE CARDS ***
Agrotait: raises $3 to $6
stasschi: folds
Uncalled bet ($3) returned to Agrotait
Agrotait collected $6 from pot
Agrotait: doesn't show hand
*** SUMMARY ***
Total pot $6 | Rake $0
Seat 2: Agrotait (button) (small blind) collected ($6)
Seat 3: stasschi (big blind) folded before Flop


PokerStars Hand #167700997518:  Hold'em Limit ($3/$6 USD) - 2017/03/17 6:27:07 ET
Table 'Transvaalia' 6-max Seat #2 is the button
Seat 2: Agrotait ($94.73 in chips)
Seat 3: stasschi ($144.05 in chips)
Agrotait: posts small blind $1
stasschi: posts big blind $3
*** HOLE CARDS ***
Agrotait: raises $3 to $6
stasschi: calls $3
*** FLOP *** [3h 2s Ah]
stasschi: checks
Agrotait: bets $3
stasschi: raises $3 to $6
Agrotait: calls $3
*** TURN *** [3h 2s Ah] [Th]
stasschi: bets $6
Agrotait: calls $6
*** RIVER *** [3h 2s Ah Th] [6c]
stasschi: bets $6
Agrotait: calls $6
*** SHOW DOWN ***
stasschi: shows [2d 3d] (two pair, Threes and Deuces)
Agrotait: mucks hand
stasschi collected $47.50 from pot
*** SUMMARY ***
Total pot $48 | Rake $0.50
Board [3h 2s Ah Th 6c]
Seat 2: Agrotait (button) (small blind) mucked
Seat 3: stasschi (big blind) showed [2d 3d] and won ($47.50) with two pair, Threes and Deuces


PokerStars Hand #167701012797:  Hold'em Limit ($3/$6 USD) - 2017/03/17 6:27:46 ET
Table 'Transvaalia' 6-max Seat #2 is the button
Seat 2: Agrotait ($79.37 in chips)
Seat 3: stasschi ($158.55 in chips)
Agrotait: posts small blind $1
stasschi: posts big blind $3
*** HOLE CARDS ***
Agrotait: raises $3 to $6
stasschi: folds
Uncalled bet ($3) returned to Agrotait
Agrotait collected $6 from pot
Agrotait: doesn't show hand
*** SUMMARY ***
Total pot $6 | Rake $0
Seat 2: Agrotait (button) (small blind) collected ($6)
Seat 3: stasschi (big blind) folded before Flop


PokerStars Hand #167701005090:  Hold'em Limit ($3/$6 USD) - 2017/03/17 6:27:27 ET
Table 'Transvaalia' 6-max Seat #3 is the button
Seat 2: Agrotait ($70.73 in chips)
Seat 3: stasschi ($167.55 in chips)
stasschi: posts small blind $1
Agrotait: posts big blind $3
*** HOLE CARDS ***
stasschi: raises $3 to $6
Agrotait: calls $3
*** FLOP *** [Kd 9c 5d]
Agrotait: checks
stasschi: bets $3
Agrotait: calls $3
*** TURN *** [Kd 9c 5d] [5s]
Agrotait: checks
stasschi: checks
*** RIVER *** [Kd 9c 5d 5s] [Jh]
Agrotait: checks
stasschi: checks
*** SHOW DOWN ***
Agrotait: shows [4d Qc] (a pair of Fives)
stasschi: mucks hand
Agrotait collected $17.64 from pot
*** SUMMARY ***
Total pot $18 | Rake $0.36
Board [Kd 9c 5d 5s Jh]
Seat 2: Agrotait (big blind) showed [4d Qc] and won ($17.64) with a pair of Fives
Seat 3: stasschi (button) (small blind) mucked


PokerStars Hand #167701014963:  Hold'em Limit ($3/$6 USD) - 2017/03/17 6:27:52 ET
Table 'Transvaalia' 6-max Seat #3 is the button
Seat 2: Agrotait ($82.37 in chips)
Seat 3: stasschi ($155.55 in chips)
stasschi: posts small blind $1
Agrotait: posts big blind $3
*** HOLE CARDS ***
stasschi: raises $3 to $6
Agrotait: calls $3
*** FLOP *** [2c 3h 3c]
Agrotait: checks
stasschi: bets $3
Agrotait: raises $3 to $6
stasschi: raises $3 to $9
Agrotait: calls $3
*** TURN *** [2c 3h 3c] [Js]
Agrotait: checks
stasschi: bets $6
Agrotait: calls $6
*** RIVER *** [2c 3h 3c Js] [Td]
Agrotait: checks
stasschi: bets $6
Agrotait: calls $6
*** SHOW DOWN ***
stasschi: shows [3d Ks] (three of a kind, Threes)
Agrotait: mucks hand
stasschi collected $53.50 from pot
*** SUMMARY ***
Total pot $54 | Rake $0.50
Board [2c 3h 3c Js Td]
Seat 2: Agrotait (big blind) mucked
Seat 3: stasschi (button) (small blind) showed [3d Ks] and won ($53.50) with three of a kind, Threes


PokerStars Hand #167701033039:  Hold'em Limit ($3/$6 USD) - 2017/03/17 6:28:37 ET
Table 'Transvaalia' 6-max Seat #3 is the button
Seat 2: Agrotait ($95.50 in chips)
Seat 3: stasschi ($158.05 in chips)
stasschi: posts small blind $1
Agrotait: posts big blind $3
*** HOLE CARDS ***
stasschi: raises $3 to $6
Agrotait: calls $3
*** FLOP *** [As 6c 2c]
Agrotait: checks
stasschi: bets $3
Agrotait: calls $3
*** TURN *** [As 6c 2c] [Ac]
Agrotait: checks
stasschi: checks
*** RIVER *** [As 6c 2c Ac] [Js]
Agrotait: bets $6
stasschi: raises $6 to $12
Agrotait: folds
Uncalled bet ($6) returned to stasschi
stasschi collected $29.50 from pot
stasschi: doesn't show hand
*** SUMMARY ***
Total pot $30 | Rake $0.50
Board [As 6c 2c Ac Js]
Seat 2: Agrotait (big blind) folded on the River
Seat 3: stasschi (button) (small blind) collected ($29.50)


PokerStars Hand #167701024481:  Hold'em Limit ($3/$6 USD) - 2017/03/17 6:28:16 ET
Table 'Transvaalia' 6-max Seat #2 is the button
Seat 2: Agrotait ($72 in chips)
Seat 3: stasschi ($182.05 in chips)
Agrotait: posts small blind $1
stasschi: posts big blind $3
*** HOLE CARDS ***
Agrotait: raises $3 to $6
stasschi: calls $3
*** FLOP *** [4s 7d 3h]
stasschi: checks
Agrotait: bets $3
stasschi: raises $3 to $6
Agrotait: calls $3
*** TURN *** [4s 7d 3h] [Ad]
stasschi: bets $6
Agrotait: calls $6
*** RIVER *** [4s 7d 3h Ad] [4d]
stasschi: checks
Agrotait: bets $6
stasschi: calls $6
*** SHOW DOWN ***
Agrotait: shows [4c Kc] (three of a kind, Fours)
stasschi: mucks hand
Agrotait collected $47.50 from pot
*** SUMMARY ***
Total pot $48 | Rake $0.50
Board [4s 7d 3h Ad 4d]
Seat 2: Agrotait (button) (small blind) showed [4c Kc] and won ($47.50) with three of a kind, Fours
Seat 3: stasschi (big blind) mucked


PokerStars Hand #167701042616:  Hold'em Limit ($3/$6 USD) - 2017/03/17 6:29:01 ET
Table 'Transvaalia' 6-max Seat #2 is the button
Seat 2: Agrotait ($80.50 in chips)
Seat 3: stasschi ($172.55 in chips)
Agrotait: posts small blind $1
stasschi: posts big blind $3
*** HOLE CARDS ***
Agrotait: raises $3 to $6
stasschi: calls $3
*** FLOP *** [Td 6h 4h]
stasschi: checks
Agrotait: bets $3
stasschi: calls $3
*** TURN *** [Td 6h 4h] [5c]
stasschi: checks
Agrotait: checks
*** RIVER *** [Td 6h 4h 5c] [Jc]
stasschi: checks
Agrotait: bets $6
stasschi: folds
Uncalled bet ($6) returned to Agrotait
Agrotait collected $17.64 from pot
Agrotait: doesn't show hand
*** SUMMARY ***
Total pot $18 | Rake $0.36
Board [Td 6h 4h 5c Jc]
Seat 2: Agrotait (button) (small blind) collected ($17.64)
Seat 3: stasschi (big blind) folded on the River


PokerStars Hand #167701061816:  Hold'em Limit ($3/$6 USD) - 2017/03/17 6:29:50 ET
Table 'Transvaalia' 6-max Seat #2 is the button
Seat 2: Agrotait ($97.78 in chips)
Seat 3: stasschi ($154.55 in chips)
Agrotait: posts small blind $1
stasschi: posts big blind $3
*** HOLE CARDS ***
Agrotait: raises $3 to $6
stasschi: folds
Uncalled bet ($3) returned to Agrotait
Agrotait collected $6 from pot
Agrotait: doesn't show hand
*** SUMMARY ***
Total pot $6 | Rake $0
Seat 2: Agrotait (button) (small blind) collected ($6)
Seat 3: stasschi (big blind) folded before Flop


PokerStars Hand #167701052473:  Hold'em Limit ($3/$6 USD) - 2017/03/17 6:29:26 ET
Table 'Transvaalia' 6-max Seat #3 is the button
Seat 2: Agrotait ($89.14 in chips)
Seat 3: stasschi ($163.55 in chips)
stasschi: posts small blind $1
Agrotait: posts big blind $3
*** HOLE CARDS ***
stasschi: raises $3 to $6
Agrotait: calls $3
*** FLOP *** [9h Qs 8c]
Agrotait: checks
stasschi: bets $3
Agrotait: calls $3
*** TURN *** [9h Qs 8c] [Jd]
Agrotait: bets $6
stasschi: folds
Uncalled bet ($6) returned to Agrotait
Agrotait collected $17.64 from pot
Agrotait: doesn't show hand
*** SUMMARY ***
Total pot $18 | Rake $0.36
Board [9h Qs 8c Jd]
Seat 2: Agrotait (big blind) collected ($17.64)
Seat 3: stasschi (button) (small blind) folded on the Turn


PokerStars Hand #167701063987:  Hold'em Limit ($3/$6 USD) - 2017/03/17 6:29:56 ET
Table 'Transvaalia' 6-max Seat #3 is the button
Seat 2: Agrotait ($100.78 in chips)
Seat 3: stasschi ($151.55 in chips)
stasschi: posts small blind $1
Agrotait: posts big blind $3
*** HOLE CARDS ***
stasschi: raises $3 to $6
Agrotait: calls $3
*** FLOP *** [8c As 2h]
Agrotait: checks
stasschi: bets $3
Agrotait: calls $3
*** TURN *** [8c As 2h] [7d]
Agrotait: checks
stasschi: checks
*** RIVER *** [8c As 2h 7d] [Js]
Agrotait: checks
stasschi: checks
*** SHOW DOWN ***
Agrotait: shows [6c Qs] (high card Ace)
stasschi: shows [9d Kc] (high card Ace - King kicker)
stasschi collected $17.64 from pot
*** SUMMARY ***
Total pot $18 | Rake $0.36
Board [8c As 2h 7d Js]
Seat 2: Agrotait (big blind) showed [6c Qs] and lost with high card Ace
Seat 3: stasschi (button) (small blind) showed [9d Kc] and won ($17.64) with high card Ace


PokerStars Hand #167701084116:  Hold'em Limit ($3/$6 USD) - 2017/03/17 6:30:46 ET
Table 'Transvaalia' 6-max Seat #3 is the button
Seat 2: Agrotait ($97.54 in chips)
Seat 3: stasschi ($154.19 in chips)
stasschi: posts small blind $1
Agrotait: posts big blind $3
*** HOLE CARDS ***
stasschi: folds
Uncalled bet ($2) returned to Agrotait
Agrotait collected $2 from pot
Agrotait: doesn't show hand
*** SUMMARY ***
Total pot $2 | Rake $0
Seat 2: Agrotait (big blind) collected ($2)
Seat 3: stasschi (button) (small blind) folded before Flop


PokerStars Hand #167701074189:  Hold'em Limit ($3/$6 USD) - 2017/03/17 6:30:21 ET
Table 'Transvaalia' 6-max Seat #2 is the button
Seat 2: Agrotait ($91.78 in chips)
Seat 3: stasschi ($160.19 in chips)
Agrotait: posts small blind $1
stasschi: posts big blind $3
*** HOLE CARDS ***
Agrotait: raises $3 to $6
stasschi: calls $3
*** FLOP *** [7s 2s 6s]
stasschi: checks
Agrotait: checks
*** TURN *** [7s 2s 6s] [Td]
stasschi: checks
Agrotait: checks
*** RIVER *** [7s 2s 6s Td] [Js]
stasschi: checks
Agrotait: checks
*** SHOW DOWN ***
stasschi: shows [9c Ad] (high card Ace)
Agrotait: shows [5c Jc] (a pair of Jacks)
Agrotait collected $11.76 from pot
*** SUMMARY ***
Total pot $12 | Rake $0.24
Board [7s 2s 6s Td Js]
Seat 2: Agrotait (button) (small blind) showed [5c Jc] and won ($11.76) with a pair of Jacks
Seat 3: stasschi (big blind) showed [9c Ad] and lost with high card Ace


PokerStars Hand #167701091683:  Hold'em Limit ($3/$6 USD) - 2017/03/17 6:31:05 ET
Table 'Transvaalia' 6-max Seat #3 is the button
Seat 2: Agrotait ($89.54 in chips)
Seat 3: stasschi ($161.83 in chips)
stasschi: posts small blind $1
Agrotait: posts big blind $3
*** HOLE CARDS ***
stasschi: raises $3 to $6
Agrotait: calls $3
*** FLOP *** [4c 6d 3c]
Agrotait: checks
stasschi: checks
*** TURN *** [4c 6d 3c] [8h]
Agrotait: bets $6
stasschi: calls $6
*** RIVER *** [4c 6d 3c 8h] [Jh]
Agrotait: bets $6
stasschi: folds
Uncalled bet ($6) returned to Agrotait
Agrotait collected $23.52 from pot
Agrotait: doesn't show hand
*** SUMMARY ***
Total pot $24 | Rake $0.48
Board [4c 6d 3c 8h Jh]
Seat 2: Agrotait (big blind) collected ($23.52)
Seat 3: stasschi (button) (small blind) folded on the River


PokerStars Hand #167701086040:  Hold'em Limit ($3/$6 USD) - 2017/03/17 6:30:51 ET
Table 'Transvaalia' 6-max Seat #2 is the button
Seat 2: Agrotait ($98.54 in chips)
Seat 3: stasschi ($153.19 in chips)
Agrotait: posts small blind $1
stasschi: posts big blind $3
*** HOLE CARDS ***
Agrotait: raises $3 to $6
stasschi: calls $3
*** FLOP *** [Kh 2c 5h]
stasschi: checks
Agrotait: bets $3
stasschi: raises $3 to $6
Agrotait: folds
Uncalled bet ($3) returned to stasschi
stasschi collected $17.64 from pot
stasschi: doesn't show hand
*** SUMMARY ***
Total pot $18 | Rake $0.36
Board [Kh 2c 5h]
Seat 2: Agrotait (button) (small blind) folded on the Flop
Seat 3: stasschi (big blind) collected ($17.64)


PokerStars Hand #167701098579:  Hold'em Limit ($3/$6 USD) - 2017/03/17 6:31:23 ET
Table 'Transvaalia' 6-max Seat #2 is the button
Seat 2: Agrotait ($101.06 in chips)
Seat 3: stasschi ($149.83 in chips)
Agrotait: posts small blind $1
stasschi: posts big blind $3
*** HOLE CARDS ***
Agrotait: raises $3 to $6
stasschi: raises $3 to $9
Agrotait: calls $3
*** FLOP *** [Td Ts 6c]
stasschi: bets $3
Agrotait: calls $3
*** TURN *** [Td Ts 6c] [Kd]
stasschi: checks
Agrotait: bets $6
stasschi: folds
Uncalled bet ($6) returned to Agrotait
Agrotait collected $23.52 from pot
Agrotait: doesn't show hand
*** SUMMARY ***
Total pot $24 | Rake $0.48
Board [Td Ts 6c Kd]
Seat 2: Agrotait (button) (small blind) collected ($23.52)
Seat 3: stasschi (big blind) folded on the Turn


