PokerStars Hand #147399187548:  Hold'em Limit ($3/$6 USD) - 2016/01/20 20:14:26 ET
Table 'Triberga' 2-max Seat #1 is the button
Seat 1: RaisemyNut$ ($114.76 in chips)
Seat 2: kdcl ($203.31 in chips)
RaisemyNut$: posts small blind $1
kdcl: posts big blind $3
*** HOLE CARDS ***
RaisemyNut$: folds
Uncalled bet ($2) returned to kdcl
kdcl collected $2 from pot
*** SUMMARY ***
Total pot $2 | Rake $0
Seat 1: RaisemyNut$ (button) (small blind) folded before Flop
Seat 2: kdcl (big blind) collected ($2)


PokerStars Hand #147399184935:  Hold'em Limit ($3/$6 USD) - 2016/01/20 20:14:21 ET
Table 'Triberga' 2-max Seat #2 is the button
Seat 1: RaisemyNut$ ($113.76 in chips)
Seat 2: kdcl ($204.31 in chips)
kdcl: posts small blind $1
RaisemyNut$: posts big blind $3
*** HOLE CARDS ***
kdcl: folds
Uncalled bet ($2) returned to RaisemyNut$
RaisemyNut$ collected $2 from pot
RaisemyNut$: doesn't show hand
*** SUMMARY ***
Total pot $2 | Rake $0
Seat 1: RaisemyNut$ (big blind) collected ($2)
Seat 2: kdcl (button) (small blind) folded before Flop


PokerStars Hand #147399179276:  Hold'em Limit ($3/$6 USD) - 2016/01/20 20:14:11 ET
Table 'Triberga' 2-max Seat #1 is the button
Seat 1: RaisemyNut$ ($108 in chips)
Seat 2: kdcl ($210.31 in chips)
RaisemyNut$: posts small blind $1
kdcl: posts big blind $3
*** HOLE CARDS ***
RaisemyNut$: raises $3 to $6
kdcl: calls $3
*** FLOP *** [9d Jd 6c]
kdcl: checks
RaisemyNut$: bets $3
kdcl: folds
Uncalled bet ($3) returned to RaisemyNut$
RaisemyNut$ collected $11.76 from pot
RaisemyNut$: doesn't show hand
*** SUMMARY ***
Total pot $12 | Rake $0.24
Board [9d Jd 6c]
Seat 1: RaisemyNut$ (button) (small blind) collected ($11.76)
Seat 2: kdcl (big blind) folded on the Flop


PokerStars Hand #147399162268:  Hold'em Limit ($3/$6 USD) - 2016/01/20 20:13:41 ET
Table 'Triberga' 2-max Seat #2 is the button
Seat 1: RaisemyNut$ ($120 in chips)
Seat 2: kdcl ($198.79 in chips)
kdcl: posts small blind $1
RaisemyNut$: posts big blind $3
*** HOLE CARDS ***
kdcl: raises $3 to $6
RaisemyNut$: calls $3
*** FLOP *** [8d Tc Jh]
RaisemyNut$: checks
kdcl: checks
*** TURN *** [8d Tc Jh] [Kh]
RaisemyNut$: bets $6
kdcl: calls $6
*** RIVER *** [8d Tc Jh Kh] [6d]
RaisemyNut$: checks
kdcl: bets $6
RaisemyNut$: folds
Uncalled bet ($6) returned to kdcl
kdcl collected $23.52 from pot
*** SUMMARY ***
Total pot $24 | Rake $0.48
Board [8d Tc Jh Kh 6d]
Seat 1: RaisemyNut$ (big blind) folded on the River
Seat 2: kdcl (button) (small blind) collected ($23.52)


PokerStars Hand #147399214350:  Hold'em Limit ($3/$6 USD) - 2016/01/20 20:15:13 ET
Table 'Triberga' 2-max Seat #2 is the button
Seat 1: RaisemyNut$ ($96.52 in chips)
Seat 2: kdcl ($220.81 in chips)
kdcl: posts small blind $1
RaisemyNut$: posts big blind $3
*** HOLE CARDS ***
kdcl: raises $3 to $6
RaisemyNut$: calls $3
*** FLOP *** [Qh Jc Ac]
RaisemyNut$: checks
kdcl: bets $3
RaisemyNut$: calls $3
*** TURN *** [Qh Jc Ac] [Ah]
RaisemyNut$: checks
kdcl: checks
*** RIVER *** [Qh Jc Ac Ah] [2h]
RaisemyNut$: bets $6
kdcl: calls $6
*** SHOW DOWN ***
RaisemyNut$: shows [5s Tc] (a pair of Aces)
kdcl: shows [9c Kd] (a pair of Aces - King kicker)
kdcl collected $29.50 from pot
*** SUMMARY ***
Total pot $30 | Rake $0.50
Board [Qh Jc Ac Ah 2h]
Seat 1: RaisemyNut$ (big blind) showed [5s Tc] and lost with a pair of Aces
Seat 2: kdcl (button) (small blind) showed [9c Kd] and won ($29.50) with a pair of Aces


PokerStars Hand #147399211046:  Hold'em Limit ($3/$6 USD) - 2016/01/20 20:15:08 ET
Table 'Triberga' 2-max Seat #1 is the button
Seat 1: RaisemyNut$ ($93.52 in chips)
Seat 2: kdcl ($223.81 in chips)
RaisemyNut$: posts small blind $1
kdcl: posts big blind $3
*** HOLE CARDS ***
RaisemyNut$: raises $3 to $6
kdcl: folds
Uncalled bet ($3) returned to RaisemyNut$
RaisemyNut$ collected $6 from pot
RaisemyNut$: doesn't show hand
*** SUMMARY ***
Total pot $6 | Rake $0
Seat 1: RaisemyNut$ (button) (small blind) collected ($6)
Seat 2: kdcl (big blind) folded before Flop


PokerStars Hand #147399208090:  Hold'em Limit ($3/$6 USD) - 2016/01/20 20:15:02 ET
Table 'Triberga' 2-max Seat #2 is the button
Seat 1: RaisemyNut$ ($92.52 in chips)
Seat 2: kdcl ($224.81 in chips)
kdcl: posts small blind $1
RaisemyNut$: posts big blind $3
*** HOLE CARDS ***
kdcl: folds
Uncalled bet ($2) returned to RaisemyNut$
RaisemyNut$ collected $2 from pot
RaisemyNut$: doesn't show hand
*** SUMMARY ***
Total pot $2 | Rake $0
Seat 1: RaisemyNut$ (big blind) collected ($2)
Seat 2: kdcl (button) (small blind) folded before Flop


PokerStars Hand #147399196659:  Hold'em Limit ($3/$6 USD) - 2016/01/20 20:14:42 ET
Table 'Triberga' 2-max Seat #1 is the button
Seat 1: RaisemyNut$ ($119.52 in chips)
Seat 2: kdcl ($198.31 in chips)
RaisemyNut$: posts small blind $1
kdcl: posts big blind $3
*** HOLE CARDS ***
RaisemyNut$: raises $3 to $6
kdcl: calls $3
*** FLOP *** [8s Td 3d]
kdcl: checks
RaisemyNut$: bets $3
kdcl: calls $3
*** TURN *** [8s Td 3d] [As]
kdcl: checks
RaisemyNut$: bets $6
kdcl: raises $6 to $12
RaisemyNut$: calls $6
*** RIVER *** [8s Td 3d As] [7c]
kdcl: bets $6
RaisemyNut$: calls $6
*** SHOW DOWN ***
kdcl: shows [Ad 3c] (two pair, Aces and Threes)
RaisemyNut$: mucks hand
kdcl collected $53.50 from pot
*** SUMMARY ***
Total pot $54 | Rake $0.50
Board [8s Td 3d As 7c]
Seat 1: RaisemyNut$ (button) (small blind) mucked
Seat 2: kdcl (big blind) showed [Ad 3c] and won ($53.50) with two pair, Aces and Threes


PokerStars Hand #147399190072:  Hold'em Limit ($3/$6 USD) - 2016/01/20 20:14:30 ET
Table 'Triberga' 2-max Seat #2 is the button
Seat 1: RaisemyNut$ ($113.76 in chips)
Seat 2: kdcl ($204.31 in chips)
kdcl: posts small blind $1
RaisemyNut$: posts big blind $3
*** HOLE CARDS ***
kdcl: raises $3 to $6
RaisemyNut$: calls $3
*** FLOP *** [7h Qh 8h]
RaisemyNut$: checks
kdcl: checks
*** TURN *** [7h Qh 8h] [Td]
RaisemyNut$: bets $6
kdcl: folds
Uncalled bet ($6) returned to RaisemyNut$
RaisemyNut$ collected $11.76 from pot
RaisemyNut$: doesn't show hand
*** SUMMARY ***
Total pot $12 | Rake $0.24
Board [7h Qh 8h Td]
Seat 1: RaisemyNut$ (big blind) collected ($11.76)
Seat 2: kdcl (button) (small blind) folded on the Turn


PokerStars Hand #147399255121:  Hold'em Limit ($3/$6 USD) - 2016/01/20 20:16:25 ET
Table 'Triberga' 2-max Seat #2 is the button
Seat 1: RaisemyNut$ ($66.80 in chips)
Seat 2: kdcl ($248.31 in chips)
kdcl: posts small blind $1
RaisemyNut$: posts big blind $3
*** HOLE CARDS ***
kdcl: raises $3 to $6
RaisemyNut$: calls $3
*** FLOP *** [6s 2d Jc]
RaisemyNut$: checks
kdcl: bets $3
RaisemyNut$: folds
Uncalled bet ($3) returned to kdcl
kdcl collected $11.76 from pot
*** SUMMARY ***
Total pot $12 | Rake $0.24
Board [6s 2d Jc]
Seat 1: RaisemyNut$ (big blind) folded on the Flop
Seat 2: kdcl (button) (small blind) collected ($11.76)


PokerStars Hand #147399245732:  Hold'em Limit ($3/$6 USD) - 2016/01/20 20:16:09 ET
Table 'Triberga' 2-max Seat #1 is the button
Seat 1: RaisemyNut$ ($84.80 in chips)
Seat 2: kdcl ($230.81 in chips)
RaisemyNut$: posts small blind $1
kdcl: posts big blind $3
*** HOLE CARDS ***
RaisemyNut$: raises $3 to $6
kdcl: calls $3
*** FLOP *** [7h 5d Js]
kdcl: checks
RaisemyNut$: bets $3
kdcl: raises $3 to $6
RaisemyNut$: calls $3
*** TURN *** [7h 5d Js] [3s]
kdcl: bets $6
RaisemyNut$: calls $6
*** RIVER *** [7h 5d Js 3s] [Qh]
kdcl: bets $6
RaisemyNut$: folds
Uncalled bet ($6) returned to kdcl
kdcl collected $35.50 from pot
*** SUMMARY ***
Total pot $36 | Rake $0.50
Board [7h 5d Js 3s Qh]
Seat 1: RaisemyNut$ (button) (small blind) folded on the River
Seat 2: kdcl (big blind) collected ($35.50)


PokerStars Hand #147399243228:  Hold'em Limit ($3/$6 USD) - 2016/01/20 20:16:04 ET
Table 'Triberga' 2-max Seat #2 is the button
Seat 1: RaisemyNut$ ($83.80 in chips)
Seat 2: kdcl ($231.81 in chips)
kdcl: posts small blind $1
RaisemyNut$: posts big blind $3
*** HOLE CARDS ***
kdcl: folds
Uncalled bet ($2) returned to RaisemyNut$
RaisemyNut$ collected $2 from pot
RaisemyNut$: doesn't show hand
*** SUMMARY ***
Total pot $2 | Rake $0
Seat 1: RaisemyNut$ (big blind) collected ($2)
Seat 2: kdcl (button) (small blind) folded before Flop


PokerStars Hand #147399237855:  Hold'em Limit ($3/$6 USD) - 2016/01/20 20:15:55 ET
Table 'Triberga' 2-max Seat #1 is the button
Seat 1: RaisemyNut$ ($78.04 in chips)
Seat 2: kdcl ($237.81 in chips)
RaisemyNut$: posts small blind $1
kdcl: posts big blind $3
*** HOLE CARDS ***
RaisemyNut$: raises $3 to $6
kdcl: calls $3
*** FLOP *** [As 7c 7d]
kdcl: checks
RaisemyNut$: bets $3
kdcl: folds
Uncalled bet ($3) returned to RaisemyNut$
RaisemyNut$ collected $11.76 from pot
RaisemyNut$: doesn't show hand
*** SUMMARY ***
Total pot $12 | Rake $0.24
Board [As 7c 7d]
Seat 1: RaisemyNut$ (button) (small blind) collected ($11.76)
Seat 2: kdcl (big blind) folded on the Flop


PokerStars Hand #147399230508:  Hold'em Limit ($3/$6 USD) - 2016/01/20 20:15:42 ET
Table 'Triberga' 2-max Seat #2 is the button
Seat 1: RaisemyNut$ ($66.52 in chips)
Seat 2: kdcl ($249.81 in chips)
kdcl: posts small blind $1
RaisemyNut$: posts big blind $3
*** HOLE CARDS ***
kdcl: raises $3 to $6
RaisemyNut$: raises $3 to $9
kdcl: calls $3
*** FLOP *** [5s Ah Jh]
RaisemyNut$: bets $3
kdcl: calls $3
*** TURN *** [5s Ah Jh] [Kh]
RaisemyNut$: bets $6
kdcl: folds
Uncalled bet ($6) returned to RaisemyNut$
RaisemyNut$ collected $23.52 from pot
RaisemyNut$: doesn't show hand
*** SUMMARY ***
Total pot $24 | Rake $0.48
Board [5s Ah Jh Kh]
Seat 1: RaisemyNut$ (big blind) collected ($23.52)
Seat 2: kdcl (button) (small blind) folded on the Turn


PokerStars Hand #147399222500:  Hold'em Limit ($3/$6 USD) - 2016/01/20 20:15:28 ET
Table 'Triberga' 2-max Seat #1 is the button
Seat 1: RaisemyNut$ ($81.52 in chips)
Seat 2: kdcl ($235.31 in chips)
RaisemyNut$: posts small blind $1
kdcl: posts big blind $3
*** HOLE CARDS ***
RaisemyNut$: raises $3 to $6
kdcl: calls $3
*** FLOP *** [2d Jd 2s]
kdcl: checks
RaisemyNut$: bets $3
kdcl: calls $3
*** TURN *** [2d Jd 2s] [9h]
kdcl: checks
RaisemyNut$: bets $6
kdcl: raises $6 to $12
RaisemyNut$: folds
Uncalled bet ($6) returned to kdcl
kdcl collected $29.50 from pot
*** SUMMARY ***
Total pot $30 | Rake $0.50
Board [2d Jd 2s 9h]
Seat 1: RaisemyNut$ (button) (small blind) folded on the Turn
Seat 2: kdcl (big blind) collected ($29.50)


PokerStars Hand #147399283093:  Hold'em Limit ($3/$6 USD) - 2016/01/20 20:17:15 ET
Table 'Triberga' 2-max Seat #1 is the button
Seat 1: RaisemyNut$ ($72.52 in chips)
Seat 2: kdcl ($249.71 in chips)
RaisemyNut$: posts small blind $1
kdcl: posts big blind $3
*** HOLE CARDS ***
RaisemyNut$: folds
Uncalled bet ($2) returned to kdcl
kdcl collected $2 from pot
*** SUMMARY ***
Total pot $2 | Rake $0
Seat 1: RaisemyNut$ (button) (small blind) folded before Flop
Seat 2: kdcl (big blind) collected ($2)


PokerStars Hand #147399276017:  Hold'em Limit ($3/$6 USD) - 2016/01/20 20:17:02 ET
Table 'Triberga' 2-max Seat #2 is the button
Seat 1: RaisemyNut$ ($66.76 in chips)
Seat 2: kdcl ($255.71 in chips)
kdcl: posts small blind $1
RaisemyNut$: posts big blind $3
*** HOLE CARDS ***
kdcl: raises $3 to $6
RaisemyNut$: calls $3
*** FLOP *** [Qd 2d 6h]
RaisemyNut$: checks
kdcl: checks
*** TURN *** [Qd 2d 6h] [5c]
RaisemyNut$: bets $6
kdcl: folds
Uncalled bet ($6) returned to RaisemyNut$
RaisemyNut$ collected $11.76 from pot
RaisemyNut$: doesn't show hand
*** SUMMARY ***
Total pot $12 | Rake $0.24
Board [Qd 2d 6h 5c]
Seat 1: RaisemyNut$ (big blind) collected ($11.76)
Seat 2: kdcl (button) (small blind) folded on the Turn


PokerStars Hand #147399269470:  Hold'em Limit ($3/$6 USD) - 2016/01/20 20:16:51 ET
Table 'Triberga' 2-max Seat #1 is the button
Seat 1: RaisemyNut$ ($61 in chips)
Seat 2: kdcl ($261.71 in chips)
RaisemyNut$: posts small blind $1
kdcl: posts big blind $3
*** HOLE CARDS ***
RaisemyNut$: raises $3 to $6
kdcl: calls $3
*** FLOP *** [Th Kd Ac]
kdcl: checks
RaisemyNut$: bets $3
kdcl: folds
Uncalled bet ($3) returned to RaisemyNut$
RaisemyNut$ collected $11.76 from pot
RaisemyNut$: doesn't show hand
*** SUMMARY ***
Total pot $12 | Rake $0.24
Board [Th Kd Ac]
Seat 1: RaisemyNut$ (button) (small blind) collected ($11.76)
Seat 2: kdcl (big blind) folded on the Flop


PokerStars Hand #147399266661:  Hold'em Limit ($3/$6 USD) - 2016/01/20 20:16:46 ET
Table 'Triberga' 2-max Seat #2 is the button
Seat 1: RaisemyNut$ ($60 in chips)
Seat 2: kdcl ($262.71 in chips)
kdcl: posts small blind $1
RaisemyNut$: posts big blind $3
*** HOLE CARDS ***
kdcl: folds
Uncalled bet ($2) returned to RaisemyNut$
RaisemyNut$ collected $2 from pot
RaisemyNut$: doesn't show hand
*** SUMMARY ***
Total pot $2 | Rake $0
Seat 1: RaisemyNut$ (big blind) collected ($2)
Seat 2: kdcl (button) (small blind) folded before Flop


PokerStars Hand #147399260398:  Hold'em Limit ($3/$6 USD) - 2016/01/20 20:16:34 ET
Table 'Triberga' 2-max Seat #1 is the button
Seat 1: RaisemyNut$ ($60.80 in chips)
Seat 2: kdcl ($254.07 in chips)
RaisemyNut$: posts small blind $1
kdcl: posts big blind $3
*** HOLE CARDS ***
RaisemyNut$: raises $3 to $6
kdcl: calls $3
*** FLOP *** [4d Jh Kd]
kdcl: checks
RaisemyNut$: bets $3
kdcl: raises $3 to $6
RaisemyNut$: folds
Uncalled bet ($3) returned to kdcl
kdcl collected $17.64 from pot
*** SUMMARY ***
Total pot $18 | Rake $0.36
Board [4d Jh Kd]
Seat 1: RaisemyNut$ (button) (small blind) folded on the Flop
Seat 2: kdcl (big blind) collected ($17.64)


PokerStars Hand #147399318924:  Hold'em Limit ($3/$6 USD) - 2016/01/20 20:18:19 ET
Table 'Triberga' 2-max Seat #1 is the button
Seat 1: RaisemyNut$ ($112.27 in chips)
Seat 2: kdcl ($208.46 in chips)
RaisemyNut$: posts small blind $1
kdcl: posts big blind $3
*** HOLE CARDS ***
RaisemyNut$: raises $3 to $6
kdcl: raises $3 to $9
RaisemyNut$: calls $3
*** FLOP *** [2h Ks 7c]
kdcl: bets $3
RaisemyNut$: calls $3
*** TURN *** [2h Ks 7c] [Kc]
kdcl: bets $6
RaisemyNut$: calls $6
*** RIVER *** [2h Ks 7c Kc] [9d]
kdcl: bets $6
RaisemyNut$: calls $6
*** SHOW DOWN ***
kdcl: shows [Kd 7s] (a full house, Kings full of Sevens)
RaisemyNut$: mucks hand
kdcl collected $47.50 from pot
*** SUMMARY ***
Total pot $48 | Rake $0.50
Board [2h Ks 7c Kc 9d]
Seat 1: RaisemyNut$ (button) (small blind) mucked
Seat 2: kdcl (big blind) showed [Kd 7s] and won ($47.50) with a full house, Kings full of Sevens


PokerStars Hand #147399285781:  Hold'em Limit ($3/$6 USD) - 2016/01/20 20:17:20 ET
Table 'Triberga' 2-max Seat #2 is the button
Seat 1: RaisemyNut$ ($71.52 in chips)
Seat 2: kdcl ($250.71 in chips)
kdcl: posts small blind $1
RaisemyNut$: posts big blind $3
*** HOLE CARDS ***
kdcl: raises $3 to $6
RaisemyNut$: raises $3 to $9
kdcl: calls $3
*** FLOP *** [5s 6d 5d]
RaisemyNut$: bets $3
kdcl: calls $3
*** TURN *** [5s 6d 5d] [2c]
RaisemyNut$: bets $6
kdcl: calls $6
*** RIVER *** [5s 6d 5d 2c] [Kd]
RaisemyNut$: checks
kdcl: checks
*** SHOW DOWN ***
RaisemyNut$: shows [As Ts] (a pair of Fives)
kdcl: mucks hand
RaisemyNut$ collected $35.50 from pot
*** SUMMARY ***
Total pot $36 | Rake $0.50
Board [5s 6d 5d 2c Kd]
Seat 1: RaisemyNut$ (big blind) showed [As Ts] and won ($35.50) with a pair of Fives
Seat 2: kdcl (button) (small blind) mucked


PokerStars Hand #147399296666:  Hold'em Limit ($3/$6 USD) - 2016/01/20 20:17:39 ET
Table 'Triberga' 2-max Seat #1 is the button
Seat 1: RaisemyNut$ ($89.02 in chips)
Seat 2: kdcl ($232.71 in chips)
RaisemyNut$: posts small blind $1
kdcl: posts big blind $3
*** HOLE CARDS ***
RaisemyNut$: raises $3 to $6
kdcl: calls $3
*** FLOP *** [4d 2h 3c]
kdcl: checks
RaisemyNut$: bets $3
kdcl: calls $3
*** TURN *** [4d 2h 3c] [Ts]
kdcl: checks
RaisemyNut$: bets $6
kdcl: calls $6
*** RIVER *** [4d 2h 3c Ts] [Ad]
kdcl: checks
RaisemyNut$: bets $6
kdcl: raises $6 to $12
RaisemyNut$: calls $6
*** SHOW DOWN ***
kdcl: shows [2c 5c] (a straight, Ace to Five)
RaisemyNut$: shows [5h 9c] (a straight, Ace to Five)
kdcl collected $26.75 from pot
RaisemyNut$ collected $26.75 from pot
*** SUMMARY ***
Total pot $54 | Rake $0.50
Board [4d 2h 3c Ts Ad]
Seat 1: RaisemyNut$ (button) (small blind) showed [5h 9c] and won ($26.75) with a straight, Ace to Five
Seat 2: kdcl (big blind) showed [2c 5c] and won ($26.75) with a straight, Ace to Five


PokerStars Hand #147399308234:  Hold'em Limit ($3/$6 USD) - 2016/01/20 20:18:00 ET
Table 'Triberga' 2-max Seat #2 is the button
Seat 1: RaisemyNut$ ($88.77 in chips)
Seat 2: kdcl ($232.46 in chips)
kdcl: posts small blind $1
RaisemyNut$: posts big blind $3
*** HOLE CARDS ***
kdcl: raises $3 to $6
RaisemyNut$: raises $3 to $9
kdcl: calls $3
*** FLOP *** [Kc Jh 3c]
RaisemyNut$: bets $3
kdcl: calls $3
*** TURN *** [Kc Jh 3c] [Qs]
RaisemyNut$: bets $6
kdcl: calls $6
*** RIVER *** [Kc Jh 3c Qs] [6d]
RaisemyNut$: checks
kdcl: bets $6
RaisemyNut$: raises $6 to $12
kdcl: folds
Uncalled bet ($6) returned to RaisemyNut$
RaisemyNut$ collected $47.50 from pot
RaisemyNut$: doesn't show hand
*** SUMMARY ***
Total pot $48 | Rake $0.50
Board [Kc Jh 3c Qs 6d]
Seat 1: RaisemyNut$ (big blind) collected ($47.50)
Seat 2: kdcl (button) (small blind) folded on the River


PokerStars Hand #147399327851:  Hold'em Limit ($3/$6 USD) - 2016/01/20 20:18:35 ET
Table 'Triberga' 2-max Seat #2 is the button
Seat 1: RaisemyNut$ ($88.27 in chips)
Seat 2: kdcl ($231.96 in chips)
kdcl: posts small blind $1
RaisemyNut$: posts big blind $3
*** HOLE CARDS ***
kdcl: raises $3 to $6
RaisemyNut$: calls $3
*** FLOP *** [Ts Tc 4c]
RaisemyNut$: checks
kdcl: checks
*** TURN *** [Ts Tc 4c] [9d]
RaisemyNut$: bets $6
kdcl: calls $6
*** RIVER *** [Ts Tc 4c 9d] [8h]
RaisemyNut$: bets $6
kdcl: calls $6
*** SHOW DOWN ***
RaisemyNut$: shows [6h 4s] (two pair, Tens and Fours)
kdcl: mucks hand
RaisemyNut$ collected $35.50 from pot
*** SUMMARY ***
Total pot $36 | Rake $0.50
Board [Ts Tc 4c 9d 8h]
Seat 1: RaisemyNut$ (big blind) showed [6h 4s] and won ($35.50) with two pair, Tens and Fours
Seat 2: kdcl (button) (small blind) mucked


PokerStars Hand #147399335777:  Hold'em Limit ($3/$6 USD) - 2016/01/20 20:18:49 ET
Table 'Triberga' 2-max Seat #1 is the button
Seat 1: RaisemyNut$ ($105.77 in chips)
Seat 2: kdcl ($213.96 in chips)
RaisemyNut$: posts small blind $1
kdcl: posts big blind $3
*** HOLE CARDS ***
RaisemyNut$: raises $3 to $6
kdcl: raises $3 to $9
RaisemyNut$: calls $3
*** FLOP *** [4d Js Kd]
kdcl: bets $3
RaisemyNut$: calls $3
*** TURN *** [4d Js Kd] [2h]
kdcl: bets $6
RaisemyNut$: calls $6
*** RIVER *** [4d Js Kd 2h] [5h]
kdcl: bets $6
RaisemyNut$: calls $6
*** SHOW DOWN ***
kdcl: shows [Qc Th] (high card King)
RaisemyNut$: shows [Jd 6h] (a pair of Jacks)
RaisemyNut$ collected $47.50 from pot
*** SUMMARY ***
Total pot $48 | Rake $0.50
Board [4d Js Kd 2h 5h]
Seat 1: RaisemyNut$ (button) (small blind) showed [Jd 6h] and won ($47.50) with a pair of Jacks
Seat 2: kdcl (big blind) showed [Qc Th] and lost with high card King


PokerStars Hand #147399343296:  Hold'em Limit ($3/$6 USD) - 2016/01/20 20:19:03 ET
Table 'Triberga' 2-max Seat #2 is the button
Seat 1: RaisemyNut$ ($129.27 in chips)
Seat 2: kdcl ($189.96 in chips)
kdcl: posts small blind $1
RaisemyNut$: posts big blind $3
*** HOLE CARDS ***
kdcl: raises $3 to $6
RaisemyNut$: calls $3
*** FLOP *** [Kc Jc 9s]
RaisemyNut$: checks
kdcl: checks
*** TURN *** [Kc Jc 9s] [Ad]
RaisemyNut$: bets $6
kdcl: folds
Uncalled bet ($6) returned to RaisemyNut$
RaisemyNut$ collected $11.76 from pot
RaisemyNut$: doesn't show hand
*** SUMMARY ***
Total pot $12 | Rake $0.24
Board [Kc Jc 9s Ad]
Seat 1: RaisemyNut$ (big blind) collected ($11.76)
Seat 2: kdcl (button) (small blind) folded on the Turn


PokerStars Hand #147399349164:  Hold'em Limit ($3/$6 USD) - 2016/01/20 20:19:14 ET
Table 'Triberga' 2-max Seat #1 is the button
Seat 1: RaisemyNut$ ($135.03 in chips)
Seat 2: kdcl ($183.96 in chips)
RaisemyNut$: posts small blind $1
kdcl: posts big blind $3
*** HOLE CARDS ***
RaisemyNut$: raises $3 to $6
kdcl: calls $3
*** FLOP *** [Ts 7c 8s]
kdcl: checks
RaisemyNut$: bets $3
kdcl: raises $3 to $6
RaisemyNut$: calls $3
*** TURN *** [Ts 7c 8s] [Qh]
kdcl: bets $6
RaisemyNut$: folds
Uncalled bet ($6) returned to kdcl
kdcl collected $23.52 from pot
*** SUMMARY ***
Total pot $24 | Rake $0.48
Board [Ts 7c 8s Qh]
Seat 1: RaisemyNut$ (button) (small blind) folded on the Turn
Seat 2: kdcl (big blind) collected ($23.52)


PokerStars Hand #147399356808:  Hold'em Limit ($3/$6 USD) - 2016/01/20 20:19:27 ET
Table 'Triberga' 2-max Seat #2 is the button
Seat 1: RaisemyNut$ ($123.03 in chips)
Seat 2: kdcl ($195.48 in chips)
kdcl: posts small blind $1
RaisemyNut$: posts big blind $3
*** HOLE CARDS ***
kdcl: raises $3 to $6
RaisemyNut$: raises $3 to $9
kdcl: calls $3
*** FLOP *** [6s 6d Jc]
RaisemyNut$: bets $3
kdcl: calls $3
*** TURN *** [6s 6d Jc] [8h]
RaisemyNut$: bets $6
kdcl: calls $6
*** RIVER *** [6s 6d Jc 8h] [3s]
RaisemyNut$: checks
kdcl: checks
*** SHOW DOWN ***
RaisemyNut$: shows [Td Qd] (a pair of Sixes)
kdcl: shows [2d Ks] (a pair of Sixes - King kicker)
kdcl collected $35.50 from pot
*** SUMMARY ***
Total pot $36 | Rake $0.50
Board [6s 6d Jc 8h 3s]
Seat 1: RaisemyNut$ (big blind) showed [Td Qd] and lost with a pair of Sixes
Seat 2: kdcl (button) (small blind) showed [2d Ks] and won ($35.50) with a pair of Sixes


PokerStars Hand #147399364776:  Hold'em Limit ($3/$6 USD) - 2016/01/20 20:19:42 ET
Table 'Triberga' 2-max Seat #1 is the button
Seat 1: RaisemyNut$ ($105.03 in chips)
Seat 2: kdcl ($212.98 in chips)
RaisemyNut$: posts small blind $1
kdcl: posts big blind $3
*** HOLE CARDS ***
RaisemyNut$: raises $3 to $6
kdcl: calls $3
*** FLOP *** [7s 7c Ac]
kdcl: checks
RaisemyNut$: bets $3
kdcl: folds
Uncalled bet ($3) returned to RaisemyNut$
RaisemyNut$ collected $11.76 from pot
RaisemyNut$: doesn't show hand
*** SUMMARY ***
Total pot $12 | Rake $0.24
Board [7s 7c Ac]
Seat 1: RaisemyNut$ (button) (small blind) collected ($11.76)
Seat 2: kdcl (big blind) folded on the Flop


PokerStars Hand #147399369741:  Hold'em Limit ($3/$6 USD) - 2016/01/20 20:19:51 ET
Table 'Triberga' 2-max Seat #2 is the button
Seat 1: RaisemyNut$ ($110.79 in chips)
Seat 2: kdcl ($206.98 in chips)
kdcl: posts small blind $1
RaisemyNut$: posts big blind $3
*** HOLE CARDS ***
kdcl: raises $3 to $6
RaisemyNut$: calls $3
*** FLOP *** [3d 6d Kd]
RaisemyNut$: checks
kdcl: bets $3
RaisemyNut$: folds
Uncalled bet ($3) returned to kdcl
kdcl collected $11.76 from pot
*** SUMMARY ***
Total pot $12 | Rake $0.24
Board [3d 6d Kd]
Seat 1: RaisemyNut$ (big blind) folded on the Flop
Seat 2: kdcl (button) (small blind) collected ($11.76)


PokerStars Hand #147399375332:  Hold'em Limit ($3/$6 USD) - 2016/01/20 20:20:01 ET
Table 'Triberga' 2-max Seat #1 is the button
Seat 1: RaisemyNut$ ($104.79 in chips)
Seat 2: kdcl ($212.74 in chips)
RaisemyNut$: posts small blind $1
kdcl: posts big blind $3
*** HOLE CARDS ***
RaisemyNut$: raises $3 to $6
kdcl: calls $3
*** FLOP *** [Th Ks 7c]
kdcl: checks
RaisemyNut$: bets $3
kdcl: calls $3
*** TURN *** [Th Ks 7c] [5d]
kdcl: checks
RaisemyNut$: bets $6
kdcl: folds
Uncalled bet ($6) returned to RaisemyNut$
RaisemyNut$ collected $17.64 from pot
RaisemyNut$: doesn't show hand
*** SUMMARY ***
Total pot $18 | Rake $0.36
Board [Th Ks 7c 5d]
Seat 1: RaisemyNut$ (button) (small blind) collected ($17.64)
Seat 2: kdcl (big blind) folded on the Turn


PokerStars Hand #147399382502:  Hold'em Limit ($3/$6 USD) - 2016/01/20 20:20:14 ET
Table 'Triberga' 2-max Seat #2 is the button
Seat 1: RaisemyNut$ ($113.43 in chips)
Seat 2: kdcl ($203.74 in chips)
kdcl: posts small blind $1
RaisemyNut$: posts big blind $3
*** HOLE CARDS ***
kdcl: raises $3 to $6
RaisemyNut$: calls $3
*** FLOP *** [Kh 4c 7d]
RaisemyNut$: checks
kdcl: checks
*** TURN *** [Kh 4c 7d] [4d]
RaisemyNut$: bets $6
kdcl: calls $6
*** RIVER *** [Kh 4c 7d 4d] [8d]
RaisemyNut$: checks
kdcl: bets $6
RaisemyNut$: folds
Uncalled bet ($6) returned to kdcl
kdcl collected $23.52 from pot
*** SUMMARY ***
Total pot $24 | Rake $0.48
Board [Kh 4c 7d 4d 8d]
Seat 1: RaisemyNut$ (big blind) folded on the River
Seat 2: kdcl (button) (small blind) collected ($23.52)


PokerStars Hand #147399398108:  Hold'em Limit ($3/$6 USD) - 2016/01/20 20:20:43 ET
Table 'Triberga' 2-max Seat #2 is the button
Seat 1: RaisemyNut$ ($110.07 in chips)
Seat 2: kdcl ($206.26 in chips)
kdcl: posts small blind $1
RaisemyNut$: posts big blind $3
*** HOLE CARDS ***
kdcl: raises $3 to $6
RaisemyNut$: calls $3
*** FLOP *** [5s 6h Kc]
RaisemyNut$: checks
kdcl: checks
*** TURN *** [5s 6h Kc] [4h]
RaisemyNut$: checks
kdcl: bets $6
RaisemyNut$: folds
Uncalled bet ($6) returned to kdcl
kdcl collected $11.76 from pot
*** SUMMARY ***
Total pot $12 | Rake $0.24
Board [5s 6h Kc 4h]
Seat 1: RaisemyNut$ (big blind) folded on the Turn
Seat 2: kdcl (button) (small blind) collected ($11.76)


PokerStars Hand #147399404496:  Hold'em Limit ($3/$6 USD) - 2016/01/20 20:20:54 ET
Table 'Triberga' 2-max Seat #1 is the button
Seat 1: RaisemyNut$ ($104.07 in chips)
Seat 2: kdcl ($212.02 in chips)
RaisemyNut$: posts small blind $1
kdcl: posts big blind $3
*** HOLE CARDS ***
RaisemyNut$: raises $3 to $6
kdcl: calls $3
*** FLOP *** [Th 2c Ts]
kdcl: checks
RaisemyNut$: bets $3
kdcl: raises $3 to $6
RaisemyNut$: calls $3
*** TURN *** [Th 2c Ts] [6c]
kdcl: checks
RaisemyNut$: checks
*** RIVER *** [Th 2c Ts 6c] [8d]
kdcl: checks
RaisemyNut$: checks
*** SHOW DOWN ***
kdcl: shows [3h Kd] (a pair of Tens)
RaisemyNut$: shows [Ks 7d] (a pair of Tens - King+Eight+Seven kicker)
RaisemyNut$ collected $23.52 from pot
*** SUMMARY ***
Total pot $24 | Rake $0.48
Board [Th 2c Ts 6c 8d]
Seat 1: RaisemyNut$ (button) (small blind) showed [Ks 7d] and won ($23.52) with a pair of Tens
Seat 2: kdcl (big blind) showed [3h Kd] and lost with a pair of Tens


PokerStars Hand #147399418298:  Hold'em Limit ($3/$6 USD) - 2016/01/20 20:21:20 ET
Table 'Triberga' 2-max Seat #1 is the button
Seat 1: RaisemyNut$ ($124.23 in chips)
Seat 2: kdcl ($191.02 in chips)
RaisemyNut$: posts small blind $1
kdcl: posts big blind $3
*** HOLE CARDS ***
RaisemyNut$: folds
Uncalled bet ($2) returned to kdcl
kdcl collected $2 from pot
*** SUMMARY ***
Total pot $2 | Rake $0
Seat 1: RaisemyNut$ (button) (small blind) folded before Flop
Seat 2: kdcl (big blind) collected ($2)


PokerStars Hand #147399413246:  Hold'em Limit ($3/$6 USD) - 2016/01/20 20:21:11 ET
Table 'Triberga' 2-max Seat #2 is the button
Seat 1: RaisemyNut$ ($115.59 in chips)
Seat 2: kdcl ($200.02 in chips)
kdcl: posts small blind $1
RaisemyNut$: posts big blind $3
*** HOLE CARDS ***
kdcl: raises $3 to $6
RaisemyNut$: raises $3 to $9
kdcl: calls $3
*** FLOP *** [Ad 3s Kh]
RaisemyNut$: bets $3
kdcl: folds
Uncalled bet ($3) returned to RaisemyNut$
RaisemyNut$ collected $17.64 from pot
RaisemyNut$: doesn't show hand
*** SUMMARY ***
Total pot $18 | Rake $0.36
Board [Ad 3s Kh]
Seat 1: RaisemyNut$ (big blind) collected ($17.64)
Seat 2: kdcl (button) (small blind) folded on the Flop


PokerStars Hand #147399423306:  Hold'em Limit ($3/$6 USD) - 2016/01/20 20:21:29 ET
Table 'Triberga' 2-max Seat #1 is the button
Seat 1: RaisemyNut$ ($124.23 in chips)
Seat 2: kdcl ($191.02 in chips)
RaisemyNut$: posts small blind $1
kdcl: posts big blind $3
*** HOLE CARDS ***
RaisemyNut$: folds
Uncalled bet ($2) returned to kdcl
kdcl collected $2 from pot
*** SUMMARY ***
Total pot $2 | Rake $0
Seat 1: RaisemyNut$ (button) (small blind) folded before Flop
Seat 2: kdcl (big blind) collected ($2)


PokerStars Hand #147399420654:  Hold'em Limit ($3/$6 USD) - 2016/01/20 20:21:24 ET
Table 'Triberga' 2-max Seat #2 is the button
Seat 1: RaisemyNut$ ($123.23 in chips)
Seat 2: kdcl ($192.02 in chips)
kdcl: posts small blind $1
RaisemyNut$: posts big blind $3
*** HOLE CARDS ***
kdcl: folds
Uncalled bet ($2) returned to RaisemyNut$
RaisemyNut$ collected $2 from pot
RaisemyNut$: doesn't show hand
*** SUMMARY ***
Total pot $2 | Rake $0
Seat 1: RaisemyNut$ (big blind) collected ($2)
Seat 2: kdcl (button) (small blind) folded before Flop


PokerStars Hand #147399425712:  Hold'em Limit ($3/$6 USD) - 2016/01/20 20:21:34 ET
Table 'Triberga' 2-max Seat #2 is the button
Seat 1: RaisemyNut$ ($123.23 in chips)
Seat 2: kdcl ($192.02 in chips)
kdcl: posts small blind $1
RaisemyNut$: posts big blind $3
*** HOLE CARDS ***
kdcl: raises $3 to $6
RaisemyNut$: calls $3
*** FLOP *** [3d 2s 7s]
RaisemyNut$: checks
kdcl: bets $3
RaisemyNut$: calls $3
*** TURN *** [3d 2s 7s] [Qc]
RaisemyNut$: checks
kdcl: bets $6
RaisemyNut$: folds
Uncalled bet ($6) returned to kdcl
kdcl collected $17.64 from pot
*** SUMMARY ***
Total pot $18 | Rake $0.36
Board [3d 2s 7s Qc]
Seat 1: RaisemyNut$ (big blind) folded on the Turn
Seat 2: kdcl (button) (small blind) collected ($17.64)


PokerStars Hand #147399433286:  Hold'em Limit ($3/$6 USD) - 2016/01/20 20:21:48 ET
Table 'Triberga' 2-max Seat #1 is the button
Seat 1: RaisemyNut$ ($114.23 in chips)
Seat 2: kdcl ($200.66 in chips)
RaisemyNut$: posts small blind $1
kdcl: posts big blind $3
*** HOLE CARDS ***
RaisemyNut$: raises $3 to $6
kdcl: calls $3
*** FLOP *** [Ah Kd As]
kdcl: checks
RaisemyNut$: bets $3
kdcl: calls $3
*** TURN *** [Ah Kd As] [Ks]
kdcl: checks
RaisemyNut$: bets $6
kdcl: calls $6
*** RIVER *** [Ah Kd As Ks] [6s]
kdcl: checks
RaisemyNut$: checks
*** SHOW DOWN ***
kdcl: shows [Qs 3h] (two pair, Aces and Kings)
RaisemyNut$: mucks hand
kdcl collected $29.50 from pot
*** SUMMARY ***
Total pot $30 | Rake $0.50
Board [Ah Kd As Ks 6s]
Seat 1: RaisemyNut$ (button) (small blind) mucked
Seat 2: kdcl (big blind) showed [Qs 3h] and won ($29.50) with two pair, Aces and Kings


PokerStars Hand #147399442319:  Hold'em Limit ($3/$6 USD) - 2016/01/20 20:22:04 ET
Table 'Triberga' 2-max Seat #2 is the button
Seat 1: RaisemyNut$ ($99.23 in chips)
Seat 2: kdcl ($215.16 in chips)
kdcl: posts small blind $1
RaisemyNut$: posts big blind $3
*** HOLE CARDS ***
kdcl: raises $3 to $6
RaisemyNut$: raises $3 to $9
kdcl: calls $3
*** FLOP *** [Qh 5s 9h]
RaisemyNut$: bets $3
kdcl: calls $3
*** TURN *** [Qh 5s 9h] [8s]
RaisemyNut$: bets $6
kdcl: folds
Uncalled bet ($6) returned to RaisemyNut$
RaisemyNut$ collected $23.52 from pot
RaisemyNut$: doesn't show hand
*** SUMMARY ***
Total pot $24 | Rake $0.48
Board [Qh 5s 9h 8s]
Seat 1: RaisemyNut$ (big blind) collected ($23.52)
Seat 2: kdcl (button) (small blind) folded on the Turn


PokerStars Hand #147399448671:  Hold'em Limit ($3/$6 USD) - 2016/01/20 20:22:16 ET
Table 'Triberga' 2-max Seat #1 is the button
Seat 1: RaisemyNut$ ($110.75 in chips)
Seat 2: kdcl ($203.16 in chips)
RaisemyNut$: posts small blind $1
kdcl: posts big blind $3
*** HOLE CARDS ***
RaisemyNut$: raises $3 to $6
kdcl: calls $3
*** FLOP *** [6d 3c 8c]
kdcl: checks
RaisemyNut$: checks
*** TURN *** [6d 3c 8c] [4c]
kdcl: bets $6
RaisemyNut$: calls $6
*** RIVER *** [6d 3c 8c 4c] [3h]
kdcl: checks
RaisemyNut$: bets $6
kdcl: calls $6
*** SHOW DOWN ***
RaisemyNut$: shows [Th 5h] (a pair of Threes)
kdcl: shows [4d 7c] (two pair, Fours and Threes)
kdcl collected $35.50 from pot
*** SUMMARY ***
Total pot $36 | Rake $0.50
Board [6d 3c 8c 4c 3h]
Seat 1: RaisemyNut$ (button) (small blind) showed [Th 5h] and lost with a pair of Threes
Seat 2: kdcl (big blind) showed [4d 7c] and won ($35.50) with two pair, Fours and Threes


PokerStars Hand #147399461750:  Hold'em Limit ($3/$6 USD) - 2016/01/20 20:22:40 ET
Table 'Triberga' 2-max Seat #1 is the button
Seat 1: RaisemyNut$ ($86.75 in chips)
Seat 2: kdcl ($226.42 in chips)
RaisemyNut$: posts small blind $1
kdcl: posts big blind $3
*** HOLE CARDS ***
RaisemyNut$: raises $3 to $6
kdcl: folds
Uncalled bet ($3) returned to RaisemyNut$
RaisemyNut$ collected $6 from pot
RaisemyNut$: doesn't show hand
*** SUMMARY ***
Total pot $6 | Rake $0
Seat 1: RaisemyNut$ (button) (small blind) collected ($6)
Seat 2: kdcl (big blind) folded before Flop


PokerStars Hand #147399457075:  Hold'em Limit ($3/$6 USD) - 2016/01/20 20:22:32 ET
Table 'Triberga' 2-max Seat #2 is the button
Seat 1: RaisemyNut$ ($92.75 in chips)
Seat 2: kdcl ($220.66 in chips)
kdcl: posts small blind $1
RaisemyNut$: posts big blind $3
*** HOLE CARDS ***
kdcl: raises $3 to $6
RaisemyNut$: calls $3
*** FLOP *** [Ad Tc 7c]
RaisemyNut$: checks
kdcl: bets $3
RaisemyNut$: folds
Uncalled bet ($3) returned to kdcl
kdcl collected $11.76 from pot
*** SUMMARY ***
Total pot $12 | Rake $0.24
Board [Ad Tc 7c]
Seat 1: RaisemyNut$ (big blind) folded on the Flop
Seat 2: kdcl (button) (small blind) collected ($11.76)


PokerStars Hand #147399464779:  Hold'em Limit ($3/$6 USD) - 2016/01/20 20:22:46 ET
Table 'Triberga' 2-max Seat #2 is the button
Seat 1: RaisemyNut$ ($89.75 in chips)
Seat 2: kdcl ($223.42 in chips)
kdcl: posts small blind $1
RaisemyNut$: posts big blind $3
*** HOLE CARDS ***
kdcl: raises $3 to $6
RaisemyNut$: raises $3 to $9
kdcl: calls $3
*** FLOP *** [5s 3s 5c]
RaisemyNut$: bets $3
kdcl: calls $3
*** TURN *** [5s 3s 5c] [8d]
RaisemyNut$: bets $6
kdcl: calls $6
*** RIVER *** [5s 3s 5c 8d] [2d]
RaisemyNut$: checks
kdcl: checks
*** SHOW DOWN ***
RaisemyNut$: shows [Tc Qd] (a pair of Fives)
kdcl: shows [7s Kh] (a pair of Fives - King kicker)
kdcl collected $35.50 from pot
*** SUMMARY ***
Total pot $36 | Rake $0.50
Board [5s 3s 5c 8d 2d]
Seat 1: RaisemyNut$ (big blind) showed [Tc Qd] and lost with a pair of Fives
Seat 2: kdcl (button) (small blind) showed [7s Kh] and won ($35.50) with a pair of Fives


PokerStars Hand #147399473063:  Hold'em Limit ($3/$6 USD) - 2016/01/20 20:23:01 ET
Table 'Triberga' 2-max Seat #1 is the button
Seat 1: RaisemyNut$ ($71.75 in chips)
Seat 2: kdcl ($240.92 in chips)
RaisemyNut$: posts small blind $1
kdcl: posts big blind $3
*** HOLE CARDS ***
RaisemyNut$: raises $3 to $6
kdcl: raises $3 to $9
RaisemyNut$: calls $3
*** FLOP *** [9s Jh 8h]
kdcl: bets $3
RaisemyNut$: calls $3
*** TURN *** [9s Jh 8h] [3h]
kdcl: checks
RaisemyNut$: checks
*** RIVER *** [9s Jh 8h 3h] [Tc]
kdcl: bets $6
RaisemyNut$: raises $6 to $12
kdcl: calls $6
*** SHOW DOWN ***
RaisemyNut$: shows [3d Qc] (a straight, Eight to Queen)
kdcl: mucks hand
RaisemyNut$ collected $47.50 from pot
*** SUMMARY ***
Total pot $48 | Rake $0.50
Board [9s Jh 8h 3h Tc]
Seat 1: RaisemyNut$ (button) (small blind) showed [3d Qc] and won ($47.50) with a straight, Eight to Queen
Seat 2: kdcl (big blind) mucked


PokerStars Hand #147399483213:  Hold'em Limit ($3/$6 USD) - 2016/01/20 20:23:20 ET
Table 'Triberga' 2-max Seat #2 is the button
Seat 1: RaisemyNut$ ($95.25 in chips)
Seat 2: kdcl ($216.92 in chips)
kdcl: posts small blind $1
RaisemyNut$: posts big blind $3
*** HOLE CARDS ***
kdcl: raises $3 to $6
RaisemyNut$: raises $3 to $9
kdcl: calls $3
*** FLOP *** [Kh 3d 5h]
RaisemyNut$: bets $3
kdcl: calls $3
*** TURN *** [Kh 3d 5h] [4c]
RaisemyNut$: bets $6
kdcl: raises $6 to $12
RaisemyNut$: calls $6
*** RIVER *** [Kh 3d 5h 4c] [Js]
RaisemyNut$: checks
kdcl: bets $6
RaisemyNut$: calls $6
*** SHOW DOWN ***
kdcl: shows [Kc 5d] (two pair, Kings and Fives)
RaisemyNut$: mucks hand
kdcl collected $59.50 from pot
*** SUMMARY ***
Total pot $60 | Rake $0.50
Board [Kh 3d 5h 4c Js]
Seat 1: RaisemyNut$ (big blind) mucked
Seat 2: kdcl (button) (small blind) showed [Kc 5d] and won ($59.50) with two pair, Kings and Fives


PokerStars Hand #147399492999:  Hold'em Limit ($3/$6 USD) - 2016/01/20 20:23:38 ET
Table 'Triberga' 2-max Seat #1 is the button
Seat 1: RaisemyNut$ ($65.25 in chips)
Seat 2: kdcl ($246.42 in chips)
RaisemyNut$: posts small blind $1
kdcl: posts big blind $3
*** HOLE CARDS ***
RaisemyNut$: raises $3 to $6
kdcl: calls $3
*** FLOP *** [9c 8s 5h]
kdcl: checks
RaisemyNut$: bets $3
kdcl: calls $3
*** TURN *** [9c 8s 5h] [5c]
kdcl: checks
RaisemyNut$: bets $6
kdcl: calls $6
*** RIVER *** [9c 8s 5h 5c] [Jd]
kdcl: checks
RaisemyNut$: checks
*** SHOW DOWN ***
kdcl: shows [Ks 4d] (a pair of Fives)
RaisemyNut$: mucks hand
kdcl collected $29.50 from pot
*** SUMMARY ***
Total pot $30 | Rake $0.50
Board [9c 8s 5h 5c Jd]
Seat 1: RaisemyNut$ (button) (small blind) mucked
Seat 2: kdcl (big blind) showed [Ks 4d] and won ($29.50) with a pair of Fives


PokerStars Hand #147399501872:  Hold'em Limit ($3/$6 USD) - 2016/01/20 20:23:54 ET
Table 'Triberga' 2-max Seat #2 is the button
Seat 1: RaisemyNut$ ($60 in chips)
Seat 2: kdcl ($260.92 in chips)
kdcl: posts small blind $1
RaisemyNut$: posts big blind $3
*** HOLE CARDS ***
kdcl: raises $3 to $6
RaisemyNut$: calls $3
*** FLOP *** [9c 7s 4s]
RaisemyNut$: checks
kdcl: bets $3
RaisemyNut$: raises $3 to $6
kdcl: calls $3
*** TURN *** [9c 7s 4s] [6c]
RaisemyNut$: bets $6
kdcl: calls $6
*** RIVER *** [9c 7s 4s 6c] [9s]
RaisemyNut$: bets $6
kdcl: calls $6
*** SHOW DOWN ***
RaisemyNut$: shows [Ks 7c] (two pair, Nines and Sevens)
kdcl: shows [Ac Ah] (two pair, Aces and Nines)
kdcl collected $47.50 from pot
*** SUMMARY ***
Total pot $48 | Rake $0.50
Board [9c 7s 4s 6c 9s]
Seat 1: RaisemyNut$ (big blind) showed [Ks 7c] and lost with two pair, Nines and Sevens
Seat 2: kdcl (button) (small blind) showed [Ac Ah] and won ($47.50) with two pair, Aces and Nines


PokerStars Hand #147399509935:  Hold'em Limit ($3/$6 USD) - 2016/01/20 20:24:09 ET
Table 'Triberga' 2-max Seat #1 is the button
Seat 1: RaisemyNut$ ($60 in chips)
Seat 2: kdcl ($284.42 in chips)
RaisemyNut$: posts small blind $1
kdcl: posts big blind $3
*** HOLE CARDS ***
RaisemyNut$: raises $3 to $6
kdcl: calls $3
*** FLOP *** [9h 8c 5s]
kdcl: checks
RaisemyNut$: bets $3
kdcl: calls $3
*** TURN *** [9h 8c 5s] [7c]
kdcl: checks
RaisemyNut$: bets $6
kdcl: raises $6 to $12
RaisemyNut$: calls $6
*** RIVER *** [9h 8c 5s 7c] [6c]
kdcl: checks
RaisemyNut$: bets $6
kdcl: calls $6
*** SHOW DOWN ***
RaisemyNut$: shows [Td Qs] (a straight, Six to Ten)
kdcl: mucks hand
RaisemyNut$ collected $53.50 from pot
*** SUMMARY ***
Total pot $54 | Rake $0.50
Board [9h 8c 5s 7c 6c]
Seat 1: RaisemyNut$ (button) (small blind) showed [Td Qs] and won ($53.50) with a straight, Six to Ten
Seat 2: kdcl (big blind) mucked


PokerStars Hand #147399521666:  Hold'em Limit ($3/$6 USD) - 2016/01/20 20:24:31 ET
Table 'Triberga' 2-max Seat #2 is the button
Seat 1: RaisemyNut$ ($86.50 in chips)
Seat 2: kdcl ($257.42 in chips)
kdcl: posts small blind $1
RaisemyNut$: posts big blind $3
*** HOLE CARDS ***
kdcl: raises $3 to $6
RaisemyNut$: raises $3 to $9
kdcl: calls $3
*** FLOP *** [8h Qh Ks]
RaisemyNut$: bets $3
kdcl: folds
Uncalled bet ($3) returned to RaisemyNut$
RaisemyNut$ collected $17.64 from pot
RaisemyNut$: doesn't show hand
*** SUMMARY ***
Total pot $18 | Rake $0.36
Board [8h Qh Ks]
Seat 1: RaisemyNut$ (big blind) collected ($17.64)
Seat 2: kdcl (button) (small blind) folded on the Flop


PokerStars Hand #147399536725:  Hold'em Limit ($3/$6 USD) - 2016/01/20 20:24:59 ET
Table 'Triberga' 2-max Seat #2 is the button
Seat 1: RaisemyNut$ ($115.64 in chips)
Seat 2: kdcl ($227.42 in chips)
kdcl: posts small blind $1
RaisemyNut$: posts big blind $3
*** HOLE CARDS ***
kdcl: folds
Uncalled bet ($2) returned to RaisemyNut$
RaisemyNut$ collected $2 from pot
RaisemyNut$: doesn't show hand
*** SUMMARY ***
Total pot $2 | Rake $0
Seat 1: RaisemyNut$ (big blind) collected ($2)
Seat 2: kdcl (button) (small blind) folded before Flop


PokerStars Hand #147399526984:  Hold'em Limit ($3/$6 USD) - 2016/01/20 20:24:41 ET
Table 'Triberga' 2-max Seat #1 is the button
Seat 1: RaisemyNut$ ($95.14 in chips)
Seat 2: kdcl ($248.42 in chips)
RaisemyNut$: posts small blind $1
kdcl: posts big blind $3
*** HOLE CARDS ***
RaisemyNut$: raises $3 to $6
kdcl: raises $3 to $9
RaisemyNut$: raises $3 to $12
Betting is capped
kdcl: calls $3
*** FLOP *** [4d Ts Ks]
kdcl: checks
RaisemyNut$: bets $3
kdcl: calls $3
*** TURN *** [4d Ts Ks] [9h]
kdcl: checks
RaisemyNut$: bets $6
kdcl: calls $6
*** RIVER *** [4d Ts Ks 9h] [2c]
kdcl: checks
RaisemyNut$: checks
*** SHOW DOWN ***
kdcl: shows [Qh 3s] (high card King)
RaisemyNut$: shows [5d 5c] (a pair of Fives)
RaisemyNut$ collected $41.50 from pot
*** SUMMARY ***
Total pot $42 | Rake $0.50
Board [4d Ts Ks 9h 2c]
Seat 1: RaisemyNut$ (button) (small blind) showed [5d 5c] and won ($41.50) with a pair of Fives
Seat 2: kdcl (big blind) showed [Qh 3s] and lost with high card King


PokerStars Hand #147399539518:  Hold'em Limit ($3/$6 USD) - 2016/01/20 20:25:04 ET
Table 'Triberga' 2-max Seat #1 is the button
Seat 1: RaisemyNut$ ($116.64 in chips)
Seat 2: kdcl ($226.42 in chips)
RaisemyNut$: posts small blind $1
kdcl: posts big blind $3
*** HOLE CARDS ***
RaisemyNut$: raises $3 to $6
kdcl: calls $3
*** FLOP *** [Qs Ah 2s]
kdcl: checks
RaisemyNut$: bets $3
kdcl: raises $3 to $6
RaisemyNut$: calls $3
*** TURN *** [Qs Ah 2s] [Ks]
kdcl: checks
RaisemyNut$: checks
*** RIVER *** [Qs Ah 2s Ks] [Kd]
kdcl: bets $6
RaisemyNut$: raises $6 to $12
kdcl: calls $6
*** SHOW DOWN ***
RaisemyNut$: shows [Th Kh] (three of a kind, Kings)
kdcl: mucks hand
RaisemyNut$ collected $47.50 from pot
*** SUMMARY ***
Total pot $48 | Rake $0.50
Board [Qs Ah 2s Ks Kd]
Seat 1: RaisemyNut$ (button) (small blind) showed [Th Kh] and won ($47.50) with three of a kind, Kings
Seat 2: kdcl (big blind) mucked


PokerStars Hand #147399550404:  Hold'em Limit ($3/$6 USD) - 2016/01/20 20:25:24 ET
Table 'Triberga' 2-max Seat #2 is the button
Seat 1: RaisemyNut$ ($140.14 in chips)
Seat 2: kdcl ($202.42 in chips)
kdcl: posts small blind $1
RaisemyNut$: posts big blind $3
*** HOLE CARDS ***
kdcl: raises $3 to $6
RaisemyNut$: folds
Uncalled bet ($3) returned to kdcl
kdcl collected $6 from pot
*** SUMMARY ***
Total pot $6 | Rake $0
Seat 1: RaisemyNut$ (big blind) folded before Flop
Seat 2: kdcl (button) (small blind) collected ($6)


PokerStars Hand #147399554538:  Hold'em Limit ($3/$6 USD) - 2016/01/20 20:25:32 ET
Table 'Triberga' 2-max Seat #1 is the button
Seat 1: RaisemyNut$ ($137.14 in chips)
Seat 2: kdcl ($205.42 in chips)
RaisemyNut$: posts small blind $1
kdcl: posts big blind $3
*** HOLE CARDS ***
RaisemyNut$: raises $3 to $6
kdcl: calls $3
*** FLOP *** [8c 5s Jd]
kdcl: checks
RaisemyNut$: bets $3
kdcl: calls $3
*** TURN *** [8c 5s Jd] [Kd]
kdcl: checks
RaisemyNut$: bets $6
kdcl: raises $6 to $12
RaisemyNut$: calls $6
*** RIVER *** [8c 5s Jd Kd] [8s]
kdcl: checks
RaisemyNut$: bets $6
kdcl: calls $6
*** SHOW DOWN ***
RaisemyNut$: shows [Ts 8d] (three of a kind, Eights)
kdcl: mucks hand
RaisemyNut$ collected $53.50 from pot
*** SUMMARY ***
Total pot $54 | Rake $0.50
Board [8c 5s Jd Kd 8s]
Seat 1: RaisemyNut$ (button) (small blind) showed [Ts 8d] and won ($53.50) with three of a kind, Eights
Seat 2: kdcl (big blind) mucked


PokerStars Hand #147399566004:  Hold'em Limit ($3/$6 USD) - 2016/01/20 20:25:54 ET
Table 'Triberga' 2-max Seat #2 is the button
Seat 1: RaisemyNut$ ($163.64 in chips)
Seat 2: kdcl ($178.42 in chips)
kdcl: posts small blind $1
RaisemyNut$: posts big blind $3
*** HOLE CARDS ***
kdcl: raises $3 to $6
RaisemyNut$: folds
Uncalled bet ($3) returned to kdcl
kdcl collected $6 from pot
*** SUMMARY ***
Total pot $6 | Rake $0
Seat 1: RaisemyNut$ (big blind) folded before Flop
Seat 2: kdcl (button) (small blind) collected ($6)


PokerStars Hand #147399568912:  Hold'em Limit ($3/$6 USD) - 2016/01/20 20:25:59 ET
Table 'Triberga' 2-max Seat #1 is the button
Seat 1: RaisemyNut$ ($160.64 in chips)
Seat 2: kdcl ($181.42 in chips)
RaisemyNut$: posts small blind $1
kdcl: posts big blind $3
*** HOLE CARDS ***
RaisemyNut$: raises $3 to $6
kdcl: raises $3 to $9
RaisemyNut$: calls $3
*** FLOP *** [7c 9s 4c]
kdcl: bets $3
RaisemyNut$: raises $3 to $6
kdcl: calls $3
*** TURN *** [7c 9s 4c] [Js]
kdcl: checks
RaisemyNut$: bets $6
kdcl: calls $6
*** RIVER *** [7c 9s 4c Js] [6d]
kdcl: checks
RaisemyNut$: bets $6
kdcl: raises $6 to $12
RaisemyNut$: folds
Uncalled bet ($6) returned to kdcl
kdcl collected $53.50 from pot
*** SUMMARY ***
Total pot $54 | Rake $0.50
Board [7c 9s 4c Js 6d]
Seat 1: RaisemyNut$ (button) (small blind) folded on the River
Seat 2: kdcl (big blind) collected ($53.50)


PokerStars Hand #147399579706:  Hold'em Limit ($3/$6 USD) - 2016/01/20 20:26:19 ET
Table 'Triberga' 2-max Seat #2 is the button
Seat 1: RaisemyNut$ ($133.64 in chips)
Seat 2: kdcl ($207.92 in chips)
kdcl: posts small blind $1
RaisemyNut$: posts big blind $3
*** HOLE CARDS ***
kdcl: raises $3 to $6
RaisemyNut$: raises $3 to $9
kdcl: calls $3
*** FLOP *** [7h 3c Kc]
RaisemyNut$: bets $3
kdcl: calls $3
*** TURN *** [7h 3c Kc] [Th]
RaisemyNut$: bets $6
kdcl: calls $6
*** RIVER *** [7h 3c Kc Th] [Ah]
RaisemyNut$: bets $6
kdcl: raises $6 to $12
RaisemyNut$: calls $6
*** SHOW DOWN ***
kdcl: shows [Ac 6c] (a pair of Aces)
RaisemyNut$: mucks hand
kdcl collected $59.50 from pot
*** SUMMARY ***
Total pot $60 | Rake $0.50
Board [7h 3c Kc Th Ah]
Seat 1: RaisemyNut$ (big blind) mucked
Seat 2: kdcl (button) (small blind) showed [Ac 6c] and won ($59.50) with a pair of Aces


PokerStars Hand #147399595978:  Hold'em Limit ($3/$6 USD) - 2016/01/20 20:26:49 ET
Table 'Triberga' 2-max Seat #2 is the button
Seat 1: RaisemyNut$ ($88.64 in chips)
Seat 2: kdcl ($251.92 in chips)
kdcl: posts small blind $1
RaisemyNut$: posts big blind $3
*** HOLE CARDS ***
kdcl: folds
Uncalled bet ($2) returned to RaisemyNut$
RaisemyNut$ collected $2 from pot
RaisemyNut$: doesn't show hand
*** SUMMARY ***
Total pot $2 | Rake $0
Seat 1: RaisemyNut$ (big blind) collected ($2)
Seat 2: kdcl (button) (small blind) folded before Flop


PokerStars Hand #147399588189:  Hold'em Limit ($3/$6 USD) - 2016/01/20 20:26:35 ET
Table 'Triberga' 2-max Seat #1 is the button
Seat 1: RaisemyNut$ ($103.64 in chips)
Seat 2: kdcl ($237.42 in chips)
RaisemyNut$: posts small blind $1
kdcl: posts big blind $3
*** HOLE CARDS ***
RaisemyNut$: raises $3 to $6
kdcl: calls $3
*** FLOP *** [7s Qh Js]
kdcl: checks
RaisemyNut$: bets $3
kdcl: calls $3
*** TURN *** [7s Qh Js] [6d]
kdcl: checks
RaisemyNut$: bets $6
kdcl: calls $6
*** RIVER *** [7s Qh Js 6d] [Jh]
kdcl: checks
RaisemyNut$: checks
*** SHOW DOWN ***
kdcl: shows [9h 6s] (two pair, Jacks and Sixes)
RaisemyNut$: mucks hand
kdcl collected $29.50 from pot
*** SUMMARY ***
Total pot $30 | Rake $0.50
Board [7s Qh Js 6d Jh]
Seat 1: RaisemyNut$ (button) (small blind) mucked
Seat 2: kdcl (big blind) showed [9h 6s] and won ($29.50) with two pair, Jacks and Sixes


PokerStars Hand #147399598663:  Hold'em Limit ($3/$6 USD) - 2016/01/20 20:26:54 ET
Table 'Triberga' 2-max Seat #1 is the button
Seat 1: RaisemyNut$ ($89.64 in chips)
Seat 2: kdcl ($250.92 in chips)
RaisemyNut$: posts small blind $1
kdcl: posts big blind $3
*** HOLE CARDS ***
RaisemyNut$: raises $3 to $6
kdcl: raises $3 to $9
RaisemyNut$: raises $3 to $12
Betting is capped
kdcl: calls $3
*** FLOP *** [9d 3c Qc]
kdcl: bets $3
RaisemyNut$: calls $3
*** TURN *** [9d 3c Qc] [4h]
kdcl: bets $6
RaisemyNut$: raises $6 to $12
kdcl: calls $6
*** RIVER *** [9d 3c Qc 4h] [7s]
kdcl: checks
RaisemyNut$: bets $6
kdcl: calls $6
*** SHOW DOWN ***
RaisemyNut$: shows [9c 9s] (three of a kind, Nines)
kdcl: mucks hand
RaisemyNut$ collected $65.50 from pot
*** SUMMARY ***
Total pot $66 | Rake $0.50
Board [9d 3c Qc 4h 7s]
Seat 1: RaisemyNut$ (button) (small blind) showed [9c 9s] and won ($65.50) with three of a kind, Nines
Seat 2: kdcl (big blind) mucked


PokerStars Hand #147399609009:  Hold'em Limit ($3/$6 USD) - 2016/01/20 20:27:14 ET
Table 'Triberga' 2-max Seat #2 is the button
Seat 1: RaisemyNut$ ($122.14 in chips)
Seat 2: kdcl ($217.92 in chips)
kdcl: posts small blind $1
RaisemyNut$: posts big blind $3
*** HOLE CARDS ***
kdcl: raises $3 to $6
RaisemyNut$: raises $3 to $9
kdcl: calls $3
*** FLOP *** [Jc 7h 6c]
RaisemyNut$: bets $3
kdcl: calls $3
*** TURN *** [Jc 7h 6c] [Jd]
RaisemyNut$: bets $6
kdcl: calls $6
*** RIVER *** [Jc 7h 6c Jd] [8c]
RaisemyNut$: checks
kdcl: bets $6
RaisemyNut$: calls $6
*** SHOW DOWN ***
kdcl: shows [5h 9s] (a straight, Five to Nine)
RaisemyNut$: mucks hand
kdcl collected $47.50 from pot
*** SUMMARY ***
Total pot $48 | Rake $0.50
Board [Jc 7h 6c Jd 8c]
Seat 1: RaisemyNut$ (big blind) mucked
Seat 2: kdcl (button) (small blind) showed [5h 9s] and won ($47.50) with a straight, Five to Nine


PokerStars Hand #147399616933:  Hold'em Limit ($3/$6 USD) - 2016/01/20 20:27:29 ET
Table 'Triberga' 2-max Seat #1 is the button
Seat 1: RaisemyNut$ ($98.14 in chips)
Seat 2: kdcl ($241.42 in chips)
RaisemyNut$: posts small blind $1
kdcl: posts big blind $3
*** HOLE CARDS ***
RaisemyNut$: raises $3 to $6
kdcl: raises $3 to $9
RaisemyNut$: raises $3 to $12
Betting is capped
kdcl: calls $3
*** FLOP *** [2c 6s 2s]
kdcl: bets $3
RaisemyNut$: raises $3 to $6
kdcl: calls $3
*** TURN *** [2c 6s 2s] [5s]
kdcl: checks
RaisemyNut$: bets $6
kdcl: calls $6
*** RIVER *** [2c 6s 2s 5s] [8s]
kdcl: checks
RaisemyNut$: checks
*** SHOW DOWN ***
kdcl: shows [6d Kh] (two pair, Sixes and Deuces)
RaisemyNut$: mucks hand
kdcl collected $47.50 from pot
*** SUMMARY ***
Total pot $48 | Rake $0.50
Board [2c 6s 2s 5s 8s]
Seat 1: RaisemyNut$ (button) (small blind) mucked
Seat 2: kdcl (big blind) showed [6d Kh] and won ($47.50) with two pair, Sixes and Deuces


PokerStars Hand #147399633088:  Hold'em Limit ($3/$6 USD) - 2016/01/20 20:27:59 ET
Table 'Triberga' 2-max Seat #1 is the button
Seat 1: RaisemyNut$ ($91.64 in chips)
Seat 2: kdcl ($246.92 in chips)
RaisemyNut$: posts small blind $1
kdcl: posts big blind $3
*** HOLE CARDS ***
RaisemyNut$: raises $3 to $6
kdcl: calls $3
*** FLOP *** [6d Th 7s]
kdcl: checks
RaisemyNut$: bets $3
kdcl: folds
Uncalled bet ($3) returned to RaisemyNut$
RaisemyNut$ collected $11.76 from pot
RaisemyNut$: doesn't show hand
*** SUMMARY ***
Total pot $12 | Rake $0.24
Board [6d Th 7s]
Seat 1: RaisemyNut$ (button) (small blind) collected ($11.76)
Seat 2: kdcl (big blind) folded on the Flop


PokerStars Hand #147399626017:  Hold'em Limit ($3/$6 USD) - 2016/01/20 20:27:46 ET
Table 'Triberga' 2-max Seat #2 is the button
Seat 1: RaisemyNut$ ($74.14 in chips)
Seat 2: kdcl ($264.92 in chips)
kdcl: posts small blind $1
RaisemyNut$: posts big blind $3
*** HOLE CARDS ***
kdcl: raises $3 to $6
RaisemyNut$: calls $3
*** FLOP *** [3s Qc 4d]
RaisemyNut$: checks
kdcl: checks
*** TURN *** [3s Qc 4d] [9c]
RaisemyNut$: bets $6
kdcl: calls $6
*** RIVER *** [3s Qc 4d 9c] [Th]
RaisemyNut$: bets $6
kdcl: calls $6
*** SHOW DOWN ***
RaisemyNut$: shows [3h 8h] (a pair of Threes)
kdcl: mucks hand
RaisemyNut$ collected $35.50 from pot
*** SUMMARY ***
Total pot $36 | Rake $0.50
Board [3s Qc 4d 9c Th]
Seat 1: RaisemyNut$ (big blind) showed [3h 8h] and won ($35.50) with a pair of Threes
Seat 2: kdcl (button) (small blind) mucked


PokerStars Hand #147399637673:  Hold'em Limit ($3/$6 USD) - 2016/01/20 20:28:08 ET
Table 'Triberga' 2-max Seat #2 is the button
Seat 1: RaisemyNut$ ($97.40 in chips)
Seat 2: kdcl ($240.92 in chips)
kdcl: posts small blind $1
RaisemyNut$: posts big blind $3
*** HOLE CARDS ***
kdcl: raises $3 to $6
RaisemyNut$: calls $3
*** FLOP *** [5h Ac 8c]
RaisemyNut$: checks
kdcl: bets $3
RaisemyNut$: folds
Uncalled bet ($3) returned to kdcl
kdcl collected $11.76 from pot
*** SUMMARY ***
Total pot $12 | Rake $0.24
Board [5h Ac 8c]
Seat 1: RaisemyNut$ (big blind) folded on the Flop
Seat 2: kdcl (button) (small blind) collected ($11.76)


PokerStars Hand #147399642693:  Hold'em Limit ($3/$6 USD) - 2016/01/20 20:28:17 ET
Table 'Triberga' 2-max Seat #1 is the button
Seat 1: RaisemyNut$ ($91.40 in chips)
Seat 2: kdcl ($246.68 in chips)
RaisemyNut$: posts small blind $1
kdcl: posts big blind $3
*** HOLE CARDS ***
RaisemyNut$: raises $3 to $6
kdcl: calls $3
*** FLOP *** [5h Kh Td]
kdcl: checks
RaisemyNut$: bets $3
kdcl: calls $3
*** TURN *** [5h Kh Td] [4h]
kdcl: checks
RaisemyNut$: bets $6
kdcl: raises $6 to $12
RaisemyNut$: calls $6
*** RIVER *** [5h Kh Td 4h] [8c]
kdcl: bets $6
RaisemyNut$: calls $6
*** SHOW DOWN ***
kdcl: shows [Kc 4d] (two pair, Kings and Fours)
RaisemyNut$: mucks hand
kdcl collected $53.50 from pot
*** SUMMARY ***
Total pot $54 | Rake $0.50
Board [5h Kh Td 4h 8c]
Seat 1: RaisemyNut$ (button) (small blind) mucked
Seat 2: kdcl (big blind) showed [Kc 4d] and won ($53.50) with two pair, Kings and Fours


PokerStars Hand #147399651994:  Hold'em Limit ($3/$6 USD) - 2016/01/20 20:28:34 ET
Table 'Triberga' 2-max Seat #2 is the button
Seat 1: RaisemyNut$ ($64.40 in chips)
Seat 2: kdcl ($273.18 in chips)
kdcl: posts small blind $1
RaisemyNut$: posts big blind $3
*** HOLE CARDS ***
kdcl: raises $3 to $6
RaisemyNut$: raises $3 to $9
kdcl: calls $3
*** FLOP *** [4h 8d Ts]
RaisemyNut$: bets $3
kdcl: calls $3
*** TURN *** [4h 8d Ts] [5s]
RaisemyNut$: bets $6
kdcl: calls $6
*** RIVER *** [4h 8d Ts 5s] [3h]
RaisemyNut$: checks
kdcl: bets $6
RaisemyNut$: calls $6
*** SHOW DOWN ***
kdcl: shows [Ad 8s] (a pair of Eights)
RaisemyNut$: mucks hand
kdcl collected $47.50 from pot
*** SUMMARY ***
Total pot $48 | Rake $0.50
Board [4h 8d Ts 5s 3h]
Seat 1: RaisemyNut$ (big blind) mucked
Seat 2: kdcl (button) (small blind) showed [Ad 8s] and won ($47.50) with a pair of Eights


PokerStars Hand #147399660390:  Hold'em Limit ($3/$6 USD) - 2016/01/20 20:28:50 ET
Table 'Triberga' 2-max Seat #1 is the button
Seat 1: RaisemyNut$ ($60 in chips)
Seat 2: kdcl ($296.68 in chips)
RaisemyNut$: posts small blind $1
kdcl: posts big blind $3
*** HOLE CARDS ***
RaisemyNut$: raises $3 to $6
kdcl: calls $3
*** FLOP *** [2s 6h 4c]
kdcl: checks
RaisemyNut$: bets $3
kdcl: calls $3
*** TURN *** [2s 6h 4c] [3s]
kdcl: checks
RaisemyNut$: bets $6
kdcl: calls $6
*** RIVER *** [2s 6h 4c 3s] [Ks]
kdcl: checks
RaisemyNut$: checks
*** SHOW DOWN ***
kdcl: shows [Ad 7h] (high card Ace)
RaisemyNut$: shows [4s Th] (a pair of Fours)
RaisemyNut$ collected $29.50 from pot
*** SUMMARY ***
Total pot $30 | Rake $0.50
Board [2s 6h 4c 3s Ks]
Seat 1: RaisemyNut$ (button) (small blind) showed [4s Th] and won ($29.50) with a pair of Fours
Seat 2: kdcl (big blind) showed [Ad 7h] and lost with high card Ace


PokerStars Hand #147399677216:  Hold'em Limit ($3/$6 USD) - 2016/01/20 20:29:21 ET
Table 'Triberga' 2-max Seat #1 is the button
Seat 1: RaisemyNut$ ($95 in chips)
Seat 2: kdcl ($260.68 in chips)
RaisemyNut$: posts small blind $1
kdcl: posts big blind $3
*** HOLE CARDS ***
RaisemyNut$: raises $3 to $6
kdcl: folds
Uncalled bet ($3) returned to RaisemyNut$
RaisemyNut$ collected $6 from pot
RaisemyNut$: doesn't show hand
*** SUMMARY ***
Total pot $6 | Rake $0
Seat 1: RaisemyNut$ (button) (small blind) collected ($6)
Seat 2: kdcl (big blind) folded before Flop


PokerStars Hand #147399668862:  Hold'em Limit ($3/$6 USD) - 2016/01/20 20:29:06 ET
Table 'Triberga' 2-max Seat #2 is the button
Seat 1: RaisemyNut$ ($74.50 in chips)
Seat 2: kdcl ($281.68 in chips)
kdcl: posts small blind $1
RaisemyNut$: posts big blind $3
*** HOLE CARDS ***
kdcl: raises $3 to $6
RaisemyNut$: calls $3
*** FLOP *** [Kh 3d 5d]
RaisemyNut$: bets $3
kdcl: calls $3
*** TURN *** [Kh 3d 5d] [5s]
RaisemyNut$: bets $6
kdcl: calls $6
*** RIVER *** [Kh 3d 5d 5s] [Ad]
RaisemyNut$: bets $6
kdcl: calls $6
*** SHOW DOWN ***
RaisemyNut$: shows [2h 5h] (three of a kind, Fives)
kdcl: mucks hand
RaisemyNut$ collected $41.50 from pot
*** SUMMARY ***
Total pot $42 | Rake $0.50
Board [Kh 3d 5d 5s Ad]
Seat 1: RaisemyNut$ (big blind) showed [2h 5h] and won ($41.50) with three of a kind, Fives
Seat 2: kdcl (button) (small blind) mucked


PokerStars Hand #147399680016:  Hold'em Limit ($3/$6 USD) - 2016/01/20 20:29:27 ET
Table 'Triberga' 2-max Seat #2 is the button
Seat 1: RaisemyNut$ ($98 in chips)
Seat 2: kdcl ($257.68 in chips)
kdcl: posts small blind $1
RaisemyNut$: posts big blind $3
*** HOLE CARDS ***
kdcl: raises $3 to $6
RaisemyNut$: raises $3 to $9
kdcl: calls $3
*** FLOP *** [6d 4h 5h]
RaisemyNut$: bets $3
kdcl: calls $3
*** TURN *** [6d 4h 5h] [9c]
RaisemyNut$: bets $6
kdcl: calls $6
*** RIVER *** [6d 4h 5h 9c] [Ah]
RaisemyNut$: checks
kdcl: checks
*** SHOW DOWN ***
RaisemyNut$: shows [5s 5c] (three of a kind, Fives)
kdcl: mucks hand
RaisemyNut$ collected $35.50 from pot
*** SUMMARY ***
Total pot $36 | Rake $0.50
Board [6d 4h 5h 9c Ah]
Seat 1: RaisemyNut$ (big blind) showed [5s 5c] and won ($35.50) with three of a kind, Fives
Seat 2: kdcl (button) (small blind) mucked


PokerStars Hand #147399689255:  Hold'em Limit ($3/$6 USD) - 2016/01/20 20:29:45 ET
Table 'Triberga' 2-max Seat #1 is the button
Seat 1: RaisemyNut$ ($115.50 in chips)
Seat 2: kdcl ($239.68 in chips)
RaisemyNut$: posts small blind $1
kdcl: posts big blind $3
*** HOLE CARDS ***
RaisemyNut$: raises $3 to $6
kdcl: raises $3 to $9
RaisemyNut$: raises $3 to $12
Betting is capped
kdcl: calls $3
*** FLOP *** [7c 5h Kd]
kdcl: checks
RaisemyNut$: bets $3
kdcl: calls $3
*** TURN *** [7c 5h Kd] [Ks]
kdcl: checks
RaisemyNut$: bets $6
kdcl: calls $6
*** RIVER *** [7c 5h Kd Ks] [Js]
kdcl: checks
RaisemyNut$: bets $6
kdcl: raises $6 to $12
RaisemyNut$: calls $6
*** SHOW DOWN ***
kdcl: shows [Ad Jc] (two pair, Kings and Jacks)
RaisemyNut$: mucks hand
kdcl collected $65.50 from pot
*** SUMMARY ***
Total pot $66 | Rake $0.50
Board [7c 5h Kd Ks Js]
Seat 1: RaisemyNut$ (button) (small blind) mucked
Seat 2: kdcl (big blind) showed [Ad Jc] and won ($65.50) with two pair, Kings and Jacks


PokerStars Hand #147399699746:  Hold'em Limit ($3/$6 USD) - 2016/01/20 20:30:04 ET
Table 'Triberga' 2-max Seat #2 is the button
Seat 1: RaisemyNut$ ($82.50 in chips)
Seat 2: kdcl ($272.18 in chips)
kdcl: posts small blind $1
RaisemyNut$: posts big blind $3
*** HOLE CARDS ***
kdcl: raises $3 to $6
RaisemyNut$: calls $3
*** FLOP *** [Td 5c 9h]
RaisemyNut$: checks
kdcl: checks
*** TURN *** [Td 5c 9h] [4h]
RaisemyNut$: bets $6
kdcl: calls $6
*** RIVER *** [Td 5c 9h 4h] [2c]
RaisemyNut$: checks
kdcl: bets $6
RaisemyNut$: folds
Uncalled bet ($6) returned to kdcl
kdcl collected $23.52 from pot
*** SUMMARY ***
Total pot $24 | Rake $0.48
Board [Td 5c 9h 4h 2c]
Seat 1: RaisemyNut$ (big blind) folded on the River
Seat 2: kdcl (button) (small blind) collected ($23.52)


PokerStars Hand #147399714985:  Hold'em Limit ($3/$6 USD) - 2016/01/20 20:30:32 ET
Table 'Triberga' 2-max Seat #2 is the button
Seat 1: RaisemyNut$ ($79.14 in chips)
Seat 2: kdcl ($274.70 in chips)
kdcl: posts small blind $1
RaisemyNut$: posts big blind $3
*** HOLE CARDS ***
kdcl: folds
Uncalled bet ($2) returned to RaisemyNut$
RaisemyNut$ collected $2 from pot
RaisemyNut$: doesn't show hand
*** SUMMARY ***
Total pot $2 | Rake $0
Seat 1: RaisemyNut$ (big blind) collected ($2)
Seat 2: kdcl (button) (small blind) folded before Flop


PokerStars Hand #147399707039:  Hold'em Limit ($3/$6 USD) - 2016/01/20 20:30:17 ET
Table 'Triberga' 2-max Seat #1 is the button
Seat 1: RaisemyNut$ ($70.50 in chips)
Seat 2: kdcl ($283.70 in chips)
RaisemyNut$: posts small blind $1
kdcl: posts big blind $3
*** HOLE CARDS ***
RaisemyNut$: raises $3 to $6
kdcl: calls $3
*** FLOP *** [Ks 4c 8d]
kdcl: checks
RaisemyNut$: bets $3
kdcl: calls $3
*** TURN *** [Ks 4c 8d] [Js]
kdcl: checks
RaisemyNut$: checks
*** RIVER *** [Ks 4c 8d Js] [4h]
kdcl: checks
RaisemyNut$: checks
*** SHOW DOWN ***
kdcl: shows [5h Qd] (a pair of Fours)
RaisemyNut$: shows [Ac 3d] (a pair of Fours - Ace kicker)
RaisemyNut$ collected $17.64 from pot
*** SUMMARY ***
Total pot $18 | Rake $0.36
Board [Ks 4c 8d Js 4h]
Seat 1: RaisemyNut$ (button) (small blind) showed [Ac 3d] and won ($17.64) with a pair of Fours
Seat 2: kdcl (big blind) showed [5h Qd] and lost with a pair of Fours


PokerStars Hand #147399717692:  Hold'em Limit ($3/$6 USD) - 2016/01/20 20:30:38 ET
Table 'Triberga' 2-max Seat #1 is the button
Seat 1: RaisemyNut$ ($80.14 in chips)
Seat 2: kdcl ($273.70 in chips)
RaisemyNut$: posts small blind $1
kdcl: posts big blind $3
*** HOLE CARDS ***
RaisemyNut$: raises $3 to $6
kdcl: folds
Uncalled bet ($3) returned to RaisemyNut$
RaisemyNut$ collected $6 from pot
RaisemyNut$: doesn't show hand
*** SUMMARY ***
Total pot $6 | Rake $0
Seat 1: RaisemyNut$ (button) (small blind) collected ($6)
Seat 2: kdcl (big blind) folded before Flop


PokerStars Hand #147399720400:  Hold'em Limit ($3/$6 USD) - 2016/01/20 20:30:43 ET
Table 'Triberga' 2-max Seat #2 is the button
Seat 1: RaisemyNut$ ($83.14 in chips)
Seat 2: kdcl ($270.70 in chips)
kdcl: posts small blind $1
RaisemyNut$: posts big blind $3
*** HOLE CARDS ***
kdcl: raises $3 to $6
RaisemyNut$: calls $3
*** FLOP *** [Jd 8s 8d]
RaisemyNut$: checks
kdcl: checks
*** TURN *** [Jd 8s 8d] [Qc]
RaisemyNut$: bets $6
kdcl: calls $6
*** RIVER *** [Jd 8s 8d Qc] [5s]
RaisemyNut$: checks
kdcl: bets $6
RaisemyNut$: folds
Uncalled bet ($6) returned to kdcl
kdcl collected $23.52 from pot
*** SUMMARY ***
Total pot $24 | Rake $0.48
Board [Jd 8s 8d Qc 5s]
Seat 1: RaisemyNut$ (big blind) folded on the River
Seat 2: kdcl (button) (small blind) collected ($23.52)


PokerStars Hand #147399728142:  Hold'em Limit ($3/$6 USD) - 2016/01/20 20:30:57 ET
Table 'Triberga' 2-max Seat #1 is the button
Seat 1: RaisemyNut$ ($71.14 in chips)
Seat 2: kdcl ($282.22 in chips)
RaisemyNut$: posts small blind $1
kdcl: posts big blind $3
*** HOLE CARDS ***
RaisemyNut$: raises $3 to $6
kdcl: raises $3 to $9
RaisemyNut$: calls $3
*** FLOP *** [8h Ts Th]
kdcl: bets $3
RaisemyNut$: calls $3
*** TURN *** [8h Ts Th] [3c]
kdcl: checks
RaisemyNut$: checks
*** RIVER *** [8h Ts Th 3c] [5d]
kdcl: checks
RaisemyNut$: checks
*** SHOW DOWN ***
kdcl: shows [9c Kc] (a pair of Tens)
RaisemyNut$: mucks hand
kdcl collected $23.52 from pot
*** SUMMARY ***
Total pot $24 | Rake $0.48
Board [8h Ts Th 3c 5d]
Seat 1: RaisemyNut$ (button) (small blind) mucked
Seat 2: kdcl (big blind) showed [9c Kc] and won ($23.52) with a pair of Tens


PokerStars Hand #147399735911:  Hold'em Limit ($3/$6 USD) - 2016/01/20 20:31:12 ET
Table 'Triberga' 2-max Seat #2 is the button
Seat 1: RaisemyNut$ ($60 in chips)
Seat 2: kdcl ($293.74 in chips)
kdcl: posts small blind $1
RaisemyNut$: posts big blind $3
*** HOLE CARDS ***
kdcl: raises $3 to $6
RaisemyNut$: calls $3
*** FLOP *** [9c 3s 8h]
RaisemyNut$: bets $3
kdcl: folds
Uncalled bet ($3) returned to RaisemyNut$
RaisemyNut$ collected $11.76 from pot
RaisemyNut$: doesn't show hand
*** SUMMARY ***
Total pot $12 | Rake $0.24
Board [9c 3s 8h]
Seat 1: RaisemyNut$ (big blind) collected ($11.76)
Seat 2: kdcl (button) (small blind) folded on the Flop


PokerStars Hand #147399740698:  Hold'em Limit ($3/$6 USD) - 2016/01/20 20:31:21 ET
Table 'Triberga' 2-max Seat #1 is the button
Seat 1: RaisemyNut$ ($65.76 in chips)
Seat 2: kdcl ($287.74 in chips)
RaisemyNut$: posts small blind $1
kdcl: posts big blind $3
*** HOLE CARDS ***
RaisemyNut$: raises $3 to $6
kdcl: calls $3
*** FLOP *** [Jh 6d 8d]
kdcl: checks
RaisemyNut$: bets $3
kdcl: calls $3
*** TURN *** [Jh 6d 8d] [7h]
kdcl: checks
RaisemyNut$: bets $6
kdcl: calls $6
*** RIVER *** [Jh 6d 8d 7h] [2s]
kdcl: checks
RaisemyNut$: bets $6
kdcl: calls $6
*** SHOW DOWN ***
RaisemyNut$: shows [7d 4c] (a pair of Sevens)
kdcl: shows [8c Qd] (a pair of Eights)
kdcl collected $41.50 from pot
*** SUMMARY ***
Total pot $42 | Rake $0.50
Board [Jh 6d 8d 7h 2s]
Seat 1: RaisemyNut$ (button) (small blind) showed [7d 4c] and lost with a pair of Sevens
Seat 2: kdcl (big blind) showed [8c Qd] and won ($41.50) with a pair of Eights


PokerStars Hand #147399748648:  Hold'em Limit ($3/$6 USD) - 2016/01/20 20:31:36 ET
Table 'Triberga' 2-max Seat #2 is the button
Seat 1: RaisemyNut$ ($60 in chips)
Seat 2: kdcl ($308.24 in chips)
kdcl: posts small blind $1
RaisemyNut$: posts big blind $3
*** HOLE CARDS ***
kdcl: folds
Uncalled bet ($2) returned to RaisemyNut$
RaisemyNut$ collected $2 from pot
RaisemyNut$: doesn't show hand
*** SUMMARY ***
Total pot $2 | Rake $0
Seat 1: RaisemyNut$ (big blind) collected ($2)
Seat 2: kdcl (button) (small blind) folded before Flop


PokerStars Hand #147399751309:  Hold'em Limit ($3/$6 USD) - 2016/01/20 20:31:41 ET
Table 'Triberga' 2-max Seat #1 is the button
Seat 1: RaisemyNut$ ($61 in chips)
Seat 2: kdcl ($307.24 in chips)
RaisemyNut$: posts small blind $1
kdcl: posts big blind $3
*** HOLE CARDS ***
RaisemyNut$: raises $3 to $6
kdcl: raises $3 to $9
RaisemyNut$: raises $3 to $12
Betting is capped
kdcl: calls $3
*** FLOP *** [2h 6d 6h]
kdcl: checks
RaisemyNut$: bets $3
kdcl: calls $3
*** TURN *** [2h 6d 6h] [8d]
kdcl: checks
RaisemyNut$: bets $6
kdcl: calls $6
*** RIVER *** [2h 6d 6h 8d] [2s]
kdcl: checks
RaisemyNut$: bets $6
kdcl: calls $6
*** SHOW DOWN ***
RaisemyNut$: shows [Ah 7s] (two pair, Sixes and Deuces)
kdcl: mucks hand
RaisemyNut$ collected $53.50 from pot
*** SUMMARY ***
Total pot $54 | Rake $0.50
Board [2h 6d 6h 8d 2s]
Seat 1: RaisemyNut$ (button) (small blind) showed [Ah 7s] and won ($53.50) with two pair, Sixes and Deuces
Seat 2: kdcl (big blind) mucked


PokerStars Hand #147399761675:  Hold'em Limit ($3/$6 USD) - 2016/01/20 20:32:01 ET
Table 'Triberga' 2-max Seat #2 is the button
Seat 1: RaisemyNut$ ($87.50 in chips)
Seat 2: kdcl ($280.24 in chips)
kdcl: posts small blind $1
RaisemyNut$: posts big blind $3
*** HOLE CARDS ***
kdcl: raises $3 to $6
RaisemyNut$: calls $3
*** FLOP *** [Jc 9h Jd]
RaisemyNut$: checks
kdcl: checks
*** TURN *** [Jc 9h Jd] [Qc]
RaisemyNut$: checks
kdcl: checks
*** RIVER *** [Jc 9h Jd Qc] [Kc]
RaisemyNut$: checks
kdcl: bets $6
RaisemyNut$: folds
Uncalled bet ($6) returned to kdcl
kdcl collected $11.76 from pot
*** SUMMARY ***
Total pot $12 | Rake $0.24
Board [Jc 9h Jd Qc Kc]
Seat 1: RaisemyNut$ (big blind) folded on the River
Seat 2: kdcl (button) (small blind) collected ($11.76)


PokerStars Hand #147399769104:  Hold'em Limit ($3/$6 USD) - 2016/01/20 20:32:15 ET
Table 'Triberga' 2-max Seat #1 is the button
Seat 1: RaisemyNut$ ($81.50 in chips)
Seat 2: kdcl ($286 in chips)
RaisemyNut$: posts small blind $1
kdcl: posts big blind $3
*** HOLE CARDS ***
RaisemyNut$: raises $3 to $6
kdcl: calls $3
*** FLOP *** [Tc 8d Jh]
kdcl: checks
RaisemyNut$: checks
*** TURN *** [Tc 8d Jh] [Ah]
kdcl: checks
RaisemyNut$: bets $6
kdcl: folds
Uncalled bet ($6) returned to RaisemyNut$
RaisemyNut$ collected $11.76 from pot
RaisemyNut$: doesn't show hand
*** SUMMARY ***
Total pot $12 | Rake $0.24
Board [Tc 8d Jh Ah]
Seat 1: RaisemyNut$ (button) (small blind) collected ($11.76)
Seat 2: kdcl (big blind) folded on the Turn


PokerStars Hand #147399775759:  Hold'em Limit ($3/$6 USD) - 2016/01/20 20:32:27 ET
Table 'Triberga' 2-max Seat #2 is the button
Seat 1: RaisemyNut$ ($87.26 in chips)
Seat 2: kdcl ($280 in chips)
kdcl: posts small blind $1
RaisemyNut$: posts big blind $3
*** HOLE CARDS ***
kdcl: folds
Uncalled bet ($2) returned to RaisemyNut$
RaisemyNut$ collected $2 from pot
RaisemyNut$: doesn't show hand
*** SUMMARY ***
Total pot $2 | Rake $0
Seat 1: RaisemyNut$ (big blind) collected ($2)
Seat 2: kdcl (button) (small blind) folded before Flop


PokerStars Hand #147399778317:  Hold'em Limit ($3/$6 USD) - 2016/01/20 20:32:32 ET
Table 'Triberga' 2-max Seat #1 is the button
Seat 1: RaisemyNut$ ($88.26 in chips)
Seat 2: kdcl ($279 in chips)
RaisemyNut$: posts small blind $1
kdcl: posts big blind $3
*** HOLE CARDS ***
RaisemyNut$: raises $3 to $6
kdcl: raises $3 to $9
RaisemyNut$: calls $3
*** FLOP *** [Kc 4h 3c]
kdcl: bets $3
RaisemyNut$: raises $3 to $6
kdcl: calls $3
*** TURN *** [Kc 4h 3c] [Th]
kdcl: checks
RaisemyNut$: bets $6
kdcl: calls $6
*** RIVER *** [Kc 4h 3c Th] [4c]
kdcl: checks
RaisemyNut$: checks
*** SHOW DOWN ***
kdcl: shows [8h 7h] (a pair of Fours)
RaisemyNut$: shows [Jh Qh] (a pair of Fours - King+Queen kicker)
RaisemyNut$ collected $41.50 from pot
*** SUMMARY ***
Total pot $42 | Rake $0.50
Board [Kc 4h 3c Th 4c]
Seat 1: RaisemyNut$ (button) (small blind) showed [Jh Qh] and won ($41.50) with a pair of Fours
Seat 2: kdcl (big blind) showed [8h 7h] and lost with a pair of Fours


PokerStars Hand #147399795443:  Hold'em Limit ($3/$6 USD) - 2016/01/20 20:33:05 ET
Table 'Triberga' 2-max Seat #1 is the button
Seat 1: RaisemyNut$ ($114.52 in chips)
Seat 2: kdcl ($252 in chips)
RaisemyNut$: posts small blind $1
kdcl: posts big blind $3
*** HOLE CARDS ***
RaisemyNut$: raises $3 to $6
kdcl: calls $3
*** FLOP *** [8d Qh Ks]
kdcl: checks
RaisemyNut$: bets $3
kdcl: calls $3
*** TURN *** [8d Qh Ks] [4h]
kdcl: checks
RaisemyNut$: checks
*** RIVER *** [8d Qh Ks 4h] [7h]
kdcl: bets $6
RaisemyNut$: raises $6 to $12
kdcl: calls $6
*** SHOW DOWN ***
RaisemyNut$: shows [5h 3h] (a flush, Queen high)
kdcl: mucks hand
RaisemyNut$ collected $41.50 from pot
*** SUMMARY ***
Total pot $42 | Rake $0.50
Board [8d Qh Ks 4h 7h]
Seat 1: RaisemyNut$ (button) (small blind) showed [5h 3h] and won ($41.50) with a flush, Queen high
Seat 2: kdcl (big blind) mucked


PokerStars Hand #147399787205:  Hold'em Limit ($3/$6 USD) - 2016/01/20 20:32:49 ET
Table 'Triberga' 2-max Seat #2 is the button
Seat 1: RaisemyNut$ ($108.76 in chips)
Seat 2: kdcl ($258 in chips)
kdcl: posts small blind $1
RaisemyNut$: posts big blind $3
*** HOLE CARDS ***
kdcl: raises $3 to $6
RaisemyNut$: calls $3
*** FLOP *** [6s Js 4c]
RaisemyNut$: checks
kdcl: checks
*** TURN *** [6s Js 4c] [6c]
RaisemyNut$: checks
kdcl: checks
*** RIVER *** [6s Js 4c 6c] [5c]
RaisemyNut$: checks
kdcl: checks
*** SHOW DOWN ***
RaisemyNut$: shows [Kh 3c] (a pair of Sixes)
kdcl: mucks hand
RaisemyNut$ collected $11.76 from pot
*** SUMMARY ***
Total pot $12 | Rake $0.24
Board [6s Js 4c 6c 5c]
Seat 1: RaisemyNut$ (big blind) showed [Kh 3c] and won ($11.76) with a pair of Sixes
Seat 2: kdcl (button) (small blind) mucked


PokerStars Hand #147399837060:  Hold'em Limit ($3/$6 USD) - 2016/01/20 20:34:25 ET
Table 'Triberga' 2-max Seat #2 is the button
Seat 1: RaisemyNut$ ($153.04 in chips)
Seat 2: kdcl ($211.52 in chips)
kdcl: posts small blind $1
RaisemyNut$: posts big blind $3
*** HOLE CARDS ***
kdcl: raises $3 to $6
RaisemyNut$: calls $3
*** FLOP *** [7d 7c 6h]
RaisemyNut$: checks
kdcl: bets $3
RaisemyNut$: calls $3
*** TURN *** [7d 7c 6h] [2d]
RaisemyNut$: checks
kdcl: checks
*** RIVER *** [7d 7c 6h 2d] [Kd]
RaisemyNut$: checks
kdcl: bets $6
RaisemyNut$: calls $6
*** SHOW DOWN ***
kdcl: shows [5h Kc] (two pair, Kings and Sevens)
RaisemyNut$: mucks hand
kdcl collected $29.50 from pot
*** SUMMARY ***
Total pot $30 | Rake $0.50
Board [7d 7c 6h 2d Kd]
Seat 1: RaisemyNut$ (big blind) mucked
Seat 2: kdcl (button) (small blind) showed [5h Kc] and won ($29.50) with two pair, Kings and Sevens


PokerStars Hand #147399832472:  Hold'em Limit ($3/$6 USD) - 2016/01/20 20:34:16 ET
Table 'Triberga' 2-max Seat #1 is the button
Seat 1: RaisemyNut$ ($147.28 in chips)
Seat 2: kdcl ($217.52 in chips)
RaisemyNut$: posts small blind $1
kdcl: posts big blind $3
*** HOLE CARDS ***
RaisemyNut$: raises $3 to $6
kdcl: calls $3
*** FLOP *** [Qh Th 7d]
kdcl: checks
RaisemyNut$: bets $3
kdcl: folds
Uncalled bet ($3) returned to RaisemyNut$
RaisemyNut$ collected $11.76 from pot
RaisemyNut$: doesn't show hand
*** SUMMARY ***
Total pot $12 | Rake $0.24
Board [Qh Th 7d]
Seat 1: RaisemyNut$ (button) (small blind) collected ($11.76)
Seat 2: kdcl (big blind) folded on the Flop


PokerStars Hand #147399829675:  Hold'em Limit ($3/$6 USD) - 2016/01/20 20:34:11 ET
Table 'Triberga' 2-max Seat #2 is the button
Seat 1: RaisemyNut$ ($150.28 in chips)
Seat 2: kdcl ($214.52 in chips)
kdcl: posts small blind $1
RaisemyNut$: posts big blind $3
*** HOLE CARDS ***
kdcl: raises $3 to $6
RaisemyNut$: folds
Uncalled bet ($3) returned to kdcl
kdcl collected $6 from pot
*** SUMMARY ***
Total pot $6 | Rake $0
Seat 1: RaisemyNut$ (big blind) folded before Flop
Seat 2: kdcl (button) (small blind) collected ($6)


PokerStars Hand #147399822313:  Hold'em Limit ($3/$6 USD) - 2016/01/20 20:33:56 ET
Table 'Triberga' 2-max Seat #1 is the button
Seat 1: RaisemyNut$ ($162.28 in chips)
Seat 2: kdcl ($203 in chips)
RaisemyNut$: posts small blind $1
kdcl: posts big blind $3
*** HOLE CARDS ***
RaisemyNut$: raises $3 to $6
kdcl: calls $3
*** FLOP *** [Kd 4c Ts]
kdcl: checks
RaisemyNut$: bets $3
kdcl: raises $3 to $6
RaisemyNut$: calls $3
*** TURN *** [Kd 4c Ts] [6d]
kdcl: bets $6
RaisemyNut$: folds
Uncalled bet ($6) returned to kdcl
kdcl collected $23.52 from pot
*** SUMMARY ***
Total pot $24 | Rake $0.48
Board [Kd 4c Ts 6d]
Seat 1: RaisemyNut$ (button) (small blind) folded on the Turn
Seat 2: kdcl (big blind) collected ($23.52)


PokerStars Hand #147399819700:  Hold'em Limit ($3/$6 USD) - 2016/01/20 20:33:51 ET
Table 'Triberga' 2-max Seat #2 is the button
Seat 1: RaisemyNut$ ($161.28 in chips)
Seat 2: kdcl ($204 in chips)
kdcl: posts small blind $1
RaisemyNut$: posts big blind $3
*** HOLE CARDS ***
kdcl: folds
Uncalled bet ($2) returned to RaisemyNut$
RaisemyNut$ collected $2 from pot
RaisemyNut$: doesn't show hand
*** SUMMARY ***
Total pot $2 | Rake $0
Seat 1: RaisemyNut$ (big blind) collected ($2)
Seat 2: kdcl (button) (small blind) folded before Flop


PokerStars Hand #147399814960:  Hold'em Limit ($3/$6 USD) - 2016/01/20 20:33:42 ET
Table 'Triberga' 2-max Seat #1 is the button
Seat 1: RaisemyNut$ ($155.52 in chips)
Seat 2: kdcl ($210 in chips)
RaisemyNut$: posts small blind $1
kdcl: posts big blind $3
*** HOLE CARDS ***
RaisemyNut$: raises $3 to $6
kdcl: calls $3
*** FLOP *** [9h Js 2c]
kdcl: checks
RaisemyNut$: bets $3
kdcl: folds
Uncalled bet ($3) returned to RaisemyNut$
RaisemyNut$ collected $11.76 from pot
RaisemyNut$: doesn't show hand
*** SUMMARY ***
Total pot $12 | Rake $0.24
Board [9h Js 2c]
Seat 1: RaisemyNut$ (button) (small blind) collected ($11.76)
Seat 2: kdcl (big blind) folded on the Flop


PokerStars Hand #147399805311:  Hold'em Limit ($3/$6 USD) - 2016/01/20 20:33:24 ET
Table 'Triberga' 2-max Seat #2 is the button
Seat 1: RaisemyNut$ ($135.02 in chips)
Seat 2: kdcl ($231 in chips)
kdcl: posts small blind $1
RaisemyNut$: posts big blind $3
*** HOLE CARDS ***
kdcl: raises $3 to $6
RaisemyNut$: calls $3
*** FLOP *** [4d 5c 6h]
RaisemyNut$: checks
kdcl: bets $3
RaisemyNut$: calls $3
*** TURN *** [4d 5c 6h] [7c]
RaisemyNut$: bets $6
kdcl: calls $6
*** RIVER *** [4d 5c 6h 7c] [Kc]
RaisemyNut$: bets $6
kdcl: calls $6
*** SHOW DOWN ***
RaisemyNut$: shows [3s Kd] (a straight, Three to Seven)
kdcl: mucks hand
RaisemyNut$ collected $41.50 from pot
*** SUMMARY ***
Total pot $42 | Rake $0.50
Board [4d 5c 6h 7c Kc]
Seat 1: RaisemyNut$ (big blind) showed [3s Kd] and won ($41.50) with a straight, Three to Seven
Seat 2: kdcl (button) (small blind) mucked


PokerStars Hand #147399866386:  Hold'em Limit ($3/$6 USD) - 2016/01/20 20:35:20 ET
Table 'Triberga' 2-max Seat #2 is the button
Seat 1: RaisemyNut$ ($116.80 in chips)
Seat 2: kdcl ($246.04 in chips)
kdcl: posts small blind $1
RaisemyNut$: posts big blind $3
*** HOLE CARDS ***
kdcl: raises $3 to $6
RaisemyNut$: raises $3 to $9
kdcl: calls $3
*** FLOP *** [2h 5h 8h]
RaisemyNut$: bets $3
kdcl: calls $3
*** TURN *** [2h 5h 8h] [Ah]
RaisemyNut$: bets $6
kdcl: calls $6
*** RIVER *** [2h 5h 8h Ah] [Jc]
RaisemyNut$: checks
kdcl: checks
*** SHOW DOWN ***
RaisemyNut$: shows [Kh Td] (a flush, Ace high)
kdcl: mucks hand
RaisemyNut$ collected $35.50 from pot
*** SUMMARY ***
Total pot $36 | Rake $0.50
Board [2h 5h 8h Ah Jc]
Seat 1: RaisemyNut$ (big blind) showed [Kh Td] and won ($35.50) with a flush, Ace high
Seat 2: kdcl (button) (small blind) mucked


PokerStars Hand #147399857911:  Hold'em Limit ($3/$6 USD) - 2016/01/20 20:35:04 ET
Table 'Triberga' 2-max Seat #1 is the button
Seat 1: RaisemyNut$ ($131.80 in chips)
Seat 2: kdcl ($231.54 in chips)
RaisemyNut$: posts small blind $1
kdcl: posts big blind $3
*** HOLE CARDS ***
RaisemyNut$: raises $3 to $6
kdcl: calls $3
*** FLOP *** [9d 4d Qc]
kdcl: checks
RaisemyNut$: bets $3
kdcl: calls $3
*** TURN *** [9d 4d Qc] [2c]
kdcl: checks
RaisemyNut$: checks
*** RIVER *** [9d 4d Qc 2c] [8h]
kdcl: checks
RaisemyNut$: bets $6
kdcl: calls $6
*** SHOW DOWN ***
RaisemyNut$: shows [3h 6h] (high card Queen)
kdcl: shows [6d 4h] (a pair of Fours)
kdcl collected $29.50 from pot
*** SUMMARY ***
Total pot $30 | Rake $0.50
Board [9d 4d Qc 2c 8h]
Seat 1: RaisemyNut$ (button) (small blind) showed [3h 6h] and lost with high card Queen
Seat 2: kdcl (big blind) showed [6d 4h] and won ($29.50) with a pair of Fours


PokerStars Hand #147399849856:  Hold'em Limit ($3/$6 USD) - 2016/01/20 20:34:49 ET
Table 'Triberga' 2-max Seat #2 is the button
Seat 1: RaisemyNut$ ($143.80 in chips)
Seat 2: kdcl ($220.02 in chips)
kdcl: posts small blind $1
RaisemyNut$: posts big blind $3
*** HOLE CARDS ***
kdcl: raises $3 to $6
RaisemyNut$: calls $3
*** FLOP *** [7s 8s 9h]
RaisemyNut$: checks
kdcl: checks
*** TURN *** [7s 8s 9h] [Qd]
RaisemyNut$: checks
kdcl: checks
*** RIVER *** [7s 8s 9h Qd] [7c]
RaisemyNut$: checks
kdcl: bets $6
RaisemyNut$: calls $6
*** SHOW DOWN ***
kdcl: shows [Ah Ks] (a pair of Sevens)
RaisemyNut$: mucks hand
kdcl collected $23.52 from pot
*** SUMMARY ***
Total pot $24 | Rake $0.48
Board [7s 8s 9h Qd 7c]
Seat 1: RaisemyNut$ (big blind) mucked
Seat 2: kdcl (button) (small blind) showed [Ah Ks] and won ($23.52) with a pair of Sevens


PokerStars Hand #147399845204:  Hold'em Limit ($3/$6 USD) - 2016/01/20 20:34:40 ET
Table 'Triberga' 2-max Seat #1 is the button
Seat 1: RaisemyNut$ ($138.04 in chips)
Seat 2: kdcl ($226.02 in chips)
RaisemyNut$: posts small blind $1
kdcl: posts big blind $3
*** HOLE CARDS ***
RaisemyNut$: raises $3 to $6
kdcl: calls $3
*** FLOP *** [Ks Ad 9h]
kdcl: checks
RaisemyNut$: bets $3
kdcl: folds
Uncalled bet ($3) returned to RaisemyNut$
RaisemyNut$ collected $11.76 from pot
RaisemyNut$: doesn't show hand
*** SUMMARY ***
Total pot $12 | Rake $0.24
Board [Ks Ad 9h]
Seat 1: RaisemyNut$ (button) (small blind) collected ($11.76)
Seat 2: kdcl (big blind) folded on the Flop


PokerStars Hand #147399900671:  Hold'em Limit ($3/$6 USD) - 2016/01/20 20:36:26 ET
Table 'Triberga' 2-max Seat #1 is the button
Seat 1: RaisemyNut$ ($77.30 in chips)
Seat 2: kdcl ($283.56 in chips)
RaisemyNut$: posts small blind $1
kdcl: posts big blind $3
*** HOLE CARDS ***
RaisemyNut$: raises $3 to $6
kdcl: raises $3 to $9
RaisemyNut$: calls $3
*** FLOP *** [Qc 3h 7s]
kdcl: bets $3
RaisemyNut$: calls $3
*** TURN *** [Qc 3h 7s] [Kd]
kdcl: bets $6
RaisemyNut$: folds
Uncalled bet ($6) returned to kdcl
kdcl collected $23.52 from pot
*** SUMMARY ***
Total pot $24 | Rake $0.48
Board [Qc 3h 7s Kd]
Seat 1: RaisemyNut$ (button) (small blind) folded on the Turn
Seat 2: kdcl (big blind) collected ($23.52)


PokerStars Hand #147399898002:  Hold'em Limit ($3/$6 USD) - 2016/01/20 20:36:21 ET
Table 'Triberga' 2-max Seat #2 is the button
Seat 1: RaisemyNut$ ($80.30 in chips)
Seat 2: kdcl ($280.56 in chips)
kdcl: posts small blind $1
RaisemyNut$: posts big blind $3
*** HOLE CARDS ***
kdcl: raises $3 to $6
RaisemyNut$: folds
Uncalled bet ($3) returned to kdcl
kdcl collected $6 from pot
*** SUMMARY ***
Total pot $6 | Rake $0
Seat 1: RaisemyNut$ (big blind) folded before Flop
Seat 2: kdcl (button) (small blind) collected ($6)


PokerStars Hand #147399890055:  Hold'em Limit ($3/$6 USD) - 2016/01/20 20:36:06 ET
Table 'Triberga' 2-max Seat #1 is the button
Seat 1: RaisemyNut$ ($104.30 in chips)
Seat 2: kdcl ($257.06 in chips)
RaisemyNut$: posts small blind $1
kdcl: posts big blind $3
*** HOLE CARDS ***
RaisemyNut$: raises $3 to $6
kdcl: calls $3
*** FLOP *** [Tc 6c Js]
kdcl: checks
RaisemyNut$: bets $3
kdcl: raises $3 to $6
RaisemyNut$: calls $3
*** TURN *** [Tc 6c Js] [5d]
kdcl: bets $6
RaisemyNut$: calls $6
*** RIVER *** [Tc 6c Js 5d] [4c]
kdcl: bets $6
RaisemyNut$: calls $6
*** SHOW DOWN ***
kdcl: shows [Jc 6s] (two pair, Jacks and Sixes)
RaisemyNut$: mucks hand
kdcl collected $47.50 from pot
*** SUMMARY ***
Total pot $48 | Rake $0.50
Board [Tc 6c Js 5d 4c]
Seat 1: RaisemyNut$ (button) (small blind) mucked
Seat 2: kdcl (big blind) showed [Jc 6s] and won ($47.50) with two pair, Jacks and Sixes


PokerStars Hand #147399881211:  Hold'em Limit ($3/$6 USD) - 2016/01/20 20:35:49 ET
Table 'Triberga' 2-max Seat #2 is the button
Seat 1: RaisemyNut$ ($122.30 in chips)
Seat 2: kdcl ($239.56 in chips)
kdcl: posts small blind $1
RaisemyNut$: posts big blind $3
*** HOLE CARDS ***
kdcl: raises $3 to $6
RaisemyNut$: raises $3 to $9
kdcl: calls $3
*** FLOP *** [8c 4s Ad]
RaisemyNut$: bets $3
kdcl: calls $3
*** TURN *** [8c 4s Ad] [6c]
RaisemyNut$: bets $6
kdcl: calls $6
*** RIVER *** [8c 4s Ad 6c] [Kh]
RaisemyNut$: checks
kdcl: bets $6
RaisemyNut$: folds
Uncalled bet ($6) returned to kdcl
kdcl collected $35.50 from pot
*** SUMMARY ***
Total pot $36 | Rake $0.50
Board [8c 4s Ad 6c Kh]
Seat 1: RaisemyNut$ (big blind) folded on the River
Seat 2: kdcl (button) (small blind) collected ($35.50)


PokerStars Hand #147399874971:  Hold'em Limit ($3/$6 USD) - 2016/01/20 20:35:37 ET
Table 'Triberga' 2-max Seat #1 is the button
Seat 1: RaisemyNut$ ($134.30 in chips)
Seat 2: kdcl ($228.04 in chips)
RaisemyNut$: posts small blind $1
kdcl: posts big blind $3
*** HOLE CARDS ***
RaisemyNut$: raises $3 to $6
kdcl: raises $3 to $9
RaisemyNut$: calls $3
*** FLOP *** [Kd 6c 9c]
kdcl: bets $3
RaisemyNut$: calls $3
*** TURN *** [Kd 6c 9c] [Ad]
kdcl: bets $6
RaisemyNut$: folds
Uncalled bet ($6) returned to kdcl
kdcl collected $23.52 from pot
*** SUMMARY ***
Total pot $24 | Rake $0.48
Board [Kd 6c 9c Ad]
Seat 1: RaisemyNut$ (button) (small blind) folded on the Turn
Seat 2: kdcl (big blind) collected ($23.52)


PokerStars Hand #147399934881:  Hold'em Limit ($3/$6 USD) - 2016/01/20 20:37:32 ET
Table 'Triberga' 2-max Seat #2 is the button
Seat 1: RaisemyNut$ ($127.82 in chips)
Seat 2: kdcl ($231.08 in chips)
kdcl: posts small blind $1
RaisemyNut$: posts big blind $3
*** HOLE CARDS ***
kdcl: raises $3 to $6
RaisemyNut$: folds
Uncalled bet ($3) returned to kdcl
kdcl collected $6 from pot
*** SUMMARY ***
Total pot $6 | Rake $0
Seat 1: RaisemyNut$ (big blind) folded before Flop
Seat 2: kdcl (button) (small blind) collected ($6)


PokerStars Hand #147399925556:  Hold'em Limit ($3/$6 USD) - 2016/01/20 20:37:14 ET
Table 'Triberga' 2-max Seat #1 is the button
Seat 1: RaisemyNut$ ($98.32 in chips)
Seat 2: kdcl ($261.08 in chips)
RaisemyNut$: posts small blind $1
kdcl: posts big blind $3
*** HOLE CARDS ***
RaisemyNut$: raises $3 to $6
kdcl: raises $3 to $9
RaisemyNut$: calls $3
*** FLOP *** [7d As 5c]
kdcl: bets $3
RaisemyNut$: calls $3
*** TURN *** [7d As 5c] [Th]
kdcl: bets $6
RaisemyNut$: raises $6 to $12
kdcl: calls $6
*** RIVER *** [7d As 5c Th] [6c]
kdcl: checks
RaisemyNut$: bets $6
kdcl: calls $6
*** SHOW DOWN ***
RaisemyNut$: shows [5s 7h] (two pair, Sevens and Fives)
kdcl: mucks hand
RaisemyNut$ collected $59.50 from pot
*** SUMMARY ***
Total pot $60 | Rake $0.50
Board [7d As 5c Th 6c]
Seat 1: RaisemyNut$ (button) (small blind) showed [5s 7h] and won ($59.50) with two pair, Sevens and Fives
Seat 2: kdcl (big blind) mucked


PokerStars Hand #147399922928:  Hold'em Limit ($3/$6 USD) - 2016/01/20 20:37:09 ET
Table 'Triberga' 2-max Seat #2 is the button
Seat 1: RaisemyNut$ ($97.32 in chips)
Seat 2: kdcl ($262.08 in chips)
kdcl: posts small blind $1
RaisemyNut$: posts big blind $3
*** HOLE CARDS ***
kdcl: folds
Uncalled bet ($2) returned to RaisemyNut$
RaisemyNut$ collected $2 from pot
RaisemyNut$: doesn't show hand
*** SUMMARY ***
Total pot $2 | Rake $0
Seat 1: RaisemyNut$ (big blind) collected ($2)
Seat 2: kdcl (button) (small blind) folded before Flop


PokerStars Hand #147399914781:  Hold'em Limit ($3/$6 USD) - 2016/01/20 20:36:53 ET
Table 'Triberga' 2-max Seat #1 is the button
Seat 1: RaisemyNut$ ($76.82 in chips)
Seat 2: kdcl ($283.08 in chips)
RaisemyNut$: posts small blind $1
kdcl: posts big blind $3
*** HOLE CARDS ***
RaisemyNut$: raises $3 to $6
kdcl: raises $3 to $9
RaisemyNut$: calls $3
*** FLOP *** [Jc 5s 4s]
kdcl: bets $3
RaisemyNut$: raises $3 to $6
kdcl: calls $3
*** TURN *** [Jc 5s 4s] [Js]
kdcl: checks
RaisemyNut$: bets $6
kdcl: calls $6
*** RIVER *** [Jc 5s 4s Js] [Th]
kdcl: checks
RaisemyNut$: checks
*** SHOW DOWN ***
kdcl: shows [Ac Qh] (a pair of Jacks)
RaisemyNut$: shows [3s 4h] (two pair, Jacks and Fours)
RaisemyNut$ collected $41.50 from pot
*** SUMMARY ***
Total pot $42 | Rake $0.50
Board [Jc 5s 4s Js Th]
Seat 1: RaisemyNut$ (button) (small blind) showed [3s 4h] and won ($41.50) with two pair, Jacks and Fours
Seat 2: kdcl (big blind) showed [Ac Qh] and lost with a pair of Jacks


PokerStars Hand #147399906486:  Hold'em Limit ($3/$6 USD) - 2016/01/20 20:36:37 ET
Table 'Triberga' 2-max Seat #2 is the button
Seat 1: RaisemyNut$ ($65.30 in chips)
Seat 2: kdcl ($295.08 in chips)
kdcl: posts small blind $1
RaisemyNut$: posts big blind $3
*** HOLE CARDS ***
kdcl: raises $3 to $6
RaisemyNut$: calls $3
*** FLOP *** [As Jh 5d]
RaisemyNut$: checks
kdcl: checks
*** TURN *** [As Jh 5d] [3s]
RaisemyNut$: checks
kdcl: checks
*** RIVER *** [As Jh 5d 3s] [7c]
RaisemyNut$: bets $6
kdcl: calls $6
*** SHOW DOWN ***
RaisemyNut$: shows [7d Qc] (a pair of Sevens)
kdcl: mucks hand
RaisemyNut$ collected $23.52 from pot
*** SUMMARY ***
Total pot $24 | Rake $0.48
Board [As Jh 5d 3s 7c]
Seat 1: RaisemyNut$ (big blind) showed [7d Qc] and won ($23.52) with a pair of Sevens
Seat 2: kdcl (button) (small blind) mucked


PokerStars Hand #147399961671:  Hold'em Limit ($3/$6 USD) - 2016/01/20 20:38:24 ET
Table 'Triberga' 2-max Seat #2 is the button
Seat 1: RaisemyNut$ ($177.32 in chips)
Seat 2: kdcl ($180.08 in chips)
kdcl: posts small blind $1
RaisemyNut$: posts big blind $3
*** HOLE CARDS ***
kdcl: raises $3 to $6
RaisemyNut$: raises $3 to $9
kdcl: calls $3
*** FLOP *** [5s Qh 6s]
RaisemyNut$: bets $3
kdcl: calls $3
*** TURN *** [5s Qh 6s] [2c]
RaisemyNut$: bets $6
kdcl: calls $6
*** RIVER *** [5s Qh 6s 2c] [2s]
RaisemyNut$: bets $6
kdcl: calls $6
*** SHOW DOWN ***
RaisemyNut$: shows [Ts Th] (two pair, Tens and Deuces)
kdcl: mucks hand
RaisemyNut$ collected $47.50 from pot
*** SUMMARY ***
Total pot $48 | Rake $0.50
Board [5s Qh 6s 2c 2s]
Seat 1: RaisemyNut$ (big blind) showed [Ts Th] and won ($47.50) with two pair, Tens and Deuces
Seat 2: kdcl (button) (small blind) mucked


PokerStars Hand #147399953007:  Hold'em Limit ($3/$6 USD) - 2016/01/20 20:38:07 ET
Table 'Triberga' 2-max Seat #1 is the button
Seat 1: RaisemyNut$ ($162.82 in chips)
Seat 2: kdcl ($195.08 in chips)
RaisemyNut$: posts small blind $1
kdcl: posts big blind $3
*** HOLE CARDS ***
RaisemyNut$: raises $3 to $6
kdcl: calls $3
*** FLOP *** [9c Kh 7c]
kdcl: checks
RaisemyNut$: bets $3
kdcl: calls $3
*** TURN *** [9c Kh 7c] [4h]
kdcl: checks
RaisemyNut$: bets $6
kdcl: calls $6
*** RIVER *** [9c Kh 7c 4h] [Ah]
kdcl: checks
RaisemyNut$: bets $6
kdcl: folds
Uncalled bet ($6) returned to RaisemyNut$
RaisemyNut$ collected $29.50 from pot
RaisemyNut$: doesn't show hand
*** SUMMARY ***
Total pot $30 | Rake $0.50
Board [9c Kh 7c 4h Ah]
Seat 1: RaisemyNut$ (button) (small blind) collected ($29.50)
Seat 2: kdcl (big blind) folded on the River


PokerStars Hand #147399945506:  Hold'em Limit ($3/$6 USD) - 2016/01/20 20:37:53 ET
Table 'Triberga' 2-max Seat #2 is the button
Seat 1: RaisemyNut$ ($145.32 in chips)
Seat 2: kdcl ($213.08 in chips)
kdcl: posts small blind $1
RaisemyNut$: posts big blind $3
*** HOLE CARDS ***
kdcl: raises $3 to $6
RaisemyNut$: calls $3
*** FLOP *** [6c 9d 5c]
RaisemyNut$: checks
kdcl: checks
*** TURN *** [6c 9d 5c] [4s]
RaisemyNut$: bets $6
kdcl: calls $6
*** RIVER *** [6c 9d 5c 4s] [2d]
RaisemyNut$: bets $6
kdcl: calls $6
*** SHOW DOWN ***
RaisemyNut$: shows [5s Ks] (a pair of Fives)
kdcl: mucks hand
RaisemyNut$ collected $35.50 from pot
*** SUMMARY ***
Total pot $36 | Rake $0.50
Board [6c 9d 5c 4s 2d]
Seat 1: RaisemyNut$ (big blind) showed [5s Ks] and won ($35.50) with a pair of Fives
Seat 2: kdcl (button) (small blind) mucked


PokerStars Hand #147399937578:  Hold'em Limit ($3/$6 USD) - 2016/01/20 20:37:37 ET
Table 'Triberga' 2-max Seat #1 is the button
Seat 1: RaisemyNut$ ($124.82 in chips)
Seat 2: kdcl ($234.08 in chips)
RaisemyNut$: posts small blind $1
kdcl: posts big blind $3
*** HOLE CARDS ***
RaisemyNut$: raises $3 to $6
kdcl: raises $3 to $9
RaisemyNut$: calls $3
*** FLOP *** [6s 2d 6d]
kdcl: bets $3
RaisemyNut$: raises $3 to $6
kdcl: calls $3
*** TURN *** [6s 2d 6d] [6h]
kdcl: checks
RaisemyNut$: bets $6
kdcl: calls $6
*** RIVER *** [6s 2d 6d 6h] [Qs]
kdcl: checks
RaisemyNut$: checks
*** SHOW DOWN ***
kdcl: shows [4s Kd] (three of a kind, Sixes)
RaisemyNut$: shows [5s Ad] (three of a kind, Sixes - Ace kicker)
RaisemyNut$ collected $41.50 from pot
*** SUMMARY ***
Total pot $42 | Rake $0.50
Board [6s 2d 6d 6h Qs]
Seat 1: RaisemyNut$ (button) (small blind) showed [5s Ad] and won ($41.50) with three of a kind, Sixes
Seat 2: kdcl (big blind) showed [4s Kd] and lost with three of a kind, Sixes


PokerStars Hand #147399991101:  Hold'em Limit ($3/$6 USD) - 2016/01/20 20:39:22 ET
Table 'Triberga' 2-max Seat #2 is the button
Seat 1: RaisemyNut$ ($209.32 in chips)
Seat 2: kdcl ($146.48 in chips)
kdcl: posts small blind $1
RaisemyNut$: posts big blind $3
*** HOLE CARDS ***
kdcl: raises $3 to $6
RaisemyNut$: folds
Uncalled bet ($3) returned to kdcl
kdcl collected $6 from pot
*** SUMMARY ***
Total pot $6 | Rake $0
Seat 1: RaisemyNut$ (big blind) folded before Flop
Seat 2: kdcl (button) (small blind) collected ($6)


PokerStars Hand #147399981357:  Hold'em Limit ($3/$6 USD) - 2016/01/20 20:39:03 ET
Table 'Triberga' 2-max Seat #1 is the button
Seat 1: RaisemyNut$ ($185.82 in chips)
Seat 2: kdcl ($170.48 in chips)
RaisemyNut$: posts small blind $1
kdcl: posts big blind $3
*** HOLE CARDS ***
RaisemyNut$: raises $3 to $6
kdcl: calls $3
*** FLOP *** [Ac Th 2c]
kdcl: checks
RaisemyNut$: bets $3
kdcl: raises $3 to $6
RaisemyNut$: calls $3
*** TURN *** [Ac Th 2c] [8c]
kdcl: checks
RaisemyNut$: bets $6
kdcl: calls $6
*** RIVER *** [Ac Th 2c 8c] [8s]
kdcl: checks
RaisemyNut$: bets $6
kdcl: calls $6
*** SHOW DOWN ***
RaisemyNut$: shows [Tc 8h] (a full house, Eights full of Tens)
kdcl: mucks hand
RaisemyNut$ collected $47.50 from pot
*** SUMMARY ***
Total pot $48 | Rake $0.50
Board [Ac Th 2c 8c 8s]
Seat 1: RaisemyNut$ (button) (small blind) showed [Tc 8h] and won ($47.50) with a full house, Eights full of Tens
Seat 2: kdcl (big blind) mucked


PokerStars Hand #147399974356:  Hold'em Limit ($3/$6 USD) - 2016/01/20 20:38:49 ET
Table 'Triberga' 2-max Seat #2 is the button
Seat 1: RaisemyNut$ ($191.82 in chips)
Seat 2: kdcl ($164.72 in chips)
kdcl: posts small blind $1
RaisemyNut$: posts big blind $3
*** HOLE CARDS ***
kdcl: raises $3 to $6
RaisemyNut$: calls $3
*** FLOP *** [7h Ac 4d]
RaisemyNut$: checks
kdcl: checks
*** TURN *** [7h Ac 4d] [8h]
RaisemyNut$: checks
kdcl: bets $6
RaisemyNut$: folds
Uncalled bet ($6) returned to kdcl
kdcl collected $11.76 from pot
*** SUMMARY ***
Total pot $12 | Rake $0.24
Board [7h Ac 4d 8h]
Seat 1: RaisemyNut$ (big blind) folded on the Turn
Seat 2: kdcl (button) (small blind) collected ($11.76)


PokerStars Hand #147399969970:  Hold'em Limit ($3/$6 USD) - 2016/01/20 20:38:41 ET
Table 'Triberga' 2-max Seat #1 is the button
Seat 1: RaisemyNut$ ($200.82 in chips)
Seat 2: kdcl ($156.08 in chips)
RaisemyNut$: posts small blind $1
kdcl: posts big blind $3
*** HOLE CARDS ***
RaisemyNut$: raises $3 to $6
kdcl: raises $3 to $9
RaisemyNut$: calls $3
*** FLOP *** [4c 4h Ad]
kdcl: bets $3
RaisemyNut$: folds
Uncalled bet ($3) returned to kdcl
kdcl collected $17.64 from pot
*** SUMMARY ***
Total pot $18 | Rake $0.36
Board [4c 4h Ad]
Seat 1: RaisemyNut$ (button) (small blind) folded on the Flop
Seat 2: kdcl (big blind) collected ($17.64)


PokerStars Hand #147400029541:  Hold'em Limit ($3/$6 USD) - 2016/01/20 20:40:37 ET
Table 'Triberga' 2-max Seat #1 is the button
Seat 1: RaisemyNut$ ($237.84 in chips)
Seat 2: kdcl ($115.98 in chips)
RaisemyNut$: posts small blind $1
kdcl: posts big blind $3
*** HOLE CARDS ***
RaisemyNut$: raises $3 to $6
kdcl: folds
Uncalled bet ($3) returned to RaisemyNut$
RaisemyNut$ collected $6 from pot
RaisemyNut$: doesn't show hand
*** SUMMARY ***
Total pot $6 | Rake $0
Seat 1: RaisemyNut$ (button) (small blind) collected ($6)
Seat 2: kdcl (big blind) folded before Flop


PokerStars Hand #147400020888:  Hold'em Limit ($3/$6 USD) - 2016/01/20 20:40:20 ET
Table 'Triberga' 2-max Seat #2 is the button
Seat 1: RaisemyNut$ ($258.84 in chips)
Seat 2: kdcl ($95.48 in chips)
kdcl: posts small blind $1
RaisemyNut$: posts big blind $3
*** HOLE CARDS ***
kdcl: raises $3 to $6
RaisemyNut$: calls $3
*** FLOP *** [9s 2d Jc]
RaisemyNut$: bets $3
kdcl: calls $3
*** TURN *** [9s 2d Jc] [6s]
RaisemyNut$: bets $6
kdcl: calls $6
*** RIVER *** [9s 2d Jc 6s] [Qd]
RaisemyNut$: bets $6
kdcl: raises $6 to $12
RaisemyNut$: folds
Uncalled bet ($6) returned to kdcl
kdcl collected $41.50 from pot
*** SUMMARY ***
Total pot $42 | Rake $0.50
Board [9s 2d Jc 6s Qd]
Seat 1: RaisemyNut$ (big blind) folded on the River
Seat 2: kdcl (button) (small blind) collected ($41.50)


PokerStars Hand #147400011862:  Hold'em Limit ($3/$6 USD) - 2016/01/20 20:40:02 ET
Table 'Triberga' 2-max Seat #1 is the button
Seat 1: RaisemyNut$ ($238.34 in chips)
Seat 2: kdcl ($116.48 in chips)
RaisemyNut$: posts small blind $1
kdcl: posts big blind $3
*** HOLE CARDS ***
RaisemyNut$: raises $3 to $6
kdcl: calls $3
*** FLOP *** [6h 4d Qc]
kdcl: checks
RaisemyNut$: bets $3
kdcl: calls $3
*** TURN *** [6h 4d Qc] [6s]
kdcl: checks
RaisemyNut$: bets $6
kdcl: calls $6
*** RIVER *** [6h 4d Qc 6s] [2s]
kdcl: checks
RaisemyNut$: bets $6
kdcl: calls $6
*** SHOW DOWN ***
RaisemyNut$: shows [6c 8c] (three of a kind, Sixes)
kdcl: mucks hand
RaisemyNut$ collected $41.50 from pot
*** SUMMARY ***
Total pot $42 | Rake $0.50
Board [6h 4d Qc 6s 2s]
Seat 1: RaisemyNut$ (button) (small blind) showed [6c 8c] and won ($41.50) with three of a kind, Sixes
Seat 2: kdcl (big blind) mucked


PokerStars Hand #147400005821:  Hold'em Limit ($3/$6 USD) - 2016/01/20 20:39:51 ET
Table 'Triberga' 2-max Seat #2 is the button
Seat 1: RaisemyNut$ ($226.82 in chips)
Seat 2: kdcl ($128.48 in chips)
kdcl: posts small blind $1
RaisemyNut$: posts big blind $3
*** HOLE CARDS ***
kdcl: raises $3 to $6
RaisemyNut$: raises $3 to $9
kdcl: calls $3
*** FLOP *** [Ac 6c 5s]
RaisemyNut$: bets $3
kdcl: calls $3
*** TURN *** [Ac 6c 5s] [Td]
RaisemyNut$: bets $6
kdcl: folds
Uncalled bet ($6) returned to RaisemyNut$
RaisemyNut$ collected $23.52 from pot
RaisemyNut$: doesn't show hand
*** SUMMARY ***
Total pot $24 | Rake $0.48
Board [Ac 6c 5s Td]
Seat 1: RaisemyNut$ (big blind) collected ($23.52)
Seat 2: kdcl (button) (small blind) folded on the Turn


PokerStars Hand #147399994051:  Hold'em Limit ($3/$6 USD) - 2016/01/20 20:39:28 ET
Table 'Triberga' 2-max Seat #1 is the button
Seat 1: RaisemyNut$ ($206.32 in chips)
Seat 2: kdcl ($149.48 in chips)
RaisemyNut$: posts small blind $1
kdcl: posts big blind $3
*** HOLE CARDS ***
RaisemyNut$: raises $3 to $6
kdcl: calls $3
*** FLOP *** [7c 5s 8h]
kdcl: checks
RaisemyNut$: bets $3
kdcl: calls $3
*** TURN *** [7c 5s 8h] [Qs]
kdcl: checks
RaisemyNut$: bets $6
kdcl: calls $6
*** RIVER *** [7c 5s 8h Qs] [6d]
kdcl: checks
RaisemyNut$: bets $6
kdcl: calls $6
*** SHOW DOWN ***
RaisemyNut$: shows [9s Kh] (a straight, Five to Nine)
kdcl: mucks hand
RaisemyNut$ collected $41.50 from pot
*** SUMMARY ***
Total pot $42 | Rake $0.50
Board [7c 5s 8h Qs 6d]
Seat 1: RaisemyNut$ (button) (small blind) showed [9s Kh] and won ($41.50) with a straight, Five to Nine
Seat 2: kdcl (big blind) mucked


PokerStars Hand #147400047487:  Hold'em Limit ($3/$6 USD) - 2016/01/20 20:41:12 ET
Table 'Triberga' 2-max Seat #2 is the button
Seat 1: RaisemyNut$ ($239.59 in chips)
Seat 2: kdcl ($113.73 in chips)
kdcl: posts small blind $1
RaisemyNut$: posts big blind $3
*** HOLE CARDS ***
kdcl: raises $3 to $6
RaisemyNut$: raises $3 to $9
kdcl: calls $3
*** FLOP *** [Ts Qc 6c]
RaisemyNut$: bets $3
kdcl: calls $3
*** TURN *** [Ts Qc 6c] [6d]
RaisemyNut$: bets $6
kdcl: calls $6
*** RIVER *** [Ts Qc 6c 6d] [3s]
RaisemyNut$: bets $6
kdcl: raises $6 to $12
RaisemyNut$: calls $6
*** SHOW DOWN ***
kdcl: shows [7c Qd] (two pair, Queens and Sixes)
RaisemyNut$: shows [Qs Ks] (two pair, Queens and Sixes - King kicker)
RaisemyNut$ collected $59.50 from pot
*** SUMMARY ***
Total pot $60 | Rake $0.50
Board [Ts Qc 6c 6d 3s]
Seat 1: RaisemyNut$ (big blind) showed [Qs Ks] and won ($59.50) with two pair, Queens and Sixes
Seat 2: kdcl (button) (small blind) showed [7c Qd] and lost with two pair, Queens and Sixes


PokerStars Hand #147400044811:  Hold'em Limit ($3/$6 USD) - 2016/01/20 20:41:07 ET
Table 'Triberga' 2-max Seat #1 is the button
Seat 1: RaisemyNut$ ($236.59 in chips)
Seat 2: kdcl ($116.73 in chips)
RaisemyNut$: posts small blind $1
kdcl: posts big blind $3
*** HOLE CARDS ***
RaisemyNut$: raises $3 to $6
kdcl: folds
Uncalled bet ($3) returned to RaisemyNut$
RaisemyNut$ collected $6 from pot
RaisemyNut$: doesn't show hand
*** SUMMARY ***
Total pot $6 | Rake $0
Seat 1: RaisemyNut$ (button) (small blind) collected ($6)
Seat 2: kdcl (big blind) folded before Flop


PokerStars Hand #147400042033:  Hold'em Limit ($3/$6 USD) - 2016/01/20 20:41:02 ET
Table 'Triberga' 2-max Seat #2 is the button
Seat 1: RaisemyNut$ ($239.59 in chips)
Seat 2: kdcl ($113.73 in chips)
kdcl: posts small blind $1
RaisemyNut$: posts big blind $3
*** HOLE CARDS ***
kdcl: raises $3 to $6
RaisemyNut$: folds
Uncalled bet ($3) returned to kdcl
kdcl collected $6 from pot
*** SUMMARY ***
Total pot $6 | Rake $0
Seat 1: RaisemyNut$ (big blind) folded before Flop
Seat 2: kdcl (button) (small blind) collected ($6)


PokerStars Hand #147400039691:  Hold'em Limit ($3/$6 USD) - 2016/01/20 20:40:57 ET
Table 'Triberga' 2-max Seat #1 is the button
Seat 1: RaisemyNut$ ($240.59 in chips)
Seat 2: kdcl ($112.73 in chips)
RaisemyNut$: posts small blind $1
kdcl: posts big blind $3
*** HOLE CARDS ***
RaisemyNut$: folds
Uncalled bet ($2) returned to kdcl
kdcl collected $2 from pot
*** SUMMARY ***
Total pot $2 | Rake $0
Seat 1: RaisemyNut$ (button) (small blind) folded before Flop
Seat 2: kdcl (big blind) collected ($2)


PokerStars Hand #147400032282:  Hold'em Limit ($3/$6 USD) - 2016/01/20 20:40:42 ET
Table 'Triberga' 2-max Seat #2 is the button
Seat 1: RaisemyNut$ ($240.84 in chips)
Seat 2: kdcl ($112.98 in chips)
kdcl: posts small blind $1
RaisemyNut$: posts big blind $3
*** HOLE CARDS ***
kdcl: raises $3 to $6
RaisemyNut$: raises $3 to $9
kdcl: calls $3
*** FLOP *** [Th Qc Jd]
RaisemyNut$: bets $3
kdcl: calls $3
*** TURN *** [Th Qc Jd] [Kh]
RaisemyNut$: bets $6
kdcl: calls $6
*** RIVER *** [Th Qc Jd Kh] [Ad]
RaisemyNut$: checks
kdcl: checks
*** SHOW DOWN ***
RaisemyNut$: shows [7s 9s] (a straight, Ten to Ace)
kdcl: shows [8s Js] (a straight, Ten to Ace)
RaisemyNut$ collected $17.75 from pot
kdcl collected $17.75 from pot
*** SUMMARY ***
Total pot $36 | Rake $0.50
Board [Th Qc Jd Kh Ad]
Seat 1: RaisemyNut$ (big blind) showed [7s 9s] and won ($17.75) with a straight, Ten to Ace
Seat 2: kdcl (button) (small blind) showed [8s Js] and won ($17.75) with a straight, Ten to Ace


PokerStars Hand #147400081422:  Hold'em Limit ($3/$6 USD) - 2016/01/20 20:42:19 ET
Table 'Triberga' 2-max Seat #1 is the button
Seat 1: RaisemyNut$ ($220.61 in chips)
Seat 2: kdcl ($130.73 in chips)
RaisemyNut$: posts small blind $1
kdcl: posts big blind $3
*** HOLE CARDS ***
RaisemyNut$: raises $3 to $6
kdcl: calls $3
*** FLOP *** [6h 3c Qc]
kdcl: checks
RaisemyNut$: bets $3
kdcl: calls $3
*** TURN *** [6h 3c Qc] [9h]
kdcl: checks
RaisemyNut$: bets $6
kdcl: calls $6
*** RIVER *** [6h 3c Qc 9h] [4s]
kdcl: checks
RaisemyNut$: checks
*** SHOW DOWN ***
kdcl: shows [4h 6s] (two pair, Sixes and Fours)
RaisemyNut$: mucks hand
kdcl collected $29.50 from pot
*** SUMMARY ***
Total pot $30 | Rake $0.50
Board [6h 3c Qc 9h 4s]
Seat 1: RaisemyNut$ (button) (small blind) mucked
Seat 2: kdcl (big blind) showed [4h 6s] and won ($29.50) with two pair, Sixes and Fours


PokerStars Hand #147400074296:  Hold'em Limit ($3/$6 USD) - 2016/01/20 20:42:05 ET
Table 'Triberga' 2-max Seat #2 is the button
Seat 1: RaisemyNut$ ($209.09 in chips)
Seat 2: kdcl ($142.73 in chips)
kdcl: posts small blind $1
RaisemyNut$: posts big blind $3
*** HOLE CARDS ***
kdcl: raises $3 to $6
RaisemyNut$: calls $3
*** FLOP *** [Jc 9h 9c]
RaisemyNut$: checks
kdcl: checks
*** TURN *** [Jc 9h 9c] [2d]
RaisemyNut$: bets $6
kdcl: calls $6
*** RIVER *** [Jc 9h 9c 2d] [4h]
RaisemyNut$: checks
kdcl: checks
*** SHOW DOWN ***
RaisemyNut$: shows [8c Qd] (a pair of Nines)
kdcl: mucks hand
RaisemyNut$ collected $23.52 from pot
*** SUMMARY ***
Total pot $24 | Rake $0.48
Board [Jc 9h 9c 2d 4h]
Seat 1: RaisemyNut$ (big blind) showed [8c Qd] and won ($23.52) with a pair of Nines
Seat 2: kdcl (button) (small blind) mucked


PokerStars Hand #147400071701:  Hold'em Limit ($3/$6 USD) - 2016/01/20 20:42:00 ET
Table 'Triberga' 2-max Seat #1 is the button
Seat 1: RaisemyNut$ ($206.09 in chips)
Seat 2: kdcl ($145.73 in chips)
RaisemyNut$: posts small blind $1
kdcl: posts big blind $3
*** HOLE CARDS ***
RaisemyNut$: raises $3 to $6
kdcl: folds
Uncalled bet ($3) returned to RaisemyNut$
RaisemyNut$ collected $6 from pot
RaisemyNut$: doesn't show hand
*** SUMMARY ***
Total pot $6 | Rake $0
Seat 1: RaisemyNut$ (button) (small blind) collected ($6)
Seat 2: kdcl (big blind) folded before Flop


PokerStars Hand #147400065100:  Hold'em Limit ($3/$6 USD) - 2016/01/20 20:41:47 ET
Table 'Triberga' 2-max Seat #2 is the button
Seat 1: RaisemyNut$ ($230.09 in chips)
Seat 2: kdcl ($122.23 in chips)
kdcl: posts small blind $1
RaisemyNut$: posts big blind $3
*** HOLE CARDS ***
kdcl: raises $3 to $6
RaisemyNut$: raises $3 to $9
kdcl: calls $3
*** FLOP *** [2s 3c Th]
RaisemyNut$: bets $3
kdcl: calls $3
*** TURN *** [2s 3c Th] [4c]
RaisemyNut$: bets $6
kdcl: calls $6
*** RIVER *** [2s 3c Th 4c] [3d]
RaisemyNut$: bets $6
kdcl: calls $6
*** SHOW DOWN ***
RaisemyNut$: shows [7d Ah] (a pair of Threes)
kdcl: shows [Qh 2h] (two pair, Threes and Deuces)
kdcl collected $47.50 from pot
*** SUMMARY ***
Total pot $48 | Rake $0.50
Board [2s 3c Th 4c 3d]
Seat 1: RaisemyNut$ (big blind) showed [7d Ah] and lost with a pair of Threes
Seat 2: kdcl (button) (small blind) showed [Qh 2h] and won ($47.50) with two pair, Threes and Deuces


PokerStars Hand #147400054876:  Hold'em Limit ($3/$6 USD) - 2016/01/20 20:41:27 ET
Table 'Triberga' 2-max Seat #1 is the button
Seat 1: RaisemyNut$ ($269.09 in chips)
Seat 2: kdcl ($83.73 in chips)
RaisemyNut$: posts small blind $1
kdcl: posts big blind $3
*** HOLE CARDS ***
RaisemyNut$: raises $3 to $6
kdcl: raises $3 to $9
RaisemyNut$: raises $3 to $12
Betting is capped
kdcl: calls $3
*** FLOP *** [Ac Kd 3h]
kdcl: bets $3
RaisemyNut$: calls $3
*** TURN *** [Ac Kd 3h] [4s]
kdcl: bets $6
RaisemyNut$: raises $6 to $12
kdcl: calls $6
*** RIVER *** [Ac Kd 3h 4s] [Qc]
kdcl: bets $6
RaisemyNut$: raises $6 to $12
kdcl: raises $6 to $18
RaisemyNut$: folds
Uncalled bet ($6) returned to kdcl
kdcl collected $77.50 from pot
*** SUMMARY ***
Total pot $78 | Rake $0.50
Board [Ac Kd 3h 4s Qc]
Seat 1: RaisemyNut$ (button) (small blind) folded on the River
Seat 2: kdcl (big blind) collected ($77.50)


PokerStars Hand #147400115194:  Hold'em Limit ($3/$6 USD) - 2016/01/20 20:43:26 ET
Table 'Triberga' 2-max Seat #2 is the button
Seat 1: RaisemyNut$ ($172.11 in chips)
Seat 2: kdcl ($176.99 in chips)
kdcl: posts small blind $1
RaisemyNut$: posts big blind $3
*** HOLE CARDS ***
kdcl: raises $3 to $6
RaisemyNut$: calls $3
*** FLOP *** [Ah 6c 4d]
RaisemyNut$: checks
kdcl: checks
*** TURN *** [Ah 6c 4d] [8h]
RaisemyNut$: checks
kdcl: bets $6
RaisemyNut$: folds
Uncalled bet ($6) returned to kdcl
kdcl collected $11.76 from pot
*** SUMMARY ***
Total pot $12 | Rake $0.24
Board [Ah 6c 4d 8h]
Seat 1: RaisemyNut$ (big blind) folded on the Turn
Seat 2: kdcl (button) (small blind) collected ($11.76)


PokerStars Hand #147400107415:  Hold'em Limit ($3/$6 USD) - 2016/01/20 20:43:11 ET
Table 'Triberga' 2-max Seat #1 is the button
Seat 1: RaisemyNut$ ($196.11 in chips)
Seat 2: kdcl ($153.49 in chips)
RaisemyNut$: posts small blind $1
kdcl: posts big blind $3
*** HOLE CARDS ***
RaisemyNut$: raises $3 to $6
kdcl: raises $3 to $9
RaisemyNut$: calls $3
*** FLOP *** [3d 9d Kc]
kdcl: bets $3
RaisemyNut$: calls $3
*** TURN *** [3d 9d Kc] [8s]
kdcl: bets $6
RaisemyNut$: raises $6 to $12
kdcl: calls $6
*** RIVER *** [3d 9d Kc 8s] [8c]
kdcl: checks
RaisemyNut$: checks
*** SHOW DOWN ***
kdcl: shows [Js Jh] (two pair, Jacks and Eights)
RaisemyNut$: mucks hand
kdcl collected $47.50 from pot
*** SUMMARY ***
Total pot $48 | Rake $0.50
Board [3d 9d Kc 8s 8c]
Seat 1: RaisemyNut$ (button) (small blind) mucked
Seat 2: kdcl (big blind) showed [Js Jh] and won ($47.50) with two pair, Jacks and Eights


PokerStars Hand #147400101904:  Hold'em Limit ($3/$6 USD) - 2016/01/20 20:43:00 ET
Table 'Triberga' 2-max Seat #2 is the button
Seat 1: RaisemyNut$ ($202.11 in chips)
Seat 2: kdcl ($147.73 in chips)
kdcl: posts small blind $1
RaisemyNut$: posts big blind $3
*** HOLE CARDS ***
kdcl: raises $3 to $6
RaisemyNut$: calls $3
*** FLOP *** [7d 8h Ac]
RaisemyNut$: checks
kdcl: checks
*** TURN *** [7d 8h Ac] [Jd]
RaisemyNut$: checks
kdcl: bets $6
RaisemyNut$: folds
Uncalled bet ($6) returned to kdcl
kdcl collected $11.76 from pot
*** SUMMARY ***
Total pot $12 | Rake $0.24
Board [7d 8h Ac Jd]
Seat 1: RaisemyNut$ (big blind) folded on the Turn
Seat 2: kdcl (button) (small blind) collected ($11.76)


PokerStars Hand #147400094750:  Hold'em Limit ($3/$6 USD) - 2016/01/20 20:42:46 ET
Table 'Triberga' 2-max Seat #1 is the button
Seat 1: RaisemyNut$ ($187.61 in chips)
Seat 2: kdcl ($162.73 in chips)
RaisemyNut$: posts small blind $1
kdcl: posts big blind $3
*** HOLE CARDS ***
RaisemyNut$: raises $3 to $6
kdcl: calls $3
*** FLOP *** [Qc Jh Ah]
kdcl: checks
RaisemyNut$: bets $3
kdcl: raises $3 to $6
RaisemyNut$: raises $3 to $9
kdcl: calls $3
*** TURN *** [Qc Jh Ah] [As]
kdcl: checks
RaisemyNut$: bets $6
kdcl: folds
Uncalled bet ($6) returned to RaisemyNut$
RaisemyNut$ collected $29.50 from pot
RaisemyNut$: doesn't show hand
*** SUMMARY ***
Total pot $30 | Rake $0.50
Board [Qc Jh Ah As]
Seat 1: RaisemyNut$ (button) (small blind) collected ($29.50)
Seat 2: kdcl (big blind) folded on the Turn


PokerStars Hand #147400088631:  Hold'em Limit ($3/$6 USD) - 2016/01/20 20:42:34 ET
Table 'Triberga' 2-max Seat #2 is the button
Seat 1: RaisemyNut$ ($205.61 in chips)
Seat 2: kdcl ($145.23 in chips)
kdcl: posts small blind $1
RaisemyNut$: posts big blind $3
*** HOLE CARDS ***
kdcl: raises $3 to $6
RaisemyNut$: calls $3
*** FLOP *** [Jh 6h 7c]
RaisemyNut$: checks
kdcl: checks
*** TURN *** [Jh 6h 7c] [Qd]
RaisemyNut$: bets $6
kdcl: calls $6
*** RIVER *** [Jh 6h 7c Qd] [Jc]
RaisemyNut$: bets $6
kdcl: calls $6
*** SHOW DOWN ***
RaisemyNut$: shows [5c 8c] (a pair of Jacks)
kdcl: shows [Ac 9h] (a pair of Jacks - Ace kicker)
kdcl collected $35.50 from pot
*** SUMMARY ***
Total pot $36 | Rake $0.50
Board [Jh 6h 7c Qd Jc]
Seat 1: RaisemyNut$ (big blind) showed [5c 8c] and lost with a pair of Jacks
Seat 2: kdcl (button) (small blind) showed [Ac 9h] and won ($35.50) with a pair of Jacks


PokerStars Hand #147400141849:  Hold'em Limit ($3/$6 USD) - 2016/01/20 20:44:19 ET
Table 'Triberga' 2-max Seat #1 is the button
Seat 1: RaisemyNut$ ($162.61 in chips)
Seat 2: kdcl ($185.15 in chips)
RaisemyNut$: posts small blind $1
kdcl: posts big blind $3
*** HOLE CARDS ***
RaisemyNut$: raises $3 to $6
kdcl: raises $3 to $9
RaisemyNut$: calls $3
*** FLOP *** [4d Th 8h]
kdcl: bets $3
RaisemyNut$: raises $3 to $6
kdcl: calls $3
*** TURN *** [4d Th 8h] [9h]
kdcl: checks
RaisemyNut$: bets $6
kdcl: folds
Uncalled bet ($6) returned to RaisemyNut$
RaisemyNut$ collected $29.50 from pot
RaisemyNut$: doesn't show hand
*** SUMMARY ***
Total pot $30 | Rake $0.50
Board [4d Th 8h 9h]
Seat 1: RaisemyNut$ (button) (small blind) collected ($29.50)
Seat 2: kdcl (big blind) folded on the Turn


PokerStars Hand #147400139398:  Hold'em Limit ($3/$6 USD) - 2016/01/20 20:44:14 ET
Table 'Triberga' 2-max Seat #2 is the button
Seat 1: RaisemyNut$ ($165.61 in chips)
Seat 2: kdcl ($182.15 in chips)
kdcl: posts small blind $1
RaisemyNut$: posts big blind $3
*** HOLE CARDS ***
kdcl: raises $3 to $6
RaisemyNut$: folds
Uncalled bet ($3) returned to kdcl
kdcl collected $6 from pot
*** SUMMARY ***
Total pot $6 | Rake $0
Seat 1: RaisemyNut$ (big blind) folded before Flop
Seat 2: kdcl (button) (small blind) collected ($6)


PokerStars Hand #147400131935:  Hold'em Limit ($3/$6 USD) - 2016/01/20 20:43:59 ET
Table 'Triberga' 2-max Seat #1 is the button
Seat 1: RaisemyNut$ ($151.11 in chips)
Seat 2: kdcl ($197.15 in chips)
RaisemyNut$: posts small blind $1
kdcl: posts big blind $3
*** HOLE CARDS ***
RaisemyNut$: raises $3 to $6
kdcl: raises $3 to $9
RaisemyNut$: raises $3 to $12
Betting is capped
kdcl: calls $3
*** FLOP *** [2h Qh 5c]
kdcl: checks
RaisemyNut$: bets $3
kdcl: calls $3
*** TURN *** [2h Qh 5c] [Ah]
kdcl: checks
RaisemyNut$: bets $6
kdcl: folds
Uncalled bet ($6) returned to RaisemyNut$
RaisemyNut$ collected $29.50 from pot
RaisemyNut$: doesn't show hand
*** SUMMARY ***
Total pot $30 | Rake $0.50
Board [2h Qh 5c Ah]
Seat 1: RaisemyNut$ (button) (small blind) collected ($29.50)
Seat 2: kdcl (big blind) folded on the Turn


PokerStars Hand #147400125215:  Hold'em Limit ($3/$6 USD) - 2016/01/20 20:43:46 ET
Table 'Triberga' 2-max Seat #2 is the button
Seat 1: RaisemyNut$ ($157.11 in chips)
Seat 2: kdcl ($191.39 in chips)
kdcl: posts small blind $1
RaisemyNut$: posts big blind $3
*** HOLE CARDS ***
kdcl: raises $3 to $6
RaisemyNut$: calls $3
*** FLOP *** [7c 4d 5s]
RaisemyNut$: checks
kdcl: checks
*** TURN *** [7c 4d 5s] [4s]
RaisemyNut$: checks
kdcl: checks
*** RIVER *** [7c 4d 5s 4s] [Ad]
RaisemyNut$: checks
kdcl: checks
*** SHOW DOWN ***
RaisemyNut$: shows [Jh 9h] (a pair of Fours)
kdcl: shows [Kd Ts] (a pair of Fours - Ace+King kicker)
kdcl collected $11.76 from pot
*** SUMMARY ***
Total pot $12 | Rake $0.24
Board [7c 4d 5s 4s Ad]
Seat 1: RaisemyNut$ (big blind) showed [Jh 9h] and lost with a pair of Fours
Seat 2: kdcl (button) (small blind) showed [Kd Ts] and won ($11.76) with a pair of Fours


PokerStars Hand #147400120980:  Hold'em Limit ($3/$6 USD) - 2016/01/20 20:43:38 ET
Table 'Triberga' 2-max Seat #1 is the button
Seat 1: RaisemyNut$ ($166.11 in chips)
Seat 2: kdcl ($182.75 in chips)
RaisemyNut$: posts small blind $1
kdcl: posts big blind $3
*** HOLE CARDS ***
RaisemyNut$: raises $3 to $6
kdcl: raises $3 to $9
RaisemyNut$: calls $3
*** FLOP *** [3d Kc Ad]
kdcl: bets $3
RaisemyNut$: folds
Uncalled bet ($3) returned to kdcl
kdcl collected $17.64 from pot
*** SUMMARY ***
Total pot $18 | Rake $0.36
Board [3d Kc Ad]
Seat 1: RaisemyNut$ (button) (small blind) folded on the Flop
Seat 2: kdcl (big blind) collected ($17.64)


PokerStars Hand #147400175086:  Hold'em Limit ($3/$6 USD) - 2016/01/20 20:45:26 ET
Table 'Triberga' 2-max Seat #2 is the button
Seat 1: RaisemyNut$ ($176.25 in chips)
Seat 2: kdcl ($169.65 in chips)
kdcl: posts small blind $1
RaisemyNut$: posts big blind $3
*** HOLE CARDS ***
kdcl: raises $3 to $6
RaisemyNut$: raises $3 to $9
kdcl: calls $3
*** FLOP *** [8d 5h 8h]
RaisemyNut$: bets $3
kdcl: calls $3
*** TURN *** [8d 5h 8h] [4d]
RaisemyNut$: bets $6
kdcl: raises $6 to $12
RaisemyNut$: calls $6
*** RIVER *** [8d 5h 8h 4d] [Ks]
RaisemyNut$: checks
kdcl: bets $6
RaisemyNut$: calls $6
*** SHOW DOWN ***
kdcl: shows [5c Ts] (two pair, Eights and Fives)
RaisemyNut$: mucks hand
kdcl collected $59.50 from pot
*** SUMMARY ***
Total pot $60 | Rake $0.50
Board [8d 5h 8h 4d Ks]
Seat 1: RaisemyNut$ (big blind) mucked
Seat 2: kdcl (button) (small blind) showed [5c Ts] and won ($59.50) with two pair, Eights and Fives


PokerStars Hand #147400166429:  Hold'em Limit ($3/$6 USD) - 2016/01/20 20:45:08 ET
Table 'Triberga' 2-max Seat #1 is the button
Seat 1: RaisemyNut$ ($152.75 in chips)
Seat 2: kdcl ($193.65 in chips)
RaisemyNut$: posts small blind $1
kdcl: posts big blind $3
*** HOLE CARDS ***
RaisemyNut$: raises $3 to $6
kdcl: raises $3 to $9
RaisemyNut$: calls $3
*** FLOP *** [5s Qh 8d]
kdcl: bets $3
RaisemyNut$: calls $3
*** TURN *** [5s Qh 8d] [Jc]
kdcl: checks
RaisemyNut$: bets $6
kdcl: calls $6
*** RIVER *** [5s Qh 8d Jc] [8s]
kdcl: checks
RaisemyNut$: bets $6
kdcl: calls $6
*** SHOW DOWN ***
RaisemyNut$: shows [Qc 6s] (two pair, Queens and Eights)
kdcl: mucks hand
RaisemyNut$ collected $47.50 from pot
*** SUMMARY ***
Total pot $48 | Rake $0.50
Board [5s Qh 8d Jc 8s]
Seat 1: RaisemyNut$ (button) (small blind) showed [Qc 6s] and won ($47.50) with two pair, Queens and Eights
Seat 2: kdcl (big blind) mucked


PokerStars Hand #147400163903:  Hold'em Limit ($3/$6 USD) - 2016/01/20 20:45:03 ET
Table 'Triberga' 2-max Seat #2 is the button
Seat 1: RaisemyNut$ ($155.75 in chips)
Seat 2: kdcl ($190.65 in chips)
kdcl: posts small blind $1
RaisemyNut$: posts big blind $3
*** HOLE CARDS ***
kdcl: raises $3 to $6
RaisemyNut$: folds
Uncalled bet ($3) returned to kdcl
kdcl collected $6 from pot
*** SUMMARY ***
Total pot $6 | Rake $0
Seat 1: RaisemyNut$ (big blind) folded before Flop
Seat 2: kdcl (button) (small blind) collected ($6)


PokerStars Hand #147400155449:  Hold'em Limit ($3/$6 USD) - 2016/01/20 20:44:46 ET
Table 'Triberga' 2-max Seat #1 is the button
Seat 1: RaisemyNut$ ($185.75 in chips)
Seat 2: kdcl ($161.15 in chips)
RaisemyNut$: posts small blind $1
kdcl: posts big blind $3
*** HOLE CARDS ***
RaisemyNut$: raises $3 to $6
kdcl: calls $3
*** FLOP *** [Jd 5s 7s]
kdcl: checks
RaisemyNut$: bets $3
kdcl: raises $3 to $6
RaisemyNut$: raises $3 to $9
kdcl: raises $3 to $12
Betting is capped
RaisemyNut$: calls $3
*** TURN *** [Jd 5s 7s] [9c]
kdcl: bets $6
RaisemyNut$: calls $6
*** RIVER *** [Jd 5s 7s 9c] [Qh]
kdcl: bets $6
RaisemyNut$: calls $6
*** SHOW DOWN ***
kdcl: shows [4s Qs] (a pair of Queens)
RaisemyNut$: mucks hand
kdcl collected $59.50 from pot
*** SUMMARY ***
Total pot $60 | Rake $0.50
Board [Jd 5s 7s 9c Qh]
Seat 1: RaisemyNut$ (button) (small blind) mucked
Seat 2: kdcl (big blind) showed [4s Qs] and won ($59.50) with a pair of Queens


PokerStars Hand #147400148144:  Hold'em Limit ($3/$6 USD) - 2016/01/20 20:44:32 ET
Table 'Triberga' 2-max Seat #2 is the button
Seat 1: RaisemyNut$ ($177.11 in chips)
Seat 2: kdcl ($170.15 in chips)
kdcl: posts small blind $1
RaisemyNut$: posts big blind $3
*** HOLE CARDS ***
kdcl: raises $3 to $6
RaisemyNut$: calls $3
*** FLOP *** [Jc Qc As]
RaisemyNut$: checks
kdcl: bets $3
RaisemyNut$: calls $3
*** TURN *** [Jc Qc As] [2s]
RaisemyNut$: checks
kdcl: checks
*** RIVER *** [Jc Qc As 2s] [4h]
RaisemyNut$: bets $6
kdcl: folds
Uncalled bet ($6) returned to RaisemyNut$
RaisemyNut$ collected $17.64 from pot
RaisemyNut$: doesn't show hand
*** SUMMARY ***
Total pot $18 | Rake $0.36
Board [Jc Qc As 2s 4h]
Seat 1: RaisemyNut$ (big blind) collected ($17.64)
Seat 2: kdcl (button) (small blind) folded on the River


PokerStars Hand #147400205140:  Hold'em Limit ($3/$6 USD) - 2016/01/20 20:46:26 ET
Table 'Triberga' 2-max Seat #1 is the button
Seat 1: RaisemyNut$ ($176.25 in chips)
Seat 2: kdcl ($167.91 in chips)
RaisemyNut$: posts small blind $1
kdcl: posts big blind $3
*** HOLE CARDS ***
RaisemyNut$: raises $3 to $6
kdcl: raises $3 to $9
RaisemyNut$: calls $3
*** FLOP *** [9h 2s 2h]
kdcl: bets $3
RaisemyNut$: raises $3 to $6
kdcl: calls $3
*** TURN *** [9h 2s 2h] [9c]
kdcl: checks
RaisemyNut$: bets $6
kdcl: calls $6
*** RIVER *** [9h 2s 2h 9c] [7h]
kdcl: checks
RaisemyNut$: checks
*** SHOW DOWN ***
kdcl: shows [Qd Ad] (two pair, Nines and Deuces)
RaisemyNut$: mucks hand
kdcl collected $41.50 from pot
*** SUMMARY ***
Total pot $42 | Rake $0.50
Board [9h 2s 2h 9c 7h]
Seat 1: RaisemyNut$ (button) (small blind) mucked
Seat 2: kdcl (big blind) showed [Qd Ad] and won ($41.50) with two pair, Nines and Deuces


PokerStars Hand #147400199780:  Hold'em Limit ($3/$6 USD) - 2016/01/20 20:46:15 ET
Table 'Triberga' 2-max Seat #2 is the button
Seat 1: RaisemyNut$ ($182.25 in chips)
Seat 2: kdcl ($162.15 in chips)
kdcl: posts small blind $1
RaisemyNut$: posts big blind $3
*** HOLE CARDS ***
kdcl: raises $3 to $6
RaisemyNut$: calls $3
*** FLOP *** [5s 4c Ah]
RaisemyNut$: checks
kdcl: checks
*** TURN *** [5s 4c Ah] [Jd]
RaisemyNut$: checks
kdcl: bets $6
RaisemyNut$: folds
Uncalled bet ($6) returned to kdcl
kdcl collected $11.76 from pot
*** SUMMARY ***
Total pot $12 | Rake $0.24
Board [5s 4c Ah Jd]
Seat 1: RaisemyNut$ (big blind) folded on the Turn
Seat 2: kdcl (button) (small blind) collected ($11.76)


PokerStars Hand #147400192224:  Hold'em Limit ($3/$6 USD) - 2016/01/20 20:46:00 ET
Table 'Triberga' 2-max Seat #1 is the button
Seat 1: RaisemyNut$ ($164.75 in chips)
Seat 2: kdcl ($180.15 in chips)
RaisemyNut$: posts small blind $1
kdcl: posts big blind $3
*** HOLE CARDS ***
RaisemyNut$: raises $3 to $6
kdcl: raises $3 to $9
RaisemyNut$: calls $3
*** FLOP *** [Kc 2d Tc]
kdcl: checks
RaisemyNut$: bets $3
kdcl: calls $3
*** TURN *** [Kc 2d Tc] [Jc]
kdcl: checks
RaisemyNut$: bets $6
kdcl: calls $6
*** RIVER *** [Kc 2d Tc Jc] [9d]
kdcl: checks
RaisemyNut$: checks
*** SHOW DOWN ***
kdcl: shows [Ac 5s] (high card Ace)
RaisemyNut$: shows [2s 7d] (a pair of Deuces)
RaisemyNut$ collected $35.50 from pot
*** SUMMARY ***
Total pot $36 | Rake $0.50
Board [Kc 2d Tc Jc 9d]
Seat 1: RaisemyNut$ (button) (small blind) showed [2s 7d] and won ($35.50) with a pair of Deuces
Seat 2: kdcl (big blind) showed [Ac 5s] and lost with high card Ace


PokerStars Hand #147400189852:  Hold'em Limit ($3/$6 USD) - 2016/01/20 20:45:55 ET
Table 'Triberga' 2-max Seat #2 is the button
Seat 1: RaisemyNut$ ($163.75 in chips)
Seat 2: kdcl ($181.15 in chips)
kdcl: posts small blind $1
RaisemyNut$: posts big blind $3
*** HOLE CARDS ***
kdcl: folds
Uncalled bet ($2) returned to RaisemyNut$
RaisemyNut$ collected $2 from pot
RaisemyNut$: doesn't show hand
*** SUMMARY ***
Total pot $2 | Rake $0
Seat 1: RaisemyNut$ (big blind) collected ($2)
Seat 2: kdcl (button) (small blind) folded before Flop


PokerStars Hand #147400183214:  Hold'em Limit ($3/$6 USD) - 2016/01/20 20:45:42 ET
Table 'Triberga' 2-max Seat #1 is the button
Seat 1: RaisemyNut$ ($146.25 in chips)
Seat 2: kdcl ($199.15 in chips)
RaisemyNut$: posts small blind $1
kdcl: posts big blind $3
*** HOLE CARDS ***
RaisemyNut$: raises $3 to $6
kdcl: calls $3
*** FLOP *** [6c 3d Js]
kdcl: checks
RaisemyNut$: bets $3
kdcl: raises $3 to $6
RaisemyNut$: calls $3
*** TURN *** [6c 3d Js] [Ks]
kdcl: bets $6
RaisemyNut$: raises $6 to $12
kdcl: folds
Uncalled bet ($6) returned to RaisemyNut$
RaisemyNut$ collected $35.50 from pot
RaisemyNut$: doesn't show hand
*** SUMMARY ***
Total pot $36 | Rake $0.50
Board [6c 3d Js Ks]
Seat 1: RaisemyNut$ (button) (small blind) collected ($35.50)
Seat 2: kdcl (big blind) folded on the Turn


PokerStars Hand #147400239750:  Hold'em Limit ($3/$6 USD) - 2016/01/20 20:47:34 ET
Table 'Triberga' 2-max Seat #1 is the button
Seat 1: RaisemyNut$ ($187.27 in chips)
Seat 2: kdcl ($154.93 in chips)
RaisemyNut$: posts small blind $1
kdcl: posts big blind $3
*** HOLE CARDS ***
RaisemyNut$: raises $3 to $6
kdcl: raises $3 to $9
RaisemyNut$: calls $3
*** FLOP *** [Ac Qc Ad]
kdcl: bets $3
RaisemyNut$: folds
Uncalled bet ($3) returned to kdcl
kdcl collected $17.64 from pot
*** SUMMARY ***
Total pot $18 | Rake $0.36
Board [Ac Qc Ad]
Seat 1: RaisemyNut$ (button) (small blind) folded on the Flop
Seat 2: kdcl (big blind) collected ($17.64)


PokerStars Hand #147400235415:  Hold'em Limit ($3/$6 USD) - 2016/01/20 20:47:26 ET
Table 'Triberga' 2-max Seat #2 is the button
Seat 1: RaisemyNut$ ($193.27 in chips)
Seat 2: kdcl ($149.17 in chips)
kdcl: posts small blind $1
RaisemyNut$: posts big blind $3
*** HOLE CARDS ***
kdcl: raises $3 to $6
RaisemyNut$: calls $3
*** FLOP *** [9c 4s Qc]
RaisemyNut$: checks
kdcl: bets $3
RaisemyNut$: folds
Uncalled bet ($3) returned to kdcl
kdcl collected $11.76 from pot
*** SUMMARY ***
Total pot $12 | Rake $0.24
Board [9c 4s Qc]
Seat 1: RaisemyNut$ (big blind) folded on the Flop
Seat 2: kdcl (button) (small blind) collected ($11.76)


PokerStars Hand #147400227068:  Hold'em Limit ($3/$6 USD) - 2016/01/20 20:47:09 ET
Table 'Triberga' 2-max Seat #1 is the button
Seat 1: RaisemyNut$ ($163.77 in chips)
Seat 2: kdcl ($179.17 in chips)
RaisemyNut$: posts small blind $1
kdcl: posts big blind $3
*** HOLE CARDS ***
RaisemyNut$: raises $3 to $6
kdcl: raises $3 to $9
RaisemyNut$: calls $3
*** FLOP *** [Kh As Js]
kdcl: bets $3
RaisemyNut$: calls $3
*** TURN *** [Kh As Js] [9d]
kdcl: bets $6
RaisemyNut$: calls $6
*** RIVER *** [Kh As Js 9d] [6d]
kdcl: bets $6
RaisemyNut$: raises $6 to $12
kdcl: calls $6
*** SHOW DOWN ***
RaisemyNut$: shows [Jc 6h] (two pair, Jacks and Sixes)
kdcl: mucks hand
RaisemyNut$ collected $59.50 from pot
*** SUMMARY ***
Total pot $60 | Rake $0.50
Board [Kh As Js 9d 6d]
Seat 1: RaisemyNut$ (button) (small blind) showed [Jc 6h] and won ($59.50) with two pair, Jacks and Sixes
Seat 2: kdcl (big blind) mucked


PokerStars Hand #147400221455:  Hold'em Limit ($3/$6 USD) - 2016/01/20 20:46:58 ET
Table 'Triberga' 2-max Seat #2 is the button
Seat 1: RaisemyNut$ ($169.77 in chips)
Seat 2: kdcl ($173.41 in chips)
kdcl: posts small blind $1
RaisemyNut$: posts big blind $3
*** HOLE CARDS ***
kdcl: raises $3 to $6
RaisemyNut$: calls $3
*** FLOP *** [7h Jd 4d]
RaisemyNut$: checks
kdcl: checks
*** TURN *** [7h Jd 4d] [3c]
RaisemyNut$: checks
kdcl: bets $6
RaisemyNut$: folds
Uncalled bet ($6) returned to kdcl
kdcl collected $11.76 from pot
*** SUMMARY ***
Total pot $12 | Rake $0.24
Board [7h Jd 4d 3c]
Seat 1: RaisemyNut$ (big blind) folded on the Turn
Seat 2: kdcl (button) (small blind) collected ($11.76)


PokerStars Hand #147400218859:  Hold'em Limit ($3/$6 USD) - 2016/01/20 20:46:53 ET
Table 'Triberga' 2-max Seat #1 is the button
Seat 1: RaisemyNut$ ($166.77 in chips)
Seat 2: kdcl ($176.41 in chips)
RaisemyNut$: posts small blind $1
kdcl: posts big blind $3
*** HOLE CARDS ***
RaisemyNut$: raises $3 to $6
kdcl: folds
Uncalled bet ($3) returned to RaisemyNut$
RaisemyNut$ collected $6 from pot
RaisemyNut$: doesn't show hand
*** SUMMARY ***
Total pot $6 | Rake $0
Seat 1: RaisemyNut$ (button) (small blind) collected ($6)
Seat 2: kdcl (big blind) folded before Flop


PokerStars Hand #147400212976:  Hold'em Limit ($3/$6 USD) - 2016/01/20 20:46:41 ET
Table 'Triberga' 2-max Seat #2 is the button
Seat 1: RaisemyNut$ ($155.25 in chips)
Seat 2: kdcl ($188.41 in chips)
kdcl: posts small blind $1
RaisemyNut$: posts big blind $3
*** HOLE CARDS ***
kdcl: raises $3 to $6
RaisemyNut$: raises $3 to $9
kdcl: calls $3
*** FLOP *** [8d Jh Ac]
RaisemyNut$: bets $3
kdcl: calls $3
*** TURN *** [8d Jh Ac] [8h]
RaisemyNut$: bets $6
kdcl: folds
Uncalled bet ($6) returned to RaisemyNut$
RaisemyNut$ collected $23.52 from pot
RaisemyNut$: doesn't show hand
*** SUMMARY ***
Total pot $24 | Rake $0.48
Board [8d Jh Ac 8h]
Seat 1: RaisemyNut$ (big blind) collected ($23.52)
Seat 2: kdcl (button) (small blind) folded on the Turn


PokerStars Hand #147400243827:  Hold'em Limit ($3/$6 USD) - 2016/01/20 20:47:43 ET
Table 'Triberga' 2-max Seat #2 is the button
Seat 1: RaisemyNut$ ($178.27 in chips)
Seat 2: kdcl ($163.57 in chips)
kdcl: posts small blind $1
RaisemyNut$: posts big blind $3
*** HOLE CARDS ***
kdcl: raises $3 to $6
RaisemyNut$: calls $3
*** FLOP *** [Kc 4s As]
RaisemyNut$: checks
kdcl: bets $3
RaisemyNut$: folds
Uncalled bet ($3) returned to kdcl
kdcl collected $11.76 from pot
*** SUMMARY ***
Total pot $12 | Rake $0.24
Board [Kc 4s As]
Seat 1: RaisemyNut$ (big blind) folded on the Flop
Seat 2: kdcl (button) (small blind) collected ($11.76)


PokerStars Hand #147400248328:  Hold'em Limit ($3/$6 USD) - 2016/01/20 20:47:52 ET
Table 'Triberga' 2-max Seat #1 is the button
Seat 1: RaisemyNut$ ($172.27 in chips)
Seat 2: kdcl ($169.33 in chips)
RaisemyNut$: posts small blind $1
kdcl: posts big blind $3
*** HOLE CARDS ***
RaisemyNut$: raises $3 to $6
kdcl: raises $3 to $9
RaisemyNut$: calls $3
*** FLOP *** [5h Th 6c]
kdcl: bets $3
RaisemyNut$: raises $3 to $6
kdcl: calls $3
*** TURN *** [5h Th 6c] [4d]
kdcl: checks
RaisemyNut$: bets $6
kdcl: calls $6
*** RIVER *** [5h Th 6c 4d] [Js]
kdcl: checks
RaisemyNut$: bets $6
kdcl: calls $6
*** SHOW DOWN ***
RaisemyNut$: shows [6s Jh] (two pair, Jacks and Sixes)
kdcl: mucks hand
RaisemyNut$ collected $53.50 from pot
*** SUMMARY ***
Total pot $54 | Rake $0.50
Board [5h Th 6c 4d Js]
Seat 1: RaisemyNut$ (button) (small blind) showed [6s Jh] and won ($53.50) with two pair, Jacks and Sixes
Seat 2: kdcl (big blind) mucked


PokerStars Hand #147400257806:  Hold'em Limit ($3/$6 USD) - 2016/01/20 20:48:11 ET
Table 'Triberga' 2-max Seat #2 is the button
Seat 1: RaisemyNut$ ($198.77 in chips)
Seat 2: kdcl ($142.33 in chips)
kdcl: posts small blind $1
RaisemyNut$: posts big blind $3
*** HOLE CARDS ***
kdcl: raises $3 to $6
RaisemyNut$: calls $3
*** FLOP *** [9c Ac Jh]
RaisemyNut$: checks
kdcl: bets $3
RaisemyNut$: folds
Uncalled bet ($3) returned to kdcl
kdcl collected $11.76 from pot
*** SUMMARY ***
Total pot $12 | Rake $0.24
Board [9c Ac Jh]
Seat 1: RaisemyNut$ (big blind) folded on the Flop
Seat 2: kdcl (button) (small blind) collected ($11.76)


PokerStars Hand #147400262163:  Hold'em Limit ($3/$6 USD) - 2016/01/20 20:48:19 ET
Table 'Triberga' 2-max Seat #1 is the button
Seat 1: RaisemyNut$ ($192.77 in chips)
Seat 2: kdcl ($148.09 in chips)
RaisemyNut$: posts small blind $1
kdcl: posts big blind $3
*** HOLE CARDS ***
RaisemyNut$: raises $3 to $6
kdcl: calls $3
*** FLOP *** [Kh 2c 2h]
kdcl: checks
RaisemyNut$: bets $3
kdcl: calls $3
*** TURN *** [Kh 2c 2h] [Kd]
kdcl: checks
RaisemyNut$: bets $6
kdcl: folds
Uncalled bet ($6) returned to RaisemyNut$
RaisemyNut$ collected $17.64 from pot
RaisemyNut$: doesn't show hand
*** SUMMARY ***
Total pot $18 | Rake $0.36
Board [Kh 2c 2h Kd]
Seat 1: RaisemyNut$ (button) (small blind) collected ($17.64)
Seat 2: kdcl (big blind) folded on the Turn


PokerStars Hand #147400275090:  Hold'em Limit ($3/$6 USD) - 2016/01/20 20:48:45 ET
Table 'Triberga' 2-max Seat #1 is the button
Seat 1: RaisemyNut$ ($201.16 in chips)
Seat 2: kdcl ($138.84 in chips)
RaisemyNut$: posts small blind $1
kdcl: posts big blind $3
*** HOLE CARDS ***
RaisemyNut$: folds
Uncalled bet ($2) returned to kdcl
kdcl collected $2 from pot
*** SUMMARY ***
Total pot $2 | Rake $0
Seat 1: RaisemyNut$ (button) (small blind) folded before Flop
Seat 2: kdcl (big blind) collected ($2)


PokerStars Hand #147400268590:  Hold'em Limit ($3/$6 USD) - 2016/01/20 20:48:32 ET
Table 'Triberga' 2-max Seat #2 is the button
Seat 1: RaisemyNut$ ($201.41 in chips)
Seat 2: kdcl ($139.09 in chips)
kdcl: posts small blind $1
RaisemyNut$: posts big blind $3
*** HOLE CARDS ***
kdcl: raises $3 to $6
RaisemyNut$: calls $3
*** FLOP *** [7s 7d 9h]
RaisemyNut$: bets $3
kdcl: calls $3
*** TURN *** [7s 7d 9h] [Ts]
RaisemyNut$: bets $6
kdcl: calls $6
*** RIVER *** [7s 7d 9h Ts] [Kc]
RaisemyNut$: bets $6
kdcl: calls $6
*** SHOW DOWN ***
RaisemyNut$: shows [8c 9s] (two pair, Nines and Sevens)
kdcl: shows [9d 6s] (two pair, Nines and Sevens)
RaisemyNut$ collected $20.75 from pot
kdcl collected $20.75 from pot
*** SUMMARY ***
Total pot $42 | Rake $0.50
Board [7s 7d 9h Ts Kc]
Seat 1: RaisemyNut$ (big blind) showed [8c 9s] and won ($20.75) with two pair, Nines and Sevens
Seat 2: kdcl (button) (small blind) showed [9d 6s] and won ($20.75) with two pair, Nines and Sevens


PokerStars Hand #147400277334:  Hold'em Limit ($3/$6 USD) - 2016/01/20 20:48:50 ET
Table 'Triberga' 2-max Seat #2 is the button
Seat 1: RaisemyNut$ ($200.16 in chips)
Seat 2: kdcl ($139.84 in chips)
kdcl: posts small blind $1
RaisemyNut$: posts big blind $3
*** HOLE CARDS ***
kdcl: raises $3 to $6
RaisemyNut$: folds
Uncalled bet ($3) returned to kdcl
kdcl collected $6 from pot
*** SUMMARY ***
Total pot $6 | Rake $0
Seat 1: RaisemyNut$ (big blind) folded before Flop
Seat 2: kdcl (button) (small blind) collected ($6)


PokerStars Hand #147400286302:  Hold'em Limit ($3/$6 USD) - 2016/01/20 20:49:08 ET
Table 'Triberga' 2-max Seat #2 is the button
Seat 1: RaisemyNut$ ($205.80 in chips)
Seat 2: kdcl ($133.84 in chips)
kdcl: posts small blind $1
RaisemyNut$: posts big blind $3
*** HOLE CARDS ***
kdcl: folds
Uncalled bet ($2) returned to RaisemyNut$
RaisemyNut$ collected $2 from pot
RaisemyNut$: doesn't show hand
*** SUMMARY ***
Total pot $2 | Rake $0
Seat 1: RaisemyNut$ (big blind) collected ($2)
Seat 2: kdcl (button) (small blind) folded before Flop


PokerStars Hand #147400279876:  Hold'em Limit ($3/$6 USD) - 2016/01/20 20:48:55 ET
Table 'Triberga' 2-max Seat #1 is the button
Seat 1: RaisemyNut$ ($197.16 in chips)
Seat 2: kdcl ($142.84 in chips)
RaisemyNut$: posts small blind $1
kdcl: posts big blind $3
*** HOLE CARDS ***
RaisemyNut$: raises $3 to $6
kdcl: calls $3
*** FLOP *** [Kd 4h Qd]
kdcl: checks
RaisemyNut$: bets $3
kdcl: calls $3
*** TURN *** [Kd 4h Qd] [2s]
kdcl: checks
RaisemyNut$: bets $6
kdcl: folds
Uncalled bet ($6) returned to RaisemyNut$
RaisemyNut$ collected $17.64 from pot
RaisemyNut$: doesn't show hand
*** SUMMARY ***
Total pot $18 | Rake $0.36
Board [Kd 4h Qd 2s]
Seat 1: RaisemyNut$ (button) (small blind) collected ($17.64)
Seat 2: kdcl (big blind) folded on the Turn


PokerStars Hand #147400288753:  Hold'em Limit ($3/$6 USD) - 2016/01/20 20:49:12 ET
Table 'Triberga' 2-max Seat #1 is the button
Seat 1: RaisemyNut$ ($206.80 in chips)
Seat 2: kdcl ($132.84 in chips)
RaisemyNut$: posts small blind $1
kdcl: posts big blind $3
*** HOLE CARDS ***
RaisemyNut$: raises $3 to $6
kdcl: calls $3
*** FLOP *** [9d 3d 4d]
kdcl: checks
RaisemyNut$: bets $3
kdcl: raises $3 to $6
RaisemyNut$: raises $3 to $9
kdcl: calls $3
*** TURN *** [9d 3d 4d] [Qc]
kdcl: checks
RaisemyNut$: bets $6
kdcl: calls $6
*** RIVER *** [9d 3d 4d Qc] [Ah]
kdcl: checks
RaisemyNut$: checks
*** SHOW DOWN ***
kdcl: shows [6s Jd] (high card Ace)
RaisemyNut$: shows [Js 3c] (a pair of Threes)
RaisemyNut$ collected $41.50 from pot
*** SUMMARY ***
Total pot $42 | Rake $0.50
Board [9d 3d 4d Qc Ah]
Seat 1: RaisemyNut$ (button) (small blind) showed [Js 3c] and won ($41.50) with a pair of Threes
Seat 2: kdcl (big blind) showed [6s Jd] and lost with high card Ace


PokerStars Hand #147400297813:  Hold'em Limit ($3/$6 USD) - 2016/01/20 20:49:31 ET
Table 'Triberga' 2-max Seat #2 is the button
Seat 1: RaisemyNut$ ($227.30 in chips)
Seat 2: kdcl ($111.84 in chips)
kdcl: posts small blind $1
RaisemyNut$: posts big blind $3
*** HOLE CARDS ***
kdcl: folds
Uncalled bet ($2) returned to RaisemyNut$
RaisemyNut$ collected $2 from pot
RaisemyNut$: doesn't show hand
*** SUMMARY ***
Total pot $2 | Rake $0
Seat 1: RaisemyNut$ (big blind) collected ($2)
Seat 2: kdcl (button) (small blind) folded before Flop


PokerStars Hand #147400300123:  Hold'em Limit ($3/$6 USD) - 2016/01/20 20:49:35 ET
Table 'Triberga' 2-max Seat #1 is the button
Seat 1: RaisemyNut$ ($228.30 in chips)
Seat 2: kdcl ($110.84 in chips)
RaisemyNut$: posts small blind $1
kdcl: posts big blind $3
*** HOLE CARDS ***
RaisemyNut$: raises $3 to $6
kdcl: raises $3 to $9
RaisemyNut$: calls $3
*** FLOP *** [Td Qs 8d]
kdcl: bets $3
RaisemyNut$: raises $3 to $6
kdcl: calls $3
*** TURN *** [Td Qs 8d] [9d]
kdcl: checks
RaisemyNut$: bets $6
kdcl: calls $6
*** RIVER *** [Td Qs 8d 9d] [Jh]
kdcl: bets $6
RaisemyNut$: calls $6
*** SHOW DOWN ***
kdcl: shows [Kh 9h] (a straight, Nine to King)
RaisemyNut$: mucks hand
kdcl collected $53.50 from pot
*** SUMMARY ***
Total pot $54 | Rake $0.50
Board [Td Qs 8d 9d Jh]
Seat 1: RaisemyNut$ (button) (small blind) mucked
Seat 2: kdcl (big blind) showed [Kh 9h] and won ($53.50) with a straight, Nine to King


PokerStars Hand #147400308666:  Hold'em Limit ($3/$6 USD) - 2016/01/20 20:49:53 ET
Table 'Triberga' 2-max Seat #2 is the button
Seat 1: RaisemyNut$ ($201.30 in chips)
Seat 2: kdcl ($137.34 in chips)
kdcl: posts small blind $1
RaisemyNut$: posts big blind $3
*** HOLE CARDS ***
kdcl: raises $3 to $6
RaisemyNut$: folds
Uncalled bet ($3) returned to kdcl
kdcl collected $6 from pot
*** SUMMARY ***
Total pot $6 | Rake $0
Seat 1: RaisemyNut$ (big blind) folded before Flop
Seat 2: kdcl (button) (small blind) collected ($6)


PokerStars Hand #147400310907:  Hold'em Limit ($3/$6 USD) - 2016/01/20 20:49:57 ET
Table 'Triberga' 2-max Seat #1 is the button
Seat 1: RaisemyNut$ ($198.30 in chips)
Seat 2: kdcl ($140.34 in chips)
RaisemyNut$: posts small blind $1
kdcl: posts big blind $3
*** HOLE CARDS ***
RaisemyNut$: raises $3 to $6
kdcl: calls $3
*** FLOP *** [4h 6h Js]
kdcl: checks
RaisemyNut$: bets $3
kdcl: calls $3
*** TURN *** [4h 6h Js] [Ts]
kdcl: checks
RaisemyNut$: bets $6
kdcl: raises $6 to $12
RaisemyNut$: calls $6
*** RIVER *** [4h 6h Js Ts] [As]
kdcl: bets $6
RaisemyNut$: folds
Uncalled bet ($6) returned to kdcl
kdcl collected $41.50 from pot
*** SUMMARY ***
Total pot $42 | Rake $0.50
Board [4h 6h Js Ts As]
Seat 1: RaisemyNut$ (button) (small blind) folded on the River
Seat 2: kdcl (big blind) collected ($41.50)


PokerStars Hand #147400321050:  Hold'em Limit ($3/$6 USD) - 2016/01/20 20:50:18 ET
Table 'Triberga' 2-max Seat #1 is the button
Seat 1: RaisemyNut$ ($178.30 in chips)
Seat 2: kdcl ($159.84 in chips)
RaisemyNut$: posts small blind $1
kdcl: posts big blind $3
*** HOLE CARDS ***
RaisemyNut$: raises $3 to $6
kdcl: folds
Uncalled bet ($3) returned to RaisemyNut$
RaisemyNut$ collected $6 from pot
RaisemyNut$: doesn't show hand
*** SUMMARY ***
Total pot $6 | Rake $0
Seat 1: RaisemyNut$ (button) (small blind) collected ($6)
Seat 2: kdcl (big blind) folded before Flop


PokerStars Hand #147400318778:  Hold'em Limit ($3/$6 USD) - 2016/01/20 20:50:13 ET
Table 'Triberga' 2-max Seat #2 is the button
Seat 1: RaisemyNut$ ($177.30 in chips)
Seat 2: kdcl ($160.84 in chips)
kdcl: posts small blind $1
RaisemyNut$: posts big blind $3
*** HOLE CARDS ***
kdcl: folds
Uncalled bet ($2) returned to RaisemyNut$
RaisemyNut$ collected $2 from pot
RaisemyNut$: doesn't show hand
*** SUMMARY ***
Total pot $2 | Rake $0
Seat 1: RaisemyNut$ (big blind) collected ($2)
Seat 2: kdcl (button) (small blind) folded before Flop


PokerStars Hand #147400324053:  Hold'em Limit ($3/$6 USD) - 2016/01/20 20:50:24 ET
Table 'Triberga' 2-max Seat #2 is the button
Seat 1: RaisemyNut$ ($181.30 in chips)
Seat 2: kdcl ($156.84 in chips)
kdcl: posts small blind $1
RaisemyNut$: posts big blind $3
*** HOLE CARDS ***
kdcl: raises $3 to $6
RaisemyNut$: folds
Uncalled bet ($3) returned to kdcl
kdcl collected $6 from pot
*** SUMMARY ***
Total pot $6 | Rake $0
Seat 1: RaisemyNut$ (big blind) folded before Flop
Seat 2: kdcl (button) (small blind) collected ($6)


PokerStars Hand #147400326642:  Hold'em Limit ($3/$6 USD) - 2016/01/20 20:50:29 ET
Table 'Triberga' 2-max Seat #1 is the button
Seat 1: RaisemyNut$ ($178.30 in chips)
Seat 2: kdcl ($159.84 in chips)
RaisemyNut$: posts small blind $1
kdcl: posts big blind $3
*** HOLE CARDS ***
RaisemyNut$: raises $3 to $6
kdcl: calls $3
*** FLOP *** [Kd 4s Jd]
kdcl: checks
RaisemyNut$: bets $3
kdcl: calls $3
*** TURN *** [Kd 4s Jd] [5h]
kdcl: checks
RaisemyNut$: bets $6
kdcl: calls $6
*** RIVER *** [Kd 4s Jd 5h] [Qc]
kdcl: checks
RaisemyNut$: bets $6
kdcl: calls $6
*** SHOW DOWN ***
RaisemyNut$: shows [Kc 2h] (a pair of Kings)
kdcl: mucks hand
RaisemyNut$ collected $41.50 from pot
*** SUMMARY ***
Total pot $42 | Rake $0.50
Board [Kd 4s Jd 5h Qc]
Seat 1: RaisemyNut$ (button) (small blind) showed [Kc 2h] and won ($41.50) with a pair of Kings
Seat 2: kdcl (big blind) mucked


PokerStars Hand #147400335190:  Hold'em Limit ($3/$6 USD) - 2016/01/20 20:50:47 ET
Table 'Triberga' 2-max Seat #2 is the button
Seat 1: RaisemyNut$ ($198.80 in chips)
Seat 2: kdcl ($138.84 in chips)
kdcl: posts small blind $1
RaisemyNut$: posts big blind $3
*** HOLE CARDS ***
kdcl: raises $3 to $6
RaisemyNut$: raises $3 to $9
kdcl: calls $3
*** FLOP *** [4s 5d Th]
RaisemyNut$: bets $3
kdcl: calls $3
*** TURN *** [4s 5d Th] [Qh]
RaisemyNut$: bets $6
kdcl: calls $6
*** RIVER *** [4s 5d Th Qh] [6s]
RaisemyNut$: checks
kdcl: checks
*** SHOW DOWN ***
RaisemyNut$: shows [9d Kd] (high card King)
kdcl: shows [8h Ah] (high card Ace)
kdcl collected $35.50 from pot
*** SUMMARY ***
Total pot $36 | Rake $0.50
Board [4s 5d Th Qh 6s]
Seat 1: RaisemyNut$ (big blind) showed [9d Kd] and lost with high card King
Seat 2: kdcl (button) (small blind) showed [8h Ah] and won ($35.50) with high card Ace


PokerStars Hand #147400350696:  Hold'em Limit ($3/$6 USD) - 2016/01/20 20:51:19 ET
Table 'Triberga' 2-max Seat #2 is the button
Seat 1: RaisemyNut$ ($156.80 in chips)
Seat 2: kdcl ($179.84 in chips)
kdcl: posts small blind $1
RaisemyNut$: posts big blind $3
*** HOLE CARDS ***
kdcl: raises $3 to $6
RaisemyNut$: folds
Uncalled bet ($3) returned to kdcl
kdcl collected $6 from pot
*** SUMMARY ***
Total pot $6 | Rake $0
Seat 1: RaisemyNut$ (big blind) folded before Flop
Seat 2: kdcl (button) (small blind) collected ($6)


PokerStars Hand #147400342533:  Hold'em Limit ($3/$6 USD) - 2016/01/20 20:51:02 ET
Table 'Triberga' 2-max Seat #1 is the button
Seat 1: RaisemyNut$ ($180.80 in chips)
Seat 2: kdcl ($156.34 in chips)
RaisemyNut$: posts small blind $1
kdcl: posts big blind $3
*** HOLE CARDS ***
RaisemyNut$: raises $3 to $6
kdcl: calls $3
*** FLOP *** [2d 4s 3d]
kdcl: checks
RaisemyNut$: bets $3
kdcl: raises $3 to $6
RaisemyNut$: calls $3
*** TURN *** [2d 4s 3d] [6d]
kdcl: bets $6
RaisemyNut$: calls $6
*** RIVER *** [2d 4s 3d 6d] [9c]
kdcl: bets $6
RaisemyNut$: calls $6
*** SHOW DOWN ***
kdcl: shows [6h 3s] (two pair, Sixes and Threes)
RaisemyNut$: mucks hand
kdcl collected $47.50 from pot
*** SUMMARY ***
Total pot $48 | Rake $0.50
Board [2d 4s 3d 6d 9c]
Seat 1: RaisemyNut$ (button) (small blind) mucked
Seat 2: kdcl (big blind) showed [6h 3s] and won ($47.50) with two pair, Sixes and Threes


PokerStars Hand #147400353247:  Hold'em Limit ($3/$6 USD) - 2016/01/20 20:51:24 ET
Table 'Triberga' 2-max Seat #1 is the button
Seat 1: RaisemyNut$ ($153.80 in chips)
Seat 2: kdcl ($182.84 in chips)
RaisemyNut$: posts small blind $1
kdcl: posts big blind $3
*** HOLE CARDS ***
RaisemyNut$: raises $3 to $6
kdcl: raises $3 to $9
RaisemyNut$: raises $3 to $12
Betting is capped
kdcl: calls $3
*** FLOP *** [Jc Ac Th]
kdcl: bets $3
RaisemyNut$: raises $3 to $6
kdcl: calls $3
*** TURN *** [Jc Ac Th] [3c]
kdcl: bets $6
RaisemyNut$: calls $6
*** RIVER *** [Jc Ac Th 3c] [4h]
kdcl: bets $6
RaisemyNut$: calls $6
*** SHOW DOWN ***
kdcl: shows [Ah Ts] (two pair, Aces and Tens)
RaisemyNut$: mucks hand
kdcl collected $59.50 from pot
*** SUMMARY ***
Total pot $60 | Rake $0.50
Board [Jc Ac Th 3c 4h]
Seat 1: RaisemyNut$ (button) (small blind) mucked
Seat 2: kdcl (big blind) showed [Ah Ts] and won ($59.50) with two pair, Aces and Tens


PokerStars Hand #147400361080:  Hold'em Limit ($3/$6 USD) - 2016/01/20 20:51:40 ET
Table 'Triberga' 2-max Seat #2 is the button
Seat 1: RaisemyNut$ ($123.80 in chips)
Seat 2: kdcl ($212.34 in chips)
kdcl: posts small blind $1
RaisemyNut$: posts big blind $3
*** HOLE CARDS ***
kdcl: raises $3 to $6
RaisemyNut$: raises $3 to $9
kdcl: calls $3
*** FLOP *** [Qc Kd Ac]
RaisemyNut$: bets $3
kdcl: calls $3
*** TURN *** [Qc Kd Ac] [4s]
RaisemyNut$: bets $6
kdcl: calls $6
*** RIVER *** [Qc Kd Ac 4s] [9h]
RaisemyNut$: bets $6
kdcl: calls $6
*** SHOW DOWN ***
RaisemyNut$: shows [6d Ah] (a pair of Aces)
kdcl: mucks hand
RaisemyNut$ collected $47.50 from pot
*** SUMMARY ***
Total pot $48 | Rake $0.50
Board [Qc Kd Ac 4s 9h]
Seat 1: RaisemyNut$ (big blind) showed [6d Ah] and won ($47.50) with a pair of Aces
Seat 2: kdcl (button) (small blind) mucked


PokerStars Hand #147400368328:  Hold'em Limit ($3/$6 USD) - 2016/01/20 20:51:55 ET
Table 'Triberga' 2-max Seat #1 is the button
Seat 1: RaisemyNut$ ($147.30 in chips)
Seat 2: kdcl ($188.34 in chips)
RaisemyNut$: posts small blind $1
kdcl: posts big blind $3
*** HOLE CARDS ***
RaisemyNut$: raises $3 to $6
kdcl: calls $3
*** FLOP *** [Kh 7c 7d]
kdcl: checks
RaisemyNut$: bets $3
kdcl: folds
Uncalled bet ($3) returned to RaisemyNut$
RaisemyNut$ collected $11.76 from pot
RaisemyNut$: doesn't show hand
*** SUMMARY ***
Total pot $12 | Rake $0.24
Board [Kh 7c 7d]
Seat 1: RaisemyNut$ (button) (small blind) collected ($11.76)
Seat 2: kdcl (big blind) folded on the Flop


PokerStars Hand #147400372982:  Hold'em Limit ($3/$6 USD) - 2016/01/20 20:52:04 ET
Table 'Triberga' 2-max Seat #2 is the button
Seat 1: RaisemyNut$ ($153.06 in chips)
Seat 2: kdcl ($182.34 in chips)
kdcl: posts small blind $1
RaisemyNut$: posts big blind $3
*** HOLE CARDS ***
kdcl: folds
Uncalled bet ($2) returned to RaisemyNut$
RaisemyNut$ collected $2 from pot
RaisemyNut$: doesn't show hand
*** SUMMARY ***
Total pot $2 | Rake $0
Seat 1: RaisemyNut$ (big blind) collected ($2)
Seat 2: kdcl (button) (small blind) folded before Flop


PokerStars Hand #147400375143:  Hold'em Limit ($3/$6 USD) - 2016/01/20 20:52:09 ET
Table 'Triberga' 2-max Seat #1 is the button
Seat 1: RaisemyNut$ ($154.06 in chips)
Seat 2: kdcl ($181.34 in chips)
RaisemyNut$: posts small blind $1
kdcl: posts big blind $3
*** HOLE CARDS ***
RaisemyNut$: raises $3 to $6
kdcl: calls $3
*** FLOP *** [7d As 6c]
kdcl: checks
RaisemyNut$: bets $3
kdcl: raises $3 to $6
RaisemyNut$: raises $3 to $9
kdcl: folds
Uncalled bet ($3) returned to RaisemyNut$
RaisemyNut$ collected $23.52 from pot
RaisemyNut$: doesn't show hand
*** SUMMARY ***
Total pot $24 | Rake $0.48
Board [7d As 6c]
Seat 1: RaisemyNut$ (button) (small blind) collected ($23.52)
Seat 2: kdcl (big blind) folded on the Flop


PokerStars Hand #147400380552:  Hold'em Limit ($3/$6 USD) - 2016/01/20 20:52:20 ET
Table 'Triberga' 2-max Seat #2 is the button
Seat 1: RaisemyNut$ ($165.58 in chips)
Seat 2: kdcl ($169.34 in chips)
kdcl: posts small blind $1
RaisemyNut$: posts big blind $3
*** HOLE CARDS ***
kdcl: raises $3 to $6
RaisemyNut$: calls $3
*** FLOP *** [7s 7c Kh]
RaisemyNut$: checks
kdcl: checks
*** TURN *** [7s 7c Kh] [5h]
RaisemyNut$: checks
kdcl: checks
*** RIVER *** [7s 7c Kh 5h] [Jc]
RaisemyNut$: bets $6
kdcl: calls $6
*** SHOW DOWN ***
RaisemyNut$: shows [Kd 4h] (two pair, Kings and Sevens)
kdcl: mucks hand
RaisemyNut$ collected $23.52 from pot
*** SUMMARY ***
Total pot $24 | Rake $0.48
Board [7s 7c Kh 5h Jc]
Seat 1: RaisemyNut$ (big blind) showed [Kd 4h] and won ($23.52) with two pair, Kings and Sevens
Seat 2: kdcl (button) (small blind) mucked


PokerStars Hand #147400387615:  Hold'em Limit ($3/$6 USD) - 2016/01/20 20:52:35 ET
Table 'Triberga' 2-max Seat #1 is the button
Seat 1: RaisemyNut$ ($177.10 in chips)
Seat 2: kdcl ($157.34 in chips)
RaisemyNut$: posts small blind $1
kdcl: posts big blind $3
*** HOLE CARDS ***
RaisemyNut$: folds
Uncalled bet ($2) returned to kdcl
kdcl collected $2 from pot
*** SUMMARY ***
Total pot $2 | Rake $0
Seat 1: RaisemyNut$ (button) (small blind) folded before Flop
Seat 2: kdcl (big blind) collected ($2)


PokerStars Hand #147400395114:  Hold'em Limit ($3/$6 USD) - 2016/01/20 20:52:51 ET
Table 'Triberga' 2-max Seat #1 is the button
Seat 1: RaisemyNut$ ($184.74 in chips)
Seat 2: kdcl ($149.34 in chips)
RaisemyNut$: posts small blind $1
kdcl: posts big blind $3
*** HOLE CARDS ***
RaisemyNut$: folds
Uncalled bet ($2) returned to kdcl
kdcl collected $2 from pot
*** SUMMARY ***
Total pot $2 | Rake $0
Seat 1: RaisemyNut$ (button) (small blind) folded before Flop
Seat 2: kdcl (big blind) collected ($2)


PokerStars Hand #147400389682:  Hold'em Limit ($3/$6 USD) - 2016/01/20 20:52:39 ET
Table 'Triberga' 2-max Seat #2 is the button
Seat 1: RaisemyNut$ ($176.10 in chips)
Seat 2: kdcl ($158.34 in chips)
kdcl: posts small blind $1
RaisemyNut$: posts big blind $3
*** HOLE CARDS ***
kdcl: raises $3 to $6
RaisemyNut$: calls $3
*** FLOP *** [Td 4s 5d]
RaisemyNut$: bets $3
kdcl: calls $3
*** TURN *** [Td 4s 5d] [5s]
RaisemyNut$: bets $6
kdcl: folds
Uncalled bet ($6) returned to RaisemyNut$
RaisemyNut$ collected $17.64 from pot
RaisemyNut$: doesn't show hand
*** SUMMARY ***
Total pot $18 | Rake $0.36
Board [Td 4s 5d 5s]
Seat 1: RaisemyNut$ (big blind) collected ($17.64)
Seat 2: kdcl (button) (small blind) folded on the Turn


PokerStars Hand #147400397252:  Hold'em Limit ($3/$6 USD) - 2016/01/20 20:52:55 ET
Table 'Triberga' 2-max Seat #2 is the button
Seat 1: RaisemyNut$ ($183.74 in chips)
Seat 2: kdcl ($150.34 in chips)
kdcl: posts small blind $1
RaisemyNut$: posts big blind $3
*** HOLE CARDS ***
kdcl: raises $3 to $6
RaisemyNut$: calls $3
*** FLOP *** [Qs Ks 6s]
RaisemyNut$: checks
kdcl: bets $3
RaisemyNut$: folds
Uncalled bet ($3) returned to kdcl
kdcl collected $11.76 from pot
*** SUMMARY ***
Total pot $12 | Rake $0.24
Board [Qs Ks 6s]
Seat 1: RaisemyNut$ (big blind) folded on the Flop
Seat 2: kdcl (button) (small blind) collected ($11.76)


PokerStars Hand #147400401702:  Hold'em Limit ($3/$6 USD) - 2016/01/20 20:53:04 ET
Table 'Triberga' 2-max Seat #1 is the button
Seat 1: RaisemyNut$ ($177.74 in chips)
Seat 2: kdcl ($156.10 in chips)
RaisemyNut$: posts small blind $1
kdcl: posts big blind $3
*** HOLE CARDS ***
RaisemyNut$: raises $3 to $6
kdcl: calls $3
*** FLOP *** [6c Th 3d]
kdcl: checks
RaisemyNut$: checks
*** TURN *** [6c Th 3d] [5d]
kdcl: bets $6
RaisemyNut$: raises $6 to $12
kdcl: calls $6
*** RIVER *** [6c Th 3d 5d] [Qs]
kdcl: checks
RaisemyNut$: bets $6
kdcl: calls $6
*** SHOW DOWN ***
RaisemyNut$: shows [8d 4c] (high card Queen)
kdcl: shows [Qh 4s] (a pair of Queens)
kdcl collected $47.50 from pot
*** SUMMARY ***
Total pot $48 | Rake $0.50
Board [6c Th 3d 5d Qs]
Seat 1: RaisemyNut$ (button) (small blind) showed [8d 4c] and lost with high card Queen
Seat 2: kdcl (big blind) showed [Qh 4s] and won ($47.50) with a pair of Queens


PokerStars Hand #147400409928:  Hold'em Limit ($3/$6 USD) - 2016/01/20 20:53:21 ET
Table 'Triberga' 2-max Seat #2 is the button
Seat 1: RaisemyNut$ ($153.74 in chips)
Seat 2: kdcl ($179.60 in chips)
kdcl: posts small blind $1
RaisemyNut$: posts big blind $3
*** HOLE CARDS ***
kdcl: raises $3 to $6
RaisemyNut$: calls $3
*** FLOP *** [6d Jh Kd]
RaisemyNut$: checks
kdcl: bets $3
RaisemyNut$: folds
Uncalled bet ($3) returned to kdcl
kdcl collected $11.76 from pot
*** SUMMARY ***
Total pot $12 | Rake $0.24
Board [6d Jh Kd]
Seat 1: RaisemyNut$ (big blind) folded on the Flop
Seat 2: kdcl (button) (small blind) collected ($11.76)


PokerStars Hand #147400414365:  Hold'em Limit ($3/$6 USD) - 2016/01/20 20:53:31 ET
Table 'Triberga' 2-max Seat #1 is the button
Seat 1: RaisemyNut$ ($147.74 in chips)
Seat 2: kdcl ($185.36 in chips)
RaisemyNut$: posts small blind $1
kdcl: posts big blind $3
*** HOLE CARDS ***
RaisemyNut$: raises $3 to $6
kdcl: calls $3
*** FLOP *** [Jh 8d 8c]
kdcl: checks
RaisemyNut$: bets $3
kdcl: calls $3
*** TURN *** [Jh 8d 8c] [Qd]
kdcl: checks
RaisemyNut$: checks
*** RIVER *** [Jh 8d 8c Qd] [Tc]
kdcl: bets $6
RaisemyNut$: folds
Uncalled bet ($6) returned to kdcl
kdcl collected $17.64 from pot
*** SUMMARY ***
Total pot $18 | Rake $0.36
Board [Jh 8d 8c Qd Tc]
Seat 1: RaisemyNut$ (button) (small blind) folded on the River
Seat 2: kdcl (big blind) collected ($17.64)


PokerStars Hand #147400421557:  Hold'em Limit ($3/$6 USD) - 2016/01/20 20:53:46 ET
Table 'Triberga' 2-max Seat #2 is the button
Seat 1: RaisemyNut$ ($138.74 in chips)
Seat 2: kdcl ($194 in chips)
kdcl: posts small blind $1
RaisemyNut$: posts big blind $3
*** HOLE CARDS ***
kdcl: folds
Uncalled bet ($2) returned to RaisemyNut$
RaisemyNut$ collected $2 from pot
RaisemyNut$: doesn't show hand
*** SUMMARY ***
Total pot $2 | Rake $0
Seat 1: RaisemyNut$ (big blind) collected ($2)
Seat 2: kdcl (button) (small blind) folded before Flop


PokerStars Hand #147400432210:  Hold'em Limit ($3/$6 USD) - 2016/01/20 20:54:08 ET
Table 'Triberga' 2-max Seat #2 is the button
Seat 1: RaisemyNut$ ($154.24 in chips)
Seat 2: kdcl ($178 in chips)
kdcl: posts small blind $1
RaisemyNut$: posts big blind $3
*** HOLE CARDS ***
kdcl: raises $3 to $6
RaisemyNut$: folds
Uncalled bet ($3) returned to kdcl
kdcl collected $6 from pot
*** SUMMARY ***
Total pot $6 | Rake $0
Seat 1: RaisemyNut$ (big blind) folded before Flop
Seat 2: kdcl (button) (small blind) collected ($6)


PokerStars Hand #147400424003:  Hold'em Limit ($3/$6 USD) - 2016/01/20 20:53:51 ET
Table 'Triberga' 2-max Seat #1 is the button
Seat 1: RaisemyNut$ ($139.74 in chips)
Seat 2: kdcl ($193 in chips)
RaisemyNut$: posts small blind $1
kdcl: posts big blind $3
*** HOLE CARDS ***
RaisemyNut$: raises $3 to $6
kdcl: calls $3
*** FLOP *** [5d 3h 2c]
kdcl: checks
RaisemyNut$: bets $3
kdcl: calls $3
*** TURN *** [5d 3h 2c] [5c]
kdcl: checks
RaisemyNut$: bets $6
kdcl: calls $6
*** RIVER *** [5d 3h 2c 5c] [5h]
kdcl: checks
RaisemyNut$: bets $6
kdcl: folds
Uncalled bet ($6) returned to RaisemyNut$
RaisemyNut$ collected $29.50 from pot
RaisemyNut$: doesn't show hand
*** SUMMARY ***
Total pot $30 | Rake $0.50
Board [5d 3h 2c 5c 5h]
Seat 1: RaisemyNut$ (button) (small blind) collected ($29.50)
Seat 2: kdcl (big blind) folded on the River


PokerStars Hand #147400434569:  Hold'em Limit ($3/$6 USD) - 2016/01/20 20:54:13 ET
Table 'Triberga' 2-max Seat #1 is the button
Seat 1: RaisemyNut$ ($151.24 in chips)
Seat 2: kdcl ($181 in chips)
RaisemyNut$: posts small blind $1
kdcl: posts big blind $3
*** HOLE CARDS ***
RaisemyNut$: raises $3 to $6
kdcl: calls $3
*** FLOP *** [9c 9d 7h]
kdcl: checks
RaisemyNut$: bets $3
kdcl: calls $3
*** TURN *** [9c 9d 7h] [8c]
kdcl: checks
RaisemyNut$: bets $6
kdcl: calls $6
*** RIVER *** [9c 9d 7h 8c] [Jd]
kdcl: checks
RaisemyNut$: bets $6
kdcl: calls $6
*** SHOW DOWN ***
RaisemyNut$: shows [Tc 8d] (a straight, Seven to Jack)
kdcl: mucks hand
RaisemyNut$ collected $41.50 from pot
*** SUMMARY ***
Total pot $42 | Rake $0.50
Board [9c 9d 7h 8c Jd]
Seat 1: RaisemyNut$ (button) (small blind) showed [Tc 8d] and won ($41.50) with a straight, Seven to Jack
Seat 2: kdcl (big blind) mucked


PokerStars Hand #147400470383:  Hold'em Limit ($3/$6 USD) - 2016/01/20 20:55:33 ET
Table 'Triberga' 2-max Seat #1 is the button
Seat 1: RaisemyNut$ ($186.99 in chips)
Seat 2: kdcl ($143.25 in chips)
RaisemyNut$: posts small blind $1
kdcl: posts big blind $3
*** HOLE CARDS ***
RaisemyNut$: raises $3 to $6
kdcl: calls $3
*** FLOP *** [3h 3s Qc]
kdcl: checks
RaisemyNut$: bets $3
kdcl: calls $3
*** TURN *** [3h 3s Qc] [Th]
kdcl: checks
RaisemyNut$: bets $6
kdcl: calls $6
*** RIVER *** [3h 3s Qc Th] [Tc]
kdcl: checks
RaisemyNut$: checks
*** SHOW DOWN ***
kdcl: shows [Td 3d] (a full house, Tens full of Threes)
RaisemyNut$: mucks hand
kdcl collected $29.50 from pot
*** SUMMARY ***
Total pot $30 | Rake $0.50
Board [3h 3s Qc Th Tc]
Seat 1: RaisemyNut$ (button) (small blind) mucked
Seat 2: kdcl (big blind) showed [Td 3d] and won ($29.50) with a full house, Tens full of Threes


PokerStars Hand #147400468492:  Hold'em Limit ($3/$6 USD) - 2016/01/20 20:55:28 ET
Table 'Triberga' 2-max Seat #2 is the button
Seat 1: RaisemyNut$ ($185.99 in chips)
Seat 2: kdcl ($144.25 in chips)
kdcl: posts small blind $1
RaisemyNut$: posts big blind $3
*** HOLE CARDS ***
kdcl: folds
Uncalled bet ($2) returned to RaisemyNut$
RaisemyNut$ collected $2 from pot
RaisemyNut$: doesn't show hand
*** SUMMARY ***
Total pot $2 | Rake $0
Seat 1: RaisemyNut$ (big blind) collected ($2)
Seat 2: kdcl (button) (small blind) folded before Flop


PokerStars Hand #147400461109:  Hold'em Limit ($3/$6 USD) - 2016/01/20 20:55:10 ET
Table 'Triberga' 2-max Seat #1 is the button
Seat 1: RaisemyNut$ ($156.49 in chips)
Seat 2: kdcl ($174.25 in chips)
RaisemyNut$: posts small blind $1
kdcl: posts big blind $3
*** HOLE CARDS ***
RaisemyNut$: raises $3 to $6
kdcl: raises $3 to $9
RaisemyNut$: calls $3
*** FLOP *** [Td 6h 9h]
kdcl: bets $3
RaisemyNut$: calls $3
*** TURN *** [Td 6h 9h] [4d]
kdcl: bets $6
RaisemyNut$: raises $6 to $12
kdcl: calls $6
*** RIVER *** [Td 6h 9h 4d] [Qs]
kdcl: checks
RaisemyNut$: bets $6
kdcl: calls $6
*** SHOW DOWN ***
RaisemyNut$: shows [4h 6c] (two pair, Sixes and Fours)
kdcl: mucks hand
RaisemyNut$ collected $59.50 from pot
*** SUMMARY ***
Total pot $60 | Rake $0.50
Board [Td 6h 9h 4d Qs]
Seat 1: RaisemyNut$ (button) (small blind) showed [4h 6c] and won ($59.50) with two pair, Sixes and Fours
Seat 2: kdcl (big blind) mucked


PokerStars Hand #147400493374:  Hold'em Limit ($3/$6 USD) - 2016/01/20 20:56:30 ET
Table 'Triberga' 2-max Seat #1 is the button
Seat 1: RaisemyNut$ ($181.49 in chips)
Seat 2: kdcl ($147.25 in chips)
RaisemyNut$: posts small blind $1
kdcl: posts big blind $3
*** HOLE CARDS ***
RaisemyNut$: raises $3 to $6
kdcl: calls $3
*** FLOP *** [Kc Qs 6s]
kdcl: checks
RaisemyNut$: bets $3
kdcl: calls $3
*** TURN *** [Kc Qs 6s] [8h]
kdcl: checks
RaisemyNut$: checks
*** RIVER *** [Kc Qs 6s 8h] [4s]
kdcl: checks
RaisemyNut$: checks
*** SHOW DOWN ***
kdcl: shows [Ah 5c] (high card Ace)
RaisemyNut$: shows [3s 4c] (a pair of Fours)
RaisemyNut$ collected $17.64 from pot
*** SUMMARY ***
Total pot $18 | Rake $0.36
Board [Kc Qs 6s 8h 4s]
Seat 1: RaisemyNut$ (button) (small blind) showed [3s 4c] and won ($17.64) with a pair of Fours
Seat 2: kdcl (big blind) showed [Ah 5c] and lost with high card Ace


PokerStars Hand #147400491399:  Hold'em Limit ($3/$6 USD) - 2016/01/20 20:56:25 ET
Table 'Triberga' 2-max Seat #2 is the button
Seat 1: RaisemyNut$ ($180.49 in chips)
Seat 2: kdcl ($148.25 in chips)
kdcl: posts small blind $1
RaisemyNut$: posts big blind $3
*** HOLE CARDS ***
kdcl: folds
Uncalled bet ($2) returned to RaisemyNut$
RaisemyNut$ collected $2 from pot
RaisemyNut$: doesn't show hand
*** SUMMARY ***
Total pot $2 | Rake $0
Seat 1: RaisemyNut$ (big blind) collected ($2)
Seat 2: kdcl (button) (small blind) folded before Flop


PokerStars Hand #147400484895:  Hold'em Limit ($3/$6 USD) - 2016/01/20 20:56:09 ET
Table 'Triberga' 2-max Seat #1 is the button
Seat 1: RaisemyNut$ ($201.49 in chips)
Seat 2: kdcl ($127.75 in chips)
RaisemyNut$: posts small blind $1
kdcl: posts big blind $3
*** HOLE CARDS ***
RaisemyNut$: raises $3 to $6
kdcl: calls $3
*** FLOP *** [2h 9h 5d]
kdcl: bets $3
RaisemyNut$: calls $3
*** TURN *** [2h 9h 5d] [3c]
kdcl: bets $6
RaisemyNut$: raises $6 to $12
kdcl: calls $6
*** RIVER *** [2h 9h 5d 3c] [5c]
kdcl: bets $6
RaisemyNut$: folds
Uncalled bet ($6) returned to kdcl
kdcl collected $41.50 from pot
*** SUMMARY ***
Total pot $42 | Rake $0.50
Board [2h 9h 5d 3c 5c]
Seat 1: RaisemyNut$ (button) (small blind) folded on the River
Seat 2: kdcl (big blind) collected ($41.50)


PokerStars Hand #147400477035:  Hold'em Limit ($3/$6 USD) - 2016/01/20 20:55:49 ET
Table 'Triberga' 2-max Seat #2 is the button
Seat 1: RaisemyNut$ ($171.99 in chips)
Seat 2: kdcl ($157.75 in chips)
kdcl: posts small blind $1
RaisemyNut$: posts big blind $3
*** HOLE CARDS ***
kdcl: raises $3 to $6
RaisemyNut$: calls $3
*** FLOP *** [Kc 2c 3h]
RaisemyNut$: checks
kdcl: bets $3
RaisemyNut$: raises $3 to $6
kdcl: calls $3
*** TURN *** [Kc 2c 3h] [Qc]
RaisemyNut$: bets $6
kdcl: calls $6
*** RIVER *** [Kc 2c 3h Qc] [4s]
RaisemyNut$: checks
kdcl: bets $6
RaisemyNut$: raises $6 to $12
kdcl: calls $6
*** SHOW DOWN ***
RaisemyNut$: shows [Jc 6c] (a flush, King high)
kdcl: mucks hand
RaisemyNut$ collected $59.50 from pot
*** SUMMARY ***
Total pot $60 | Rake $0.50
Board [Kc 2c 3h Qc 4s]
Seat 1: RaisemyNut$ (big blind) showed [Jc 6c] and won ($59.50) with a flush, King high
Seat 2: kdcl (button) (small blind) mucked


PokerStars Hand #147400450599:  Hold'em Limit ($3/$6 USD) - 2016/01/20 20:54:46 ET
Table 'Triberga' 2-max Seat #1 is the button
Seat 1: RaisemyNut$ ($171.49 in chips)
Seat 2: kdcl ($159.75 in chips)
RaisemyNut$: posts small blind $1
kdcl: posts big blind $3
*** HOLE CARDS ***
RaisemyNut$: raises $3 to $6
kdcl: folds
Uncalled bet ($3) returned to RaisemyNut$
RaisemyNut$ collected $6 from pot
RaisemyNut$: doesn't show hand
*** SUMMARY ***
Total pot $6 | Rake $0
Seat 1: RaisemyNut$ (button) (small blind) collected ($6)
Seat 2: kdcl (big blind) folded before Flop


PokerStars Hand #147400443416:  Hold'em Limit ($3/$6 USD) - 2016/01/20 20:54:31 ET
Table 'Triberga' 2-max Seat #2 is the button
Seat 1: RaisemyNut$ ($171.74 in chips)
Seat 2: kdcl ($160 in chips)
kdcl: posts small blind $1
RaisemyNut$: posts big blind $3
*** HOLE CARDS ***
kdcl: raises $3 to $6
RaisemyNut$: raises $3 to $9
kdcl: calls $3
*** FLOP *** [Qh 7c 7d]
RaisemyNut$: bets $3
kdcl: calls $3
*** TURN *** [Qh 7c 7d] [Jh]
RaisemyNut$: bets $6
kdcl: calls $6
*** RIVER *** [Qh 7c 7d Jh] [Qs]
RaisemyNut$: checks
kdcl: checks
*** SHOW DOWN ***
RaisemyNut$: shows [As Th] (two pair, Queens and Sevens)
kdcl: shows [8d Ah] (two pair, Queens and Sevens)
RaisemyNut$ collected $17.75 from pot
kdcl collected $17.75 from pot
*** SUMMARY ***
Total pot $36 | Rake $0.50
Board [Qh 7c 7d Jh Qs]
Seat 1: RaisemyNut$ (big blind) showed [As Th] and won ($17.75) with two pair, Queens and Sevens
Seat 2: kdcl (button) (small blind) showed [8d Ah] and won ($17.75) with two pair, Queens and Sevens


PokerStars Hand #147400453094:  Hold'em Limit ($3/$6 USD) - 2016/01/20 20:54:52 ET
Table 'Triberga' 2-max Seat #2 is the button
Seat 1: RaisemyNut$ ($174.49 in chips)
Seat 2: kdcl ($156.75 in chips)
kdcl: posts small blind $1
RaisemyNut$: posts big blind $3
*** HOLE CARDS ***
kdcl: raises $3 to $6
RaisemyNut$: calls $3
*** FLOP *** [Ah Qs 8h]
RaisemyNut$: checks
kdcl: bets $3
RaisemyNut$: raises $3 to $6
kdcl: calls $3
*** TURN *** [Ah Qs 8h] [7h]
RaisemyNut$: bets $6
kdcl: calls $6
*** RIVER *** [Ah Qs 8h 7h] [6s]
RaisemyNut$: checks
kdcl: bets $6
RaisemyNut$: folds
Uncalled bet ($6) returned to kdcl
kdcl collected $35.50 from pot
*** SUMMARY ***
Total pot $36 | Rake $0.50
Board [Ah Qs 8h 7h 6s]
Seat 1: RaisemyNut$ (big blind) folded on the River
Seat 2: kdcl (button) (small blind) collected ($35.50)


PokerStars Hand #147400517823:  Hold'em Limit ($3/$6 USD) - 2016/01/20 20:57:30 ET
Table 'Triberga' 2-max Seat #1 is the button
Seat 1: RaisemyNut$ ($248.77 in chips)
Seat 2: kdcl ($78.25 in chips)
RaisemyNut$: posts small blind $1
kdcl: posts big blind $3
*** HOLE CARDS ***
RaisemyNut$: raises $3 to $6
kdcl: raises $3 to $9
RaisemyNut$: calls $3
*** FLOP *** [7s 4d Qc]
kdcl: bets $3
RaisemyNut$: raises $3 to $6
kdcl: calls $3
*** TURN *** [7s 4d Qc] [2d]
kdcl: checks
RaisemyNut$: bets $6
kdcl: calls $6
*** RIVER *** [7s 4d Qc 2d] [8s]
kdcl: checks
RaisemyNut$: checks
*** SHOW DOWN ***
kdcl: shows [Jc Ac] (high card Ace)
RaisemyNut$: mucks hand
kdcl collected $41.50 from pot
*** SUMMARY ***
Total pot $42 | Rake $0.50
Board [7s 4d Qc 2d 8s]
Seat 1: RaisemyNut$ (button) (small blind) mucked
Seat 2: kdcl (big blind) showed [Jc Ac] and won ($41.50) with high card Ace


PokerStars Hand #147400503219:  Hold'em Limit ($3/$6 USD) - 2016/01/20 20:56:54 ET
Table 'Triberga' 2-max Seat #1 is the button
Seat 1: RaisemyNut$ ($198.77 in chips)
Seat 2: kdcl ($129.25 in chips)
RaisemyNut$: posts small blind $1
kdcl: posts big blind $3
*** HOLE CARDS ***
RaisemyNut$: raises $3 to $6
kdcl: calls $3
*** FLOP *** [9s Jh 2d]
kdcl: checks
RaisemyNut$: bets $3
kdcl: calls $3
*** TURN *** [9s Jh 2d] [Jc]
kdcl: checks
RaisemyNut$: bets $6
kdcl: calls $6
*** RIVER *** [9s Jh 2d Jc] [Qh]
kdcl: checks
RaisemyNut$: bets $6
kdcl: calls $6
*** SHOW DOWN ***
RaisemyNut$: shows [Tc 9d] (two pair, Jacks and Nines)
kdcl: mucks hand
RaisemyNut$ collected $41.50 from pot
*** SUMMARY ***
Total pot $42 | Rake $0.50
Board [9s Jh 2d Jc Qh]
Seat 1: RaisemyNut$ (button) (small blind) showed [Tc 9d] and won ($41.50) with two pair, Jacks and Nines
Seat 2: kdcl (big blind) mucked


PokerStars Hand #147400499584:  Hold'em Limit ($3/$6 USD) - 2016/01/20 20:56:45 ET
Table 'Triberga' 2-max Seat #2 is the button
Seat 1: RaisemyNut$ ($190.13 in chips)
Seat 2: kdcl ($138.25 in chips)
kdcl: posts small blind $1
RaisemyNut$: posts big blind $3
*** HOLE CARDS ***
kdcl: raises $3 to $6
RaisemyNut$: raises $3 to $9
kdcl: calls $3
*** FLOP *** [Jc 2s Qc]
RaisemyNut$: bets $3
kdcl: folds
Uncalled bet ($3) returned to RaisemyNut$
RaisemyNut$ collected $17.64 from pot
RaisemyNut$: doesn't show hand
*** SUMMARY ***
Total pot $18 | Rake $0.36
Board [Jc 2s Qc]
Seat 1: RaisemyNut$ (big blind) collected ($17.64)
Seat 2: kdcl (button) (small blind) folded on the Flop


PokerStars Hand #147400510362:  Hold'em Limit ($3/$6 USD) - 2016/01/20 20:57:12 ET
Table 'Triberga' 2-max Seat #2 is the button
Seat 1: RaisemyNut$ ($219.27 in chips)
Seat 2: kdcl ($108.25 in chips)
kdcl: posts small blind $1
RaisemyNut$: posts big blind $3
*** HOLE CARDS ***
kdcl: raises $3 to $6
RaisemyNut$: raises $3 to $9
kdcl: calls $3
*** FLOP *** [3c 8c 9s]
RaisemyNut$: bets $3
kdcl: calls $3
*** TURN *** [3c 8c 9s] [2s]
RaisemyNut$: bets $6
kdcl: calls $6
*** RIVER *** [3c 8c 9s 2s] [4h]
RaisemyNut$: checks
kdcl: bets $6
RaisemyNut$: raises $6 to $12
kdcl: calls $6
*** SHOW DOWN ***
RaisemyNut$: shows [Tc 9c] (a pair of Nines)
kdcl: mucks hand
RaisemyNut$ collected $59.50 from pot
*** SUMMARY ***
Total pot $60 | Rake $0.50
Board [3c 8c 9s 2s 4h]
Seat 1: RaisemyNut$ (big blind) showed [Tc 9c] and won ($59.50) with a pair of Nines
Seat 2: kdcl (button) (small blind) mucked


PokerStars Hand #147400548310:  Hold'em Limit ($3/$6 USD) - 2016/01/20 20:58:32 ET
Table 'Triberga' 2-max Seat #1 is the button
Seat 1: RaisemyNut$ ($252.27 in chips)
Seat 2: kdcl ($73.51 in chips)
RaisemyNut$: posts small blind $1
kdcl: posts big blind $3
*** HOLE CARDS ***
RaisemyNut$: raises $3 to $6
kdcl: folds
Uncalled bet ($3) returned to RaisemyNut$
RaisemyNut$ collected $6 from pot
RaisemyNut$: doesn't show hand
*** SUMMARY ***
Total pot $6 | Rake $0
Seat 1: RaisemyNut$ (button) (small blind) collected ($6)
Seat 2: kdcl (big blind) folded before Flop


PokerStars Hand #147400539527:  Hold'em Limit ($3/$6 USD) - 2016/01/20 20:58:14 ET
Table 'Triberga' 2-max Seat #2 is the button
Seat 1: RaisemyNut$ ($228.77 in chips)
Seat 2: kdcl ($97.51 in chips)
kdcl: posts small blind $1
RaisemyNut$: posts big blind $3
*** HOLE CARDS ***
kdcl: raises $3 to $6
RaisemyNut$: calls $3
*** FLOP *** [Jd 9c Ks]
RaisemyNut$: checks
kdcl: bets $3
RaisemyNut$: raises $3 to $6
kdcl: calls $3
*** TURN *** [Jd 9c Ks] [4d]
RaisemyNut$: bets $6
kdcl: calls $6
*** RIVER *** [Jd 9c Ks 4d] [6d]
RaisemyNut$: bets $6
kdcl: calls $6
*** SHOW DOWN ***
RaisemyNut$: shows [Jh Th] (a pair of Jacks)
kdcl: mucks hand
RaisemyNut$ collected $47.50 from pot
*** SUMMARY ***
Total pot $48 | Rake $0.50
Board [Jd 9c Ks 4d 6d]
Seat 1: RaisemyNut$ (big blind) showed [Jh Th] and won ($47.50) with a pair of Jacks
Seat 2: kdcl (button) (small blind) mucked


PokerStars Hand #147400536621:  Hold'em Limit ($3/$6 USD) - 2016/01/20 20:58:09 ET
Table 'Triberga' 2-max Seat #1 is the button
Seat 1: RaisemyNut$ ($225.77 in chips)
Seat 2: kdcl ($100.51 in chips)
RaisemyNut$: posts small blind $1
kdcl: posts big blind $3
*** HOLE CARDS ***
RaisemyNut$: raises $3 to $6
kdcl: folds
Uncalled bet ($3) returned to RaisemyNut$
RaisemyNut$ collected $6 from pot
RaisemyNut$: doesn't show hand
*** SUMMARY ***
Total pot $6 | Rake $0
Seat 1: RaisemyNut$ (button) (small blind) collected ($6)
Seat 2: kdcl (big blind) folded before Flop


PokerStars Hand #147400534452:  Hold'em Limit ($3/$6 USD) - 2016/01/20 20:58:04 ET
Table 'Triberga' 2-max Seat #2 is the button
Seat 1: RaisemyNut$ ($224.77 in chips)
Seat 2: kdcl ($101.51 in chips)
kdcl: posts small blind $1
RaisemyNut$: posts big blind $3
*** HOLE CARDS ***
kdcl: folds
Uncalled bet ($2) returned to RaisemyNut$
RaisemyNut$ collected $2 from pot
RaisemyNut$: doesn't show hand
*** SUMMARY ***
Total pot $2 | Rake $0
Seat 1: RaisemyNut$ (big blind) collected ($2)
Seat 2: kdcl (button) (small blind) folded before Flop


PokerStars Hand #147400528897:  Hold'em Limit ($3/$6 USD) - 2016/01/20 20:57:58 ET
Table 'Triberga' 2-max Seat #1 is the button
Seat 1: RaisemyNut$ ($221.77 in chips)
Seat 2: kdcl ($104.51 in chips)
RaisemyNut$: posts small blind $1
kdcl: posts big blind $3
*** HOLE CARDS ***
RaisemyNut$: raises $3 to $6
kdcl: folds
Uncalled bet ($3) returned to RaisemyNut$
RaisemyNut$ collected $6 from pot
RaisemyNut$: doesn't show hand
*** SUMMARY ***
Total pot $6 | Rake $0
Seat 1: RaisemyNut$ (button) (small blind) collected ($6)
Seat 2: kdcl (big blind) folded before Flop


PokerStars Hand #147400565618:  Hold'em Limit ($3/$6 USD) - 2016/01/20 20:59:13 ET
Table 'Triberga' 2-max Seat #1 is the button
Seat 1: RaisemyNut$ ($266.77 in chips)
Seat 2: kdcl ($58.15 in chips)
RaisemyNut$: posts small blind $1
kdcl: posts big blind $3
*** HOLE CARDS ***
RaisemyNut$: raises $3 to $6
kdcl: raises $3 to $9
RaisemyNut$: calls $3
*** FLOP *** [8c 6s 6h]
kdcl: bets $3
RaisemyNut$: raises $3 to $6
kdcl: calls $3
*** TURN *** [8c 6s 6h] [Ah]
kdcl: checks
RaisemyNut$: bets $6
kdcl: folds
Uncalled bet ($6) returned to RaisemyNut$
RaisemyNut$ collected $29.50 from pot
RaisemyNut$: doesn't show hand
*** SUMMARY ***
Total pot $30 | Rake $0.50
Board [8c 6s 6h Ah]
Seat 1: RaisemyNut$ (button) (small blind) collected ($29.50)
Seat 2: kdcl (big blind) folded on the Turn


PokerStars Hand #147400563580:  Hold'em Limit ($3/$6 USD) - 2016/01/20 20:59:08 ET
Table 'Triberga' 2-max Seat #2 is the button
Seat 1: RaisemyNut$ ($269.77 in chips)
Seat 2: kdcl ($55.15 in chips)
kdcl: posts small blind $1
RaisemyNut$: posts big blind $3
*** HOLE CARDS ***
kdcl: raises $3 to $6
RaisemyNut$: folds
Uncalled bet ($3) returned to kdcl
kdcl collected $6 from pot
*** SUMMARY ***
Total pot $6 | Rake $0
Seat 1: RaisemyNut$ (big blind) folded before Flop
Seat 2: kdcl (button) (small blind) collected ($6)


PokerStars Hand #147400557600:  Hold'em Limit ($3/$6 USD) - 2016/01/20 20:58:54 ET
Table 'Triberga' 2-max Seat #1 is the button
Seat 1: RaisemyNut$ ($278.77 in chips)
Seat 2: kdcl ($46.51 in chips)
RaisemyNut$: posts small blind $1
kdcl: posts big blind $3
*** HOLE CARDS ***
RaisemyNut$: raises $3 to $6
kdcl: calls $3
*** FLOP *** [Qc 3d Qd]
kdcl: checks
RaisemyNut$: bets $3
kdcl: calls $3
*** TURN *** [Qc 3d Qd] [6d]
kdcl: checks
RaisemyNut$: checks
*** RIVER *** [Qc 3d Qd 6d] [Jd]
kdcl: checks
RaisemyNut$: checks
*** SHOW DOWN ***
kdcl: shows [3h 4c] (two pair, Queens and Threes)
RaisemyNut$: mucks hand
kdcl collected $17.64 from pot
*** SUMMARY ***
Total pot $18 | Rake $0.36
Board [Qc 3d Qd 6d Jd]
Seat 1: RaisemyNut$ (button) (small blind) mucked
Seat 2: kdcl (big blind) showed [3h 4c] and won ($17.64) with two pair, Queens and Threes


PokerStars Hand #147400550779:  Hold'em Limit ($3/$6 USD) - 2016/01/20 20:58:37 ET
Table 'Triberga' 2-max Seat #2 is the button
Seat 1: RaisemyNut$ ($255.27 in chips)
Seat 2: kdcl ($70.51 in chips)
kdcl: posts small blind $1
RaisemyNut$: posts big blind $3
*** HOLE CARDS ***
kdcl: raises $3 to $6
RaisemyNut$: raises $3 to $9
kdcl: calls $3
*** FLOP *** [8c As Ad]
RaisemyNut$: bets $3
kdcl: calls $3
*** TURN *** [8c As Ad] [7h]
RaisemyNut$: bets $6
kdcl: calls $6
*** RIVER *** [8c As Ad 7h] [Th]
RaisemyNut$: checks
kdcl: bets $6
RaisemyNut$: calls $6
*** SHOW DOWN ***
kdcl: shows [6h 5h] (a pair of Aces)
RaisemyNut$: shows [Kc Qh] (a pair of Aces - King kicker)
RaisemyNut$ collected $47.50 from pot
*** SUMMARY ***
Total pot $48 | Rake $0.50
Board [8c As Ad 7h Th]
Seat 1: RaisemyNut$ (big blind) showed [Kc Qh] and won ($47.50) with a pair of Aces
Seat 2: kdcl (button) (small blind) showed [6h 5h] and lost with a pair of Aces


PokerStars Hand #147400573268:  Hold'em Limit ($3/$6 USD) - 2016/01/20 20:59:32 ET
Table 'Triberga' 2-max Seat #1 is the button
Seat 1: RaisemyNut$ ($278.27 in chips)
Seat 2: kdcl ($46.15 in chips)
RaisemyNut$: posts small blind $1
kdcl: posts big blind $3
*** HOLE CARDS ***
RaisemyNut$: raises $3 to $6
kdcl: folds
Uncalled bet ($3) returned to RaisemyNut$
RaisemyNut$ collected $6 from pot
RaisemyNut$: doesn't show hand
*** SUMMARY ***
Total pot $6 | Rake $0
Seat 1: RaisemyNut$ (button) (small blind) collected ($6)
Seat 2: kdcl (big blind) folded before Flop


PokerStars Hand #147400571065:  Hold'em Limit ($3/$6 USD) - 2016/01/20 20:59:27 ET
Table 'Triberga' 2-max Seat #2 is the button
Seat 1: RaisemyNut$ ($281.27 in chips)
Seat 2: kdcl ($43.15 in chips)
kdcl: posts small blind $1
RaisemyNut$: posts big blind $3
*** HOLE CARDS ***
kdcl: raises $3 to $6
RaisemyNut$: folds
Uncalled bet ($3) returned to kdcl
kdcl collected $6 from pot
*** SUMMARY ***
Total pot $6 | Rake $0
Seat 1: RaisemyNut$ (big blind) folded before Flop
Seat 2: kdcl (button) (small blind) collected ($6)


PokerStars Hand #147400595585:  Hold'em Limit ($3/$6 USD) - 2016/01/20 21:00:26 ET
Table 'Triberga' 2-max Seat #1 is the button
Seat 1: RaisemyNut$ ($316.29 in chips)
Seat 2: kdcl ($7.15 in chips)
RaisemyNut$: posts small blind $1
kdcl: posts big blind $3
*** HOLE CARDS ***
RaisemyNut$: folds
Uncalled bet ($2) returned to kdcl
kdcl collected $2 from pot
*** SUMMARY ***
Total pot $2 | Rake $0
Seat 1: RaisemyNut$ (button) (small blind) folded before Flop
Seat 2: kdcl (big blind) collected ($2)


PokerStars Hand #147400587977:  Hold'em Limit ($3/$6 USD) - 2016/01/20 21:00:08 ET
Table 'Triberga' 2-max Seat #2 is the button
Seat 1: RaisemyNut$ ($295.79 in chips)
Seat 2: kdcl ($28.15 in chips)
kdcl: posts small blind $1
RaisemyNut$: posts big blind $3
*** HOLE CARDS ***
kdcl: raises $3 to $6
RaisemyNut$: calls $3
*** FLOP *** [Kc 9h 7h]
RaisemyNut$: checks
kdcl: bets $3
RaisemyNut$: calls $3
*** TURN *** [Kc 9h 7h] [5s]
RaisemyNut$: checks
kdcl: bets $6
RaisemyNut$: calls $6
*** RIVER *** [Kc 9h 7h 5s] [4h]
RaisemyNut$: checks
kdcl: bets $6
RaisemyNut$: calls $6
*** SHOW DOWN ***
kdcl: shows [2d 5d] (a pair of Fives)
RaisemyNut$: shows [6s 7s] (a pair of Sevens)
RaisemyNut$ collected $41.50 from pot
*** SUMMARY ***
Total pot $42 | Rake $0.50
Board [Kc 9h 7h 5s 4h]
Seat 1: RaisemyNut$ (big blind) showed [6s 7s] and won ($41.50) with a pair of Sevens
Seat 2: kdcl (button) (small blind) showed [2d 5d] and lost with a pair of Fives


PokerStars Hand #147400586016:  Hold'em Limit ($3/$6 USD) - 2016/01/20 21:00:04 ET
Table 'Triberga' 2-max Seat #1 is the button
Seat 1: RaisemyNut$ ($296.79 in chips)
Seat 2: kdcl ($27.15 in chips)
RaisemyNut$: posts small blind $1
kdcl: posts big blind $3
*** HOLE CARDS ***
RaisemyNut$: folds
Uncalled bet ($2) returned to kdcl
kdcl collected $2 from pot
*** SUMMARY ***
Total pot $2 | Rake $0
Seat 1: RaisemyNut$ (button) (small blind) folded before Flop
Seat 2: kdcl (big blind) collected ($2)


PokerStars Hand #147400583746:  Hold'em Limit ($3/$6 USD) - 2016/01/20 20:59:58 ET
Table 'Triberga' 2-max Seat #2 is the button
Seat 1: RaisemyNut$ ($295.79 in chips)
Seat 2: kdcl ($28.15 in chips)
kdcl: posts small blind $1
RaisemyNut$: posts big blind $3
*** HOLE CARDS ***
kdcl: folds
Uncalled bet ($2) returned to RaisemyNut$
RaisemyNut$ collected $2 from pot
RaisemyNut$: doesn't show hand
*** SUMMARY ***
Total pot $2 | Rake $0
Seat 1: RaisemyNut$ (big blind) collected ($2)
Seat 2: kdcl (button) (small blind) folded before Flop


PokerStars Hand #147400581507:  Hold'em Limit ($3/$6 USD) - 2016/01/20 20:59:52 ET
Table 'Triberga' 2-max Seat #1 is the button
Seat 1: RaisemyNut$ ($292.79 in chips)
Seat 2: kdcl ($31.15 in chips)
RaisemyNut$: posts small blind $1
kdcl: posts big blind $3
*** HOLE CARDS ***
RaisemyNut$: raises $3 to $6
kdcl: folds
Uncalled bet ($3) returned to RaisemyNut$
RaisemyNut$ collected $6 from pot
RaisemyNut$: doesn't show hand
*** SUMMARY ***
Total pot $6 | Rake $0
Seat 1: RaisemyNut$ (button) (small blind) collected ($6)
Seat 2: kdcl (big blind) folded before Flop


PokerStars Hand #147400575516:  Hold'em Limit ($3/$6 USD) - 2016/01/20 20:59:37 ET
Table 'Triberga' 2-max Seat #2 is the button
Seat 1: RaisemyNut$ ($281.27 in chips)
Seat 2: kdcl ($43.15 in chips)
kdcl: posts small blind $1
RaisemyNut$: posts big blind $3
*** HOLE CARDS ***
kdcl: raises $3 to $6
RaisemyNut$: calls $3
*** FLOP *** [8c 6c 2d]
RaisemyNut$: checks
kdcl: checks
*** TURN *** [8c 6c 2d] [7h]
RaisemyNut$: bets $6
kdcl: calls $6
*** RIVER *** [8c 6c 2d 7h] [6h]
RaisemyNut$: bets $6
kdcl: folds
Uncalled bet ($6) returned to RaisemyNut$
RaisemyNut$ collected $23.52 from pot
RaisemyNut$: doesn't show hand
*** SUMMARY ***
Total pot $24 | Rake $0.48
Board [8c 6c 2d 7h 6h]
Seat 1: RaisemyNut$ (big blind) collected ($23.52)
Seat 2: kdcl (button) (small blind) folded on the River


PokerStars Hand #147400597312:  Hold'em Limit ($3/$6 USD) - 2016/01/20 21:00:30 ET
Table 'Triberga' 2-max Seat #2 is the button
Seat 1: RaisemyNut$ ($315.29 in chips)
Seat 2: kdcl ($8.15 in chips)
kdcl: posts small blind $1
RaisemyNut$: posts big blind $3
*** HOLE CARDS ***
kdcl: raises $3 to $6
RaisemyNut$: raises $3 to $9
kdcl: calls $2.15 and is all-in
Uncalled bet ($0.85) returned to RaisemyNut$
*** FLOP *** [Qc 7s 5s]
*** TURN *** [Qc 7s 5s] [3s]
*** RIVER *** [Qc 7s 5s 3s] [8c]
*** SHOW DOWN ***
RaisemyNut$: shows [8d Kd] (a pair of Eights)
kdcl: shows [5c 8s] (two pair, Eights and Fives)
kdcl collected $15.97 from pot
*** SUMMARY ***
Total pot $16.30 | Rake $0.33
Board [Qc 7s 5s 3s 8c]
Seat 1: RaisemyNut$ (big blind) showed [8d Kd] and lost with a pair of Eights
Seat 2: kdcl (button) (small blind) showed [5c 8s] and won ($15.97) with two pair, Eights and Fives


PokerStars Hand #147400603002:  Hold'em Limit ($3/$6 USD) - 2016/01/20 21:00:43 ET
Table 'Triberga' 2-max Seat #1 is the button
Seat 1: RaisemyNut$ ($307.14 in chips)
Seat 2: kdcl ($15.97 in chips)
RaisemyNut$: posts small blind $1
kdcl: posts big blind $3
*** HOLE CARDS ***
RaisemyNut$: raises $3 to $6
kdcl: raises $3 to $9
RaisemyNut$: calls $3
*** FLOP *** [5c 3h Js]
kdcl: bets $3
RaisemyNut$: raises $3 to $6
kdcl: raises $0.97 to $6.97 and is all-in
RaisemyNut$: calls $0.97
*** TURN *** [5c 3h Js] [9s]
*** RIVER *** [5c 3h Js 9s] [Ts]
*** SHOW DOWN ***
kdcl: shows [8s Ah] (high card Ace)
RaisemyNut$: shows [5s 7s] (a flush, Jack high)
RaisemyNut$ collected $31.44 from pot
*** SUMMARY ***
Total pot $31.94 | Rake $0.50
Board [5c 3h Js 9s Ts]
Seat 1: RaisemyNut$ (button) (small blind) showed [5s 7s] and won ($31.44) with a flush, Jack high
Seat 2: kdcl (big blind) showed [8s Ah] and lost with high card Ace


