PokerStars Hand #167446709492:  Hold'em Limit ($3/$6 USD) - 2017/03/11 15:27:54 ET
Table 'Triberga' 6-max Seat #6 is the button
Seat 4: MTails ($120 in chips)
Seat 6: Onrims ($200 in chips)
Onrims: posts small blind $1
vestimokrec joins the table at seat #1
Pete81 joins the table at seat #5
MTails: posts big blind $3
*** HOLE CARDS ***
Onrims: raises $3 to $6
MTails: calls $3
*** FLOP *** [8c 6c 9d]
MTails: checks
Onrims: bets $3
GoliafUa joins the table at seat #2
MTails: raises $3 to $6
Onrims: calls $3
*** TURN *** [8c 6c 9d] [Qd]
MTails: bets $6
Onrims: calls $6
*** RIVER *** [8c 6c 9d Qd] [6d]
MTails: bets $6
Onrims: calls $6
*** SHOW DOWN ***
MTails: shows [7s 5s] (a straight, Five to Nine)
Onrims: mucks hand
MTails collected $47.50 from pot
*** SUMMARY ***
Total pot $48 | Rake $0.50
Board [8c 6c 9d Qd 6d]
Seat 4: MTails (big blind) showed [7s 5s] and won ($47.50) with a straight, Five to Nine
Seat 6: Onrims (button) (small blind) mucked


PokerStars Hand #167447619266:  Hold'em Limit ($3/$6 USD) - 2017/03/11 15:45:13 ET
Table 'Triberga' 6-max Seat #4 is the button
Seat 4: boogi ($53.06 in chips)
Seat 6: Onrims ($182.06 in chips)
boogi: posts small blind $1
Onrims: posts big blind $3
*** HOLE CARDS ***
boogi: folds
Uncalled bet ($2) returned to Onrims
Onrims collected $2 from pot
Onrims: doesn't show hand
*** SUMMARY ***
Total pot $2 | Rake $0
Seat 4: boogi (button) (small blind) folded before Flop
Seat 6: Onrims (big blind) collected ($2)


PokerStars Hand #167447593047:  Hold'em Limit ($3/$6 USD) - 2017/03/11 15:44:43 ET
Table 'Triberga' 6-max Seat #6 is the button
Seat 4: boogi ($68.06 in chips)
Seat 6: Onrims ($167.56 in chips)
Onrims: posts small blind $1
7superpoker: is sitting out
boogi: posts big blind $3
*** HOLE CARDS ***
7superpoker leaves the table
vestimokrec leaves the table
Onrims: calls $2
boogi: raises $3 to $6
Onrims: calls $3
*** FLOP *** [7s 8d 5c]
boogi: bets $3
Onrims: calls $3
*** TURN *** [7s 8d 5c] [Qc]
GRAILKO joins the table at seat #1
boogi: checks
Onrims: bets $6
boogi: calls $6
*** RIVER *** [7s 8d 5c Qc] [8h]
boogi: checks
Onrims: bets $6
boogi: folds
Uncalled bet ($6) returned to Onrims
Onrims collected $29.50 from pot
Onrims: doesn't show hand
*** SUMMARY ***
Total pot $30 | Rake $0.50
Board [7s 8d 5c Qc 8h]
Seat 4: boogi (big blind) folded on the River
Seat 6: Onrims (button) (small blind) collected ($29.50)


PokerStars Hand #167447861427:  Hold'em Limit ($3/$6 USD) - 2017/03/11 15:49:52 ET
Table 'Triberga' 6-max Seat #1 is the button
Seat 1: GRAILKO ($89.65 in chips)
Seat 6: Onrims ($206.14 in chips)
GRAILKO: posts small blind $1
boogi: is sitting out
Onrims: posts big blind $3
*** HOLE CARDS ***
boogi leaves the table
GRAILKO: raises $3 to $6
Onrims: calls $3
*** FLOP *** [Ts Td 4h]
Onrims: checks
GRAILKO: bets $3
Onrims: calls $3
*** TURN *** [Ts Td 4h] [Jh]
Onrims: checks
GRAILKO: checks
*** RIVER *** [Ts Td 4h Jh] [8d]
Onrims: bets $6
GRAILKO: folds
Uncalled bet ($6) returned to Onrims
Onrims collected $17.64 from pot
Onrims: doesn't show hand
*** SUMMARY ***
Total pot $18 | Rake $0.36
Board [Ts Td 4h Jh 8d]
Seat 1: GRAILKO (button) (small blind) folded on the River
Seat 6: Onrims (big blind) collected ($17.64)


PokerStars Hand #167447882134:  Hold'em Limit ($3/$6 USD) - 2017/03/11 15:50:16 ET
Table 'Triberga' 6-max Seat #6 is the button
Seat 1: GRAILKO ($80.65 in chips)
Seat 6: Onrims ($214.78 in chips)
Onrims: posts small blind $1
GRAILKO: posts big blind $3
*** HOLE CARDS ***
Onrims: raises $3 to $6
GRAILKO: calls $3
*** FLOP *** [Kd Jh Th]
GRAILKO: checks
Onrims: bets $3
GRAILKO: raises $3 to $6
Onrims: calls $3
*** TURN *** [Kd Jh Th] [9h]
GRAILKO: bets $6
Onrims: calls $6
*** RIVER *** [Kd Jh Th 9h] [4d]
GRAILKO: bets $6
Onrims: folds
Uncalled bet ($6) returned to GRAILKO
GRAILKO collected $35.50 from pot
GRAILKO: doesn't show hand
*** SUMMARY ***
Total pot $36 | Rake $0.50
Board [Kd Jh Th 9h 4d]
Seat 1: GRAILKO (big blind) collected ($35.50)
Seat 6: Onrims (button) (small blind) folded on the River


PokerStars Hand #167447918514:  Hold'em Limit ($3/$6 USD) - 2017/03/11 15:50:58 ET
Table 'Triberga' 6-max Seat #6 is the button
Seat 1: GRAILKO ($74.15 in chips)
Seat 6: Onrims ($220.28 in chips)
Onrims: posts small blind $1
GRAILKO: posts big blind $3
*** HOLE CARDS ***
Onrims: folds
Uncalled bet ($2) returned to GRAILKO
GRAILKO collected $2 from pot
GRAILKO: doesn't show hand
*** SUMMARY ***
Total pot $2 | Rake $0
Seat 1: GRAILKO (big blind) collected ($2)
Seat 6: Onrims (button) (small blind) folded before Flop


PokerStars Hand #167447900812:  Hold'em Limit ($3/$6 USD) - 2017/03/11 15:50:38 ET
Table 'Triberga' 6-max Seat #1 is the button
Seat 1: GRAILKO ($98.15 in chips)
Seat 6: Onrims ($196.78 in chips)
GRAILKO: posts small blind $1
Onrims: posts big blind $3
*** HOLE CARDS ***
GRAILKO: raises $3 to $6
Onrims: calls $3
*** FLOP *** [8d Jc 3s]
Onrims: checks
GRAILKO: bets $3
Onrims: raises $3 to $6
GRAILKO: calls $3
*** TURN *** [8d Jc 3s] [5c]
Onrims: bets $6
GRAILKO: calls $6
*** RIVER *** [8d Jc 3s 5c] [4s]
Onrims: bets $6
GRAILKO: calls $6
*** SHOW DOWN ***
Onrims: shows [4c Jd] (two pair, Jacks and Fours)
GRAILKO: mucks hand
Onrims collected $47.50 from pot
*** SUMMARY ***
Total pot $48 | Rake $0.50
Board [8d Jc 3s 5c 4s]
Seat 1: GRAILKO (button) (small blind) mucked
Seat 6: Onrims (big blind) showed [4c Jd] and won ($47.50) with two pair, Jacks and Fours


PokerStars Hand #167447923168:  Hold'em Limit ($3/$6 USD) - 2017/03/11 15:51:04 ET
Table 'Triberga' 6-max Seat #1 is the button
Seat 1: GRAILKO ($75.15 in chips)
Seat 6: Onrims ($219.28 in chips)
GRAILKO: posts small blind $1
Onrims: posts big blind $3
*** HOLE CARDS ***
GRAILKO: raises $3 to $6
Onrims: calls $3
*** FLOP *** [Qs 4c 7d]
Onrims: bets $3
GRAILKO: calls $3
*** TURN *** [Qs 4c 7d] [Kc]
Onrims: bets $6
GRAILKO: raises $6 to $12
Onrims: folds
Uncalled bet ($6) returned to GRAILKO
GRAILKO collected $29.50 from pot
GRAILKO: doesn't show hand
*** SUMMARY ***
Total pot $30 | Rake $0.50
Board [Qs 4c 7d Kc]
Seat 1: GRAILKO (button) (small blind) collected ($29.50)
Seat 6: Onrims (big blind) folded on the Turn


PokerStars Hand #167447942426:  Hold'em Limit ($3/$6 USD) - 2017/03/11 15:51:26 ET
Table 'Triberga' 6-max Seat #1 is the button
Seat 1: GRAILKO ($90.65 in chips)
Seat 6: Onrims ($203.28 in chips)
GRAILKO: posts small blind $1
Onrims: posts big blind $3
*** HOLE CARDS ***
GRAILKO: folds
Uncalled bet ($2) returned to Onrims
Onrims collected $2 from pot
Onrims: doesn't show hand
*** SUMMARY ***
Total pot $2 | Rake $0
Seat 1: GRAILKO (button) (small blind) folded before Flop
Seat 6: Onrims (big blind) collected ($2)


PokerStars Hand #167447938227:  Hold'em Limit ($3/$6 USD) - 2017/03/11 15:51:21 ET
Table 'Triberga' 6-max Seat #6 is the button
Seat 1: GRAILKO ($89.65 in chips)
Seat 6: Onrims ($204.28 in chips)
Onrims: posts small blind $1
GRAILKO: posts big blind $3
*** HOLE CARDS ***
Onrims: folds
Uncalled bet ($2) returned to GRAILKO
GRAILKO collected $2 from pot
GRAILKO: doesn't show hand
*** SUMMARY ***
Total pot $2 | Rake $0
Seat 1: GRAILKO (big blind) collected ($2)
Seat 6: Onrims (button) (small blind) folded before Flop


PokerStars Hand #167447947501:  Hold'em Limit ($3/$6 USD) - 2017/03/11 15:51:32 ET
Table 'Triberga' 6-max Seat #6 is the button
Seat 1: GRAILKO ($89.65 in chips)
Seat 6: Onrims ($204.28 in chips)
Onrims: posts small blind $1
GRAILKO: posts big blind $3
*** HOLE CARDS ***
Onrims: folds
Uncalled bet ($2) returned to GRAILKO
GRAILKO collected $2 from pot
GRAILKO: doesn't show hand
*** SUMMARY ***
Total pot $2 | Rake $0
Seat 1: GRAILKO (big blind) collected ($2)
Seat 6: Onrims (button) (small blind) folded before Flop


PokerStars Hand #167448332449:  Hold'em Limit ($3/$6 USD) - 2017/03/11 15:59:50 ET
Table 'Triberga' 6-max Seat #5 is the button
Seat 4: MTails ($105 in chips)
Seat 5: megabaitt ($134.50 in chips)
megabaitt: posts small blind $1
MTails: posts big blind $3
*** HOLE CARDS ***
megabaitt: raises $3 to $6
MTails: calls $3
*** FLOP *** [Js 9h Tc]
MTails: checks
megabaitt: bets $3
MTails: calls $3
*** TURN *** [Js 9h Tc] [Td]
MTails: checks
megabaitt: checks
*** RIVER *** [Js 9h Tc Td] [8h]
MTails: bets $6
megabaitt: folds
Uncalled bet ($6) returned to MTails
MTails collected $17.64 from pot
*** SUMMARY ***
Total pot $18 | Rake $0.36
Board [Js 9h Tc Td 8h]
Seat 4: MTails (big blind) collected ($17.64)
Seat 5: megabaitt (button) (small blind) folded on the River


PokerStars Hand #167448304080:  Hold'em Limit ($3/$6 USD) - 2017/03/11 15:59:09 ET
Table 'Triberga' 6-max Seat #4 is the button
Seat 4: MTails ($120 in chips)
Seat 5: megabaitt ($120 in chips)
MTails: posts small blind $1
megabaitt: posts big blind $3
*** HOLE CARDS ***
MTails: raises $3 to $6
megabaitt: calls $3
*** FLOP *** [9d 4c 8d]
megabaitt: checks
MTails: bets $3
megabaitt: calls $3
*** TURN *** [9d 4c 8d] [6c]
megabaitt: checks
MTails: checks
*** RIVER *** [9d 4c 8d 6c] [2c]
megabaitt: checks
MTails: bets $6
megabaitt: calls $6
*** SHOW DOWN ***
MTails: shows [Kc Ad] (high card Ace)
megabaitt: shows [3c 4s] (a pair of Fours)
megabaitt collected $29.50 from pot
*** SUMMARY ***
Total pot $30 | Rake $0.50
Board [9d 4c 8d 6c 2c]
Seat 4: MTails (button) (small blind) showed [Kc Ad] and lost with high card Ace
Seat 5: megabaitt (big blind) showed [3c 4s] and won ($29.50) with a pair of Fours


PokerStars Hand #167448362944:  Hold'em Limit ($3/$6 USD) - 2017/03/11 16:00:32 ET
Table 'Triberga' 6-max Seat #5 is the button
Seat 4: MTails ($92.64 in chips)
Seat 5: megabaitt ($146 in chips)
megabaitt: posts small blind $1
MTails: posts big blind $3
*** HOLE CARDS ***
megabaitt: folds
Uncalled bet ($2) returned to MTails
megabaitt leaves the table
MTails collected $2 from pot
*** SUMMARY ***
Total pot $2 | Rake $0
Seat 4: MTails (big blind) collected ($2)
Seat 5: megabaitt (button) (small blind) folded before Flop


PokerStars Hand #167448345843:  Hold'em Limit ($3/$6 USD) - 2017/03/11 16:00:09 ET
Table 'Triberga' 6-max Seat #4 is the button
Seat 4: MTails ($113.64 in chips)
Seat 5: megabaitt ($125.50 in chips)
MTails: posts small blind $1
megabaitt: posts big blind $3
*** HOLE CARDS ***
MTails: raises $3 to $6
megabaitt: calls $3
*** FLOP *** [Jh Ah 3c]
megabaitt: checks
MTails: bets $3
megabaitt: calls $3
*** TURN *** [Jh Ah 3c] [As]
megabaitt: checks
MTails: bets $6
megabaitt: calls $6
*** RIVER *** [Jh Ah 3c As] [Qd]
megabaitt: checks
MTails: bets $6
megabaitt: calls $6
*** SHOW DOWN ***
MTails: shows [Ts 8c] (a pair of Aces)
megabaitt: shows [Qh 3h] (two pair, Aces and Queens)
megabaitt collected $41.50 from pot
*** SUMMARY ***
Total pot $42 | Rake $0.50
Board [Jh Ah 3c As Qd]
Seat 4: MTails (button) (small blind) showed [Ts 8c] and lost with a pair of Aces
Seat 5: megabaitt (big blind) showed [Qh 3h] and won ($41.50) with two pair, Aces and Queens


