PokerStars Hand #170761968691:  Hold'em Limit ($3/$6 USD) - 2017/05/22 9:01:48 ET
Table 'Triglav' 6-max Seat #1 is the button
Seat 1: babyblue115 ($120 in chips)
Seat 3: sim5sim5 ($72 in chips)
babyblue115: posts small blind $1
sim5sim5: posts big blind $3
*** HOLE CARDS ***
babyblue115: calls $2
sim5sim5: checks
*** FLOP *** [5d Qs 7h]
sim5sim5: bets $3
babyblue115: calls $3
*** TURN *** [5d Qs 7h] [4s]
sim5sim5: bets $6
babyblue115: calls $6
*** RIVER *** [5d Qs 7h 4s] [8d]
sim5sim5: bets $6
babyblue115: folds
Uncalled bet ($6) returned to sim5sim5
sim5sim5 collected $23.52 from pot
sim5sim5: doesn't show hand
*** SUMMARY ***
Total pot $24 | Rake $0.48
Board [5d Qs 7h 4s 8d]
Seat 1: babyblue115 (button) (small blind) folded on the River
Seat 3: sim5sim5 (big blind) collected ($23.52)


PokerStars Hand #170762005763:  Hold'em Limit ($3/$6 USD) - 2017/05/22 9:03:03 ET
Table 'Triglav' 6-max Seat #3 is the button
Seat 1: babyblue115 ($110.50 in chips)
Seat 3: sim5sim5 ($80.16 in chips)
sim5sim5: posts small blind $1
babyblue115: posts big blind $3
*** HOLE CARDS ***
sim5sim5: raises $3 to $6
babyblue115: folds
Uncalled bet ($3) returned to sim5sim5
sim5sim5 collected $6 from pot
sim5sim5: doesn't show hand
*** SUMMARY ***
Total pot $6 | Rake $0
Seat 1: babyblue115 (big blind) folded before Flop
Seat 3: sim5sim5 (button) (small blind) collected ($6)


PokerStars Hand #170761992520:  Hold'em Limit ($3/$6 USD) - 2017/05/22 9:02:36 ET
Table 'Triglav' 6-max Seat #1 is the button
Seat 1: babyblue115 ($93 in chips)
Seat 3: sim5sim5 ($98.16 in chips)
babyblue115: posts small blind $1
sim5sim5: posts big blind $3
*** HOLE CARDS ***
babyblue115: calls $2
sim5sim5: checks
*** FLOP *** [4h 7c 6c]
sim5sim5: checks
babyblue115: bets $3
sim5sim5: calls $3
*** TURN *** [4h 7c 6c] [Qd]
sim5sim5: checks
babyblue115: bets $6
sim5sim5: calls $6
*** RIVER *** [4h 7c 6c Qd] [7h]
sim5sim5: checks
babyblue115: bets $6
sim5sim5: calls $6
*** SHOW DOWN ***
babyblue115: shows [5s 3d] (a straight, Three to Seven)
sim5sim5: mucks hand
babyblue115 collected $35.50 from pot
*** SUMMARY ***
Total pot $36 | Rake $0.50
Board [4h 7c 6c Qd 7h]
Seat 1: babyblue115 (button) (small blind) showed [5s 3d] and won ($35.50) with a straight, Three to Seven
Seat 3: sim5sim5 (big blind) mucked


PokerStars Hand #170761989431:  Hold'em Limit ($3/$6 USD) - 2017/05/22 9:02:30 ET
Table 'Triglav' 6-max Seat #3 is the button
Seat 1: babyblue115 ($96 in chips)
Seat 3: sim5sim5 ($95.16 in chips)
sim5sim5: posts small blind $1
babyblue115: posts big blind $3
*** HOLE CARDS ***
sim5sim5: raises $3 to $6
babyblue115: folds
Uncalled bet ($3) returned to sim5sim5
sim5sim5 collected $6 from pot
sim5sim5: doesn't show hand
*** SUMMARY ***
Total pot $6 | Rake $0
Seat 1: babyblue115 (big blind) folded before Flop
Seat 3: sim5sim5 (button) (small blind) collected ($6)


PokerStars Hand #170761981853:  Hold'em Limit ($3/$6 USD) - 2017/05/22 9:02:15 ET
Table 'Triglav' 6-max Seat #1 is the button
Seat 1: babyblue115 ($105 in chips)
Seat 3: sim5sim5 ($86.52 in chips)
babyblue115: posts small blind $1
sim5sim5: posts big blind $3
*** HOLE CARDS ***
babyblue115: raises $3 to $6
sim5sim5: calls $3
*** FLOP *** [7s Th 9d]
sim5sim5: checks
babyblue115: bets $3
sim5sim5: raises $3 to $6
babyblue115: folds
Uncalled bet ($3) returned to sim5sim5
sim5sim5 collected $17.64 from pot
sim5sim5: doesn't show hand
*** SUMMARY ***
Total pot $18 | Rake $0.36
Board [7s Th 9d]
Seat 1: babyblue115 (button) (small blind) folded on the Flop
Seat 3: sim5sim5 (big blind) collected ($17.64)


PokerStars Hand #170761978435:  Hold'em Limit ($3/$6 USD) - 2017/05/22 9:02:08 ET
Table 'Triglav' 6-max Seat #3 is the button
Seat 1: babyblue115 ($108 in chips)
Seat 3: sim5sim5 ($83.52 in chips)
sim5sim5: posts small blind $1
babyblue115: posts big blind $3
*** HOLE CARDS ***
sim5sim5: raises $3 to $6
babyblue115: folds
Uncalled bet ($3) returned to sim5sim5
sim5sim5 collected $6 from pot
sim5sim5: doesn't show hand
*** SUMMARY ***
Total pot $6 | Rake $0
Seat 1: babyblue115 (big blind) folded before Flop
Seat 3: sim5sim5 (button) (small blind) collected ($6)


PokerStars Hand #170762031380:  Hold'em Limit ($3/$6 USD) - 2017/05/22 9:03:53 ET
Table 'Triglav' 6-max Seat #1 is the button
Seat 1: babyblue115 ($130 in chips)
Seat 3: sim5sim5 ($76 in chips)
babyblue115: posts small blind $1
sim5sim5: posts big blind $3
*** HOLE CARDS ***
babyblue115: calls $2
sim5sim5: checks
*** FLOP *** [Jh 2s 4c]
sim5sim5: bets $3
babyblue115: calls $3
*** TURN *** [Jh 2s 4c] [4s]
sim5sim5: bets $6
babyblue115: folds
Uncalled bet ($6) returned to sim5sim5
sim5sim5 collected $11.76 from pot
sim5sim5: doesn't show hand
*** SUMMARY ***
Total pot $12 | Rake $0.24
Board [Jh 2s 4c 4s]
Seat 1: babyblue115 (button) (small blind) folded on the Turn
Seat 3: sim5sim5 (big blind) collected ($11.76)


PokerStars Hand #170762028123:  Hold'em Limit ($3/$6 USD) - 2017/05/22 9:03:47 ET
Table 'Triglav' 6-max Seat #3 is the button
Seat 1: babyblue115 ($133 in chips)
Seat 3: sim5sim5 ($73 in chips)
sim5sim5: posts small blind $1
babyblue115: posts big blind $3
*** HOLE CARDS ***
sim5sim5: raises $3 to $6
babyblue115: folds
Uncalled bet ($3) returned to sim5sim5
sim5sim5 collected $6 from pot
sim5sim5: doesn't show hand
*** SUMMARY ***
Total pot $6 | Rake $0
Seat 1: babyblue115 (big blind) folded before Flop
Seat 3: sim5sim5 (button) (small blind) collected ($6)


PokerStars Hand #170762012923:  Hold'em Limit ($3/$6 USD) - 2017/05/22 9:03:17 ET
Table 'Triglav' 6-max Seat #3 is the button
Seat 1: babyblue115 ($104.50 in chips)
Seat 3: sim5sim5 ($86.16 in chips)
sim5sim5: posts small blind $1
babyblue115: posts big blind $3
*** HOLE CARDS ***
sim5sim5: raises $3 to $6
babyblue115: calls $3
*** FLOP *** [9h Qs Js]
babyblue115: checks
sim5sim5: bets $3
babyblue115: raises $3 to $6
sim5sim5: raises $3 to $9
babyblue115: raises $3 to $12
Betting is capped
sim5sim5: calls $3
*** TURN *** [9h Qs Js] [6d]
babyblue115: bets $6
sim5sim5: calls $6
*** RIVER *** [9h Qs Js 6d] [3d]
babyblue115: bets $6
sim5sim5: calls $6
*** SHOW DOWN ***
babyblue115: shows [Th 8c] (a straight, Eight to Queen)
sim5sim5: mucks hand
babyblue115 collected $59.50 from pot
*** SUMMARY ***
Total pot $60 | Rake $0.50
Board [9h Qs Js 6d 3d]
Seat 1: babyblue115 (big blind) showed [Th 8c] and won ($59.50) with a straight, Eight to Queen
Seat 3: sim5sim5 (button) (small blind) mucked


PokerStars Hand #170762008849:  Hold'em Limit ($3/$6 USD) - 2017/05/22 9:03:09 ET
Table 'Triglav' 6-max Seat #1 is the button
Seat 1: babyblue115 ($107.50 in chips)
Seat 3: sim5sim5 ($83.16 in chips)
babyblue115: posts small blind $1
sim5sim5: posts big blind $3
*** HOLE CARDS ***
babyblue115: calls $2
sim5sim5: raises $3 to $6
babyblue115: folds
Uncalled bet ($3) returned to sim5sim5
sim5sim5 collected $6 from pot
sim5sim5: doesn't show hand
*** SUMMARY ***
Total pot $6 | Rake $0
Seat 1: babyblue115 (button) (small blind) folded before Flop
Seat 3: sim5sim5 (big blind) collected ($6)


PokerStars Hand #170762058932:  Hold'em Limit ($3/$6 USD) - 2017/05/22 9:04:48 ET
Table 'Triglav' 6-max Seat #3 is the button
Seat 1: babyblue115 ($95 in chips)
Seat 3: sim5sim5 ($110.02 in chips)
sim5sim5: posts small blind $1
babyblue115: posts big blind $3
*** HOLE CARDS ***
sim5sim5: calls $2
babyblue115: raises $3 to $6
sim5sim5: calls $3
*** FLOP *** [8s 3h 7c]
babyblue115: bets $3
sim5sim5: calls $3
*** TURN *** [8s 3h 7c] [Jh]
babyblue115: bets $6
sim5sim5: folds
Uncalled bet ($6) returned to babyblue115
babyblue115 collected $17.64 from pot
*** SUMMARY ***
Total pot $18 | Rake $0.36
Board [8s 3h 7c Jh]
Seat 1: babyblue115 (big blind) collected ($17.64)
Seat 3: sim5sim5 (button) (small blind) folded on the Turn


PokerStars Hand #170762056307:  Hold'em Limit ($3/$6 USD) - 2017/05/22 9:04:42 ET
Table 'Triglav' 6-max Seat #1 is the button
Seat 1: babyblue115 ($96 in chips)
Seat 3: sim5sim5 ($109.02 in chips)
babyblue115: posts small blind $1
sim5sim5: posts big blind $3
*** HOLE CARDS ***
babyblue115: folds
Uncalled bet ($2) returned to sim5sim5
sim5sim5 collected $2 from pot
sim5sim5: doesn't show hand
*** SUMMARY ***
Total pot $2 | Rake $0
Seat 1: babyblue115 (button) (small blind) folded before Flop
Seat 3: sim5sim5 (big blind) collected ($2)


PokerStars Hand #170762050866:  Hold'em Limit ($3/$6 USD) - 2017/05/22 9:04:32 ET
Table 'Triglav' 6-max Seat #3 is the button
Seat 1: babyblue115 ($102 in chips)
Seat 3: sim5sim5 ($103.26 in chips)
sim5sim5: posts small blind $1
babyblue115: posts big blind $3
*** HOLE CARDS ***
sim5sim5: raises $3 to $6
babyblue115: calls $3
*** FLOP *** [8c 6c 9s]
babyblue115: checks
sim5sim5: bets $3
babyblue115: folds
Uncalled bet ($3) returned to sim5sim5
sim5sim5 collected $11.76 from pot
sim5sim5: doesn't show hand
*** SUMMARY ***
Total pot $12 | Rake $0.24
Board [8c 6c 9s]
Seat 1: babyblue115 (big blind) folded on the Flop
Seat 3: sim5sim5 (button) (small blind) collected ($11.76)


PokerStars Hand #170762048391:  Hold'em Limit ($3/$6 USD) - 2017/05/22 9:04:27 ET
Table 'Triglav' 6-max Seat #1 is the button
Seat 1: babyblue115 ($103 in chips)
Seat 3: sim5sim5 ($102.26 in chips)
babyblue115: posts small blind $1
sim5sim5: posts big blind $3
*** HOLE CARDS ***
babyblue115: folds
Uncalled bet ($2) returned to sim5sim5
sim5sim5 collected $2 from pot
sim5sim5: doesn't show hand
*** SUMMARY ***
Total pot $2 | Rake $0
Seat 1: babyblue115 (button) (small blind) folded before Flop
Seat 3: sim5sim5 (big blind) collected ($2)


PokerStars Hand #170762037842:  Hold'em Limit ($3/$6 USD) - 2017/05/22 9:04:06 ET
Table 'Triglav' 6-max Seat #3 is the button
Seat 1: babyblue115 ($124 in chips)
Seat 3: sim5sim5 ($81.76 in chips)
sim5sim5: posts small blind $1
babyblue115: posts big blind $3
*** HOLE CARDS ***
sim5sim5: raises $3 to $6
babyblue115: raises $3 to $9
sim5sim5: calls $3
*** FLOP *** [9d 4c 8c]
babyblue115: bets $3
sim5sim5: raises $3 to $6
babyblue115: calls $3
*** TURN *** [9d 4c 8c] [2h]
babyblue115: checks
sim5sim5: bets $6
babyblue115: calls $6
*** RIVER *** [9d 4c 8c 2h] [6c]
babyblue115: checks
sim5sim5: bets $6
babyblue115: folds
Uncalled bet ($6) returned to sim5sim5
sim5sim5 collected $41.50 from pot
sim5sim5: doesn't show hand
*** SUMMARY ***
Total pot $42 | Rake $0.50
Board [9d 4c 8c 2h 6c]
Seat 1: babyblue115 (big blind) folded on the River
Seat 3: sim5sim5 (button) (small blind) collected ($41.50)


PokerStars Hand #170762078456:  Hold'em Limit ($3/$6 USD) - 2017/05/22 9:05:25 ET
Table 'Triglav' 6-max Seat #3 is the button
Seat 1: babyblue115 ($82.64 in chips)
Seat 3: sim5sim5 ($121.52 in chips)
sim5sim5: posts small blind $1
babyblue115: posts big blind $3
*** HOLE CARDS ***
sim5sim5: raises $3 to $6
babyblue115: raises $3 to $9
sim5sim5: calls $3
*** FLOP *** [Ad 8c As]
babyblue115: checks
sim5sim5: bets $3
babyblue115: raises $3 to $6
sim5sim5: calls $3
*** TURN *** [Ad 8c As] [5h]
babyblue115: bets $6
sim5sim5: calls $6
*** RIVER *** [Ad 8c As 5h] [Th]
babyblue115: bets $6
sim5sim5: folds
Uncalled bet ($6) returned to babyblue115
babyblue115 collected $41.50 from pot
*** SUMMARY ***
Total pot $42 | Rake $0.50
Board [Ad 8c As 5h Th]
Seat 1: babyblue115 (big blind) collected ($41.50)
Seat 3: sim5sim5 (button) (small blind) folded on the River


PokerStars Hand #170762067314:  Hold'em Limit ($3/$6 USD) - 2017/05/22 9:05:05 ET
Table 'Triglav' 6-max Seat #1 is the button
Seat 1: babyblue115 ($103.64 in chips)
Seat 3: sim5sim5 ($101.02 in chips)
babyblue115: posts small blind $1
sim5sim5: posts big blind $3
*** HOLE CARDS ***
babyblue115: calls $2
sim5sim5: raises $3 to $6
babyblue115: calls $3
*** FLOP *** [4s 5s 7d]
sim5sim5: bets $3
babyblue115: calls $3
*** TURN *** [4s 5s 7d] [9s]
sim5sim5: bets $6
babyblue115: calls $6
*** RIVER *** [4s 5s 7d 9s] [9d]
sim5sim5: bets $6
babyblue115: calls $6
*** SHOW DOWN ***
sim5sim5: shows [Ad 9h] (three of a kind, Nines)
babyblue115: mucks hand
sim5sim5 collected $41.50 from pot
*** SUMMARY ***
Total pot $42 | Rake $0.50
Board [4s 5s 7d 9s 9d]
Seat 1: babyblue115 (button) (small blind) mucked
Seat 3: sim5sim5 (big blind) showed [Ad 9h] and won ($41.50) with three of a kind, Nines


PokerStars Hand #170762128320:  Hold'em Limit ($3/$6 USD) - 2017/05/22 9:07:01 ET
Table 'Triglav' 6-max Seat #1 is the button
Seat 1: babyblue115 ($95.64 in chips)
Seat 3: sim5sim5 ($106.78 in chips)
babyblue115: posts small blind $1
sim5sim5: posts big blind $3
*** HOLE CARDS ***
babyblue115: folds
Uncalled bet ($2) returned to sim5sim5
sim5sim5 collected $2 from pot
sim5sim5: doesn't show hand
*** SUMMARY ***
Total pot $2 | Rake $0
Seat 1: babyblue115 (button) (small blind) folded before Flop
Seat 3: sim5sim5 (big blind) collected ($2)


PokerStars Hand #170762116062:  Hold'em Limit ($3/$6 USD) - 2017/05/22 9:06:37 ET
Table 'Triglav' 6-max Seat #3 is the button
Seat 1: babyblue115 ($75.14 in chips)
Seat 3: sim5sim5 ($127.78 in chips)
sim5sim5: posts small blind $1
babyblue115: posts big blind $3
*** HOLE CARDS ***
sim5sim5: raises $3 to $6
babyblue115: raises $3 to $9
sim5sim5: calls $3
*** FLOP *** [Qh 6s Jd]
babyblue115: checks
sim5sim5: bets $3
babyblue115: raises $3 to $6
sim5sim5: calls $3
*** TURN *** [Qh 6s Jd] [2d]
babyblue115: bets $6
sim5sim5: calls $6
*** RIVER *** [Qh 6s Jd 2d] [Ks]
babyblue115: bets $6
sim5sim5: folds
Uncalled bet ($6) returned to babyblue115
babyblue115 collected $41.50 from pot
*** SUMMARY ***
Total pot $42 | Rake $0.50
Board [Qh 6s Jd 2d Ks]
Seat 1: babyblue115 (big blind) collected ($41.50)
Seat 3: sim5sim5 (button) (small blind) folded on the River


PokerStars Hand #170762113657:  Hold'em Limit ($3/$6 USD) - 2017/05/22 9:06:33 ET
Table 'Triglav' 6-max Seat #1 is the button
Seat 1: babyblue115 ($76.14 in chips)
Seat 3: sim5sim5 ($126.78 in chips)
babyblue115: posts small blind $1
sim5sim5: posts big blind $3
*** HOLE CARDS ***
babyblue115: folds
Uncalled bet ($2) returned to sim5sim5
sim5sim5 collected $2 from pot
sim5sim5: doesn't show hand
*** SUMMARY ***
Total pot $2 | Rake $0
Seat 1: babyblue115 (button) (small blind) folded before Flop
Seat 3: sim5sim5 (big blind) collected ($2)


PokerStars Hand #170762107887:  Hold'em Limit ($3/$6 USD) - 2017/05/22 9:06:22 ET
Table 'Triglav' 6-max Seat #3 is the button
Seat 1: babyblue115 ($82.14 in chips)
Seat 3: sim5sim5 ($121.02 in chips)
sim5sim5: posts small blind $1
babyblue115: posts big blind $3
*** HOLE CARDS ***
sim5sim5: raises $3 to $6
babyblue115: calls $3
*** FLOP *** [Js 7d 3d]
babyblue115: checks
sim5sim5: bets $3
babyblue115: folds
Uncalled bet ($3) returned to sim5sim5
sim5sim5 collected $11.76 from pot
sim5sim5: doesn't show hand
*** SUMMARY ***
Total pot $12 | Rake $0.24
Board [Js 7d 3d]
Seat 1: babyblue115 (big blind) folded on the Flop
Seat 3: sim5sim5 (button) (small blind) collected ($11.76)


PokerStars Hand #170762093771:  Hold'em Limit ($3/$6 USD) - 2017/05/22 9:05:55 ET
Table 'Triglav' 6-max Seat #1 is the button
Seat 1: babyblue115 ($103.14 in chips)
Seat 3: sim5sim5 ($100.52 in chips)
babyblue115: posts small blind $1
sim5sim5: posts big blind $3
*** HOLE CARDS ***
babyblue115: calls $2
sim5sim5: raises $3 to $6
babyblue115: calls $3
*** FLOP *** [2c As Ah]
sim5sim5: bets $3
babyblue115: calls $3
*** TURN *** [2c As Ah] [9h]
sim5sim5: checks
babyblue115: bets $6
sim5sim5: calls $6
*** RIVER *** [2c As Ah 9h] [9c]
sim5sim5: checks
babyblue115: bets $6
sim5sim5: raises $6 to $12
babyblue115: folds
Uncalled bet ($6) returned to sim5sim5
sim5sim5 collected $41.50 from pot
sim5sim5: doesn't show hand
*** SUMMARY ***
Total pot $42 | Rake $0.50
Board [2c As Ah 9h 9c]
Seat 1: babyblue115 (button) (small blind) folded on the River
Seat 3: sim5sim5 (big blind) collected ($41.50)


PokerStars Hand #170762146593:  Hold'em Limit ($3/$6 USD) - 2017/05/22 9:07:36 ET
Table 'Triglav' 6-max Seat #1 is the button
Seat 1: babyblue115 ($99.28 in chips)
Seat 3: sim5sim5 ($102.78 in chips)
babyblue115: posts small blind $1
sim5sim5: posts big blind $3
*** HOLE CARDS ***
babyblue115: calls $2
sim5sim5: raises $3 to $6
babyblue115: calls $3
*** FLOP *** [3c As 3d]
sim5sim5: bets $3
babyblue115: calls $3
*** TURN *** [3c As 3d] [Ac]
sim5sim5: checks
babyblue115: bets $6
sim5sim5: calls $6
*** RIVER *** [3c As 3d Ac] [Ad]
sim5sim5: checks
babyblue115: checks
*** SHOW DOWN ***
sim5sim5: shows [Js Kh] (a full house, Aces full of Threes)
babyblue115: shows [Kc 3s] (a full house, Aces full of Threes)
sim5sim5 collected $14.75 from pot
babyblue115 collected $14.75 from pot
*** SUMMARY ***
Total pot $30 | Rake $0.50
Board [3c As 3d Ac Ad]
Seat 1: babyblue115 (button) (small blind) showed [Kc 3s] and won ($14.75) with a full house, Aces full of Threes
Seat 3: sim5sim5 (big blind) showed [Js Kh] and won ($14.75) with a full house, Aces full of Threes


PokerStars Hand #170762143418:  Hold'em Limit ($3/$6 USD) - 2017/05/22 9:07:30 ET
Table 'Triglav' 6-max Seat #3 is the button
Seat 1: babyblue115 ($102.28 in chips)
Seat 3: sim5sim5 ($99.78 in chips)
sim5sim5: posts small blind $1
babyblue115: posts big blind $3
*** HOLE CARDS ***
sim5sim5: raises $3 to $6
babyblue115: folds
Uncalled bet ($3) returned to sim5sim5
sim5sim5 collected $6 from pot
sim5sim5: doesn't show hand
*** SUMMARY ***
Total pot $6 | Rake $0
Seat 1: babyblue115 (big blind) folded before Flop
Seat 3: sim5sim5 (button) (small blind) collected ($6)


PokerStars Hand #170762140457:  Hold'em Limit ($3/$6 USD) - 2017/05/22 9:07:24 ET
Table 'Triglav' 6-max Seat #1 is the button
Seat 1: babyblue115 ($103.28 in chips)
Seat 3: sim5sim5 ($98.78 in chips)
babyblue115: posts small blind $1
sim5sim5: posts big blind $3
*** HOLE CARDS ***
babyblue115: folds
Uncalled bet ($2) returned to sim5sim5
sim5sim5 collected $2 from pot
sim5sim5: doesn't show hand
*** SUMMARY ***
Total pot $2 | Rake $0
Seat 1: babyblue115 (button) (small blind) folded before Flop
Seat 3: sim5sim5 (big blind) collected ($2)


PokerStars Hand #170762131438:  Hold'em Limit ($3/$6 USD) - 2017/05/22 9:07:07 ET
Table 'Triglav' 6-max Seat #3 is the button
Seat 1: babyblue115 ($94.64 in chips)
Seat 3: sim5sim5 ($107.78 in chips)
sim5sim5: posts small blind $1
babyblue115: posts big blind $3
*** HOLE CARDS ***
sim5sim5: raises $3 to $6
babyblue115: calls $3
*** FLOP *** [Qd 7s 6s]
babyblue115: bets $3
sim5sim5: calls $3
*** TURN *** [Qd 7s 6s] [Ts]
babyblue115: bets $6
sim5sim5: folds
Uncalled bet ($6) returned to babyblue115
babyblue115 collected $17.64 from pot
*** SUMMARY ***
Total pot $18 | Rake $0.36
Board [Qd 7s 6s Ts]
Seat 1: babyblue115 (big blind) collected ($17.64)
Seat 3: sim5sim5 (button) (small blind) folded on the Turn


PokerStars Hand #170762192245:  Hold'em Limit ($3/$6 USD) - 2017/05/22 9:09:03 ET
Table 'Triglav' 6-max Seat #1 is the button
Seat 1: babyblue115 ($122.17 in chips)
Seat 3: sim5sim5 ($78.29 in chips)
babyblue115: posts small blind $1
sim5sim5: posts big blind $3
*** HOLE CARDS ***
babyblue115: folds
Uncalled bet ($2) returned to sim5sim5
sim5sim5 collected $2 from pot
sim5sim5: doesn't show hand
*** SUMMARY ***
Total pot $2 | Rake $0
Seat 1: babyblue115 (button) (small blind) folded before Flop
Seat 3: sim5sim5 (big blind) collected ($2)


PokerStars Hand #170762189506:  Hold'em Limit ($3/$6 USD) - 2017/05/22 9:08:58 ET
Table 'Triglav' 6-max Seat #3 is the button
Seat 1: babyblue115 ($121.17 in chips)
Seat 3: sim5sim5 ($79.29 in chips)
sim5sim5: posts small blind $1
babyblue115: posts big blind $3
*** HOLE CARDS ***
sim5sim5: folds
Uncalled bet ($2) returned to babyblue115
babyblue115 collected $2 from pot
*** SUMMARY ***
Total pot $2 | Rake $0
Seat 1: babyblue115 (big blind) collected ($2)
Seat 3: sim5sim5 (button) (small blind) folded before Flop


PokerStars Hand #170762175549:  Hold'em Limit ($3/$6 USD) - 2017/05/22 9:08:31 ET
Table 'Triglav' 6-max Seat #1 is the button
Seat 1: babyblue115 ($100.67 in chips)
Seat 3: sim5sim5 ($100.29 in chips)
babyblue115: posts small blind $1
sim5sim5: posts big blind $3
*** HOLE CARDS ***
babyblue115: raises $3 to $6
sim5sim5: calls $3
*** FLOP *** [6h 6s 7s]
sim5sim5: checks
babyblue115: bets $3
sim5sim5: calls $3
*** TURN *** [6h 6s 7s] [4c]
sim5sim5: checks
babyblue115: bets $6
sim5sim5: calls $6
*** RIVER *** [6h 6s 7s 4c] [Jd]
sim5sim5: checks
babyblue115: bets $6
sim5sim5: calls $6
*** SHOW DOWN ***
babyblue115: shows [5h 5c] (two pair, Sixes and Fives)
sim5sim5: mucks hand
babyblue115 collected $41.50 from pot
*** SUMMARY ***
Total pot $42 | Rake $0.50
Board [6h 6s 7s 4c Jd]
Seat 1: babyblue115 (button) (small blind) showed [5h 5c] and won ($41.50) with two pair, Sixes and Fives
Seat 3: sim5sim5 (big blind) mucked


PokerStars Hand #170762169396:  Hold'em Limit ($3/$6 USD) - 2017/05/22 9:08:19 ET
Table 'Triglav' 6-max Seat #3 is the button
Seat 1: babyblue115 ($106.67 in chips)
Seat 3: sim5sim5 ($94.53 in chips)
sim5sim5: posts small blind $1
babyblue115: posts big blind $3
*** HOLE CARDS ***
sim5sim5: raises $3 to $6
babyblue115: calls $3
*** FLOP *** [Jd Th 4c]
babyblue115: checks
sim5sim5: bets $3
babyblue115: folds
Uncalled bet ($3) returned to sim5sim5
sim5sim5 collected $11.76 from pot
sim5sim5: doesn't show hand
*** SUMMARY ***
Total pot $12 | Rake $0.24
Board [Jd Th 4c]
Seat 1: babyblue115 (big blind) folded on the Flop
Seat 3: sim5sim5 (button) (small blind) collected ($11.76)


PokerStars Hand #170762166594:  Hold'em Limit ($3/$6 USD) - 2017/05/22 9:08:14 ET
Table 'Triglav' 6-max Seat #1 is the button
Seat 1: babyblue115 ($107.67 in chips)
Seat 3: sim5sim5 ($93.53 in chips)
babyblue115: posts small blind $1
sim5sim5: posts big blind $3
*** HOLE CARDS ***
babyblue115: folds
Uncalled bet ($2) returned to sim5sim5
sim5sim5 collected $2 from pot
sim5sim5: doesn't show hand
*** SUMMARY ***
Total pot $2 | Rake $0
Seat 1: babyblue115 (button) (small blind) folded before Flop
Seat 3: sim5sim5 (big blind) collected ($2)


PokerStars Hand #170762159534:  Hold'em Limit ($3/$6 USD) - 2017/05/22 9:08:00 ET
Table 'Triglav' 6-max Seat #3 is the button
Seat 1: babyblue115 ($99.03 in chips)
Seat 3: sim5sim5 ($102.53 in chips)
sim5sim5: posts small blind $1
babyblue115: posts big blind $3
*** HOLE CARDS ***
sim5sim5: raises $3 to $6
babyblue115: calls $3
*** FLOP *** [5d Qd 3d]
babyblue115: checks
sim5sim5: bets $3
babyblue115: raises $3 to $6
sim5sim5: folds
Uncalled bet ($3) returned to babyblue115
babyblue115 collected $17.64 from pot
*** SUMMARY ***
Total pot $18 | Rake $0.36
Board [5d Qd 3d]
Seat 1: babyblue115 (big blind) collected ($17.64)
Seat 3: sim5sim5 (button) (small blind) folded on the Flop


PokerStars Hand #170762218412:  Hold'em Limit ($3/$6 USD) - 2017/05/22 9:09:53 ET
Table 'Triglav' 6-max Seat #3 is the button
Seat 1: babyblue115 ($131.67 in chips)
Seat 3: sim5sim5 ($78.88 in chips)
sim5sim5: posts small blind $1
babyblue115: posts big blind $3
*** HOLE CARDS ***
sim5sim5: raises $3 to $6
babyblue115: calls $3
*** FLOP *** [4c 9d 5d]
babyblue115: checks
sim5sim5: bets $3
babyblue115: calls $3
*** TURN *** [4c 9d 5d] [Ks]
babyblue115: bets $6
sim5sim5: folds
Uncalled bet ($6) returned to babyblue115
babyblue115 collected $17.64 from pot
*** SUMMARY ***
Total pot $18 | Rake $0.36
Board [4c 9d 5d Ks]
Seat 1: babyblue115 (big blind) collected ($17.64)
Seat 3: sim5sim5 (button) (small blind) folded on the Turn


PokerStars Hand #170762212476:  Hold'em Limit ($3/$6 USD) - 2017/05/22 9:09:41 ET
Table 'Triglav' 6-max Seat #1 is the button
Seat 1: babyblue115 ($134.67 in chips)
Seat 3: sim5sim5 ($76 in chips)
babyblue115: posts small blind $1
sim5sim5: posts big blind $3
*** HOLE CARDS ***
babyblue115: calls $2
sim5sim5: checks
*** FLOP *** [Ks 7h Kd]
sim5sim5: bets $3
babyblue115: folds
Uncalled bet ($3) returned to sim5sim5
sim5sim5 collected $5.88 from pot
sim5sim5: doesn't show hand
*** SUMMARY ***
Total pot $6 | Rake $0.12
Board [Ks 7h Kd]
Seat 1: babyblue115 (button) (small blind) folded on the Flop
Seat 3: sim5sim5 (big blind) collected ($5.88)


PokerStars Hand #170762209130:  Hold'em Limit ($3/$6 USD) - 2017/05/22 9:09:35 ET
Table 'Triglav' 6-max Seat #3 is the button
Seat 1: babyblue115 ($137.67 in chips)
Seat 3: sim5sim5 ($73 in chips)
sim5sim5: posts small blind $1
babyblue115: posts big blind $3
*** HOLE CARDS ***
sim5sim5: raises $3 to $6
babyblue115: folds
Uncalled bet ($3) returned to sim5sim5
sim5sim5 collected $6 from pot
sim5sim5: doesn't show hand
*** SUMMARY ***
Total pot $6 | Rake $0
Seat 1: babyblue115 (big blind) folded before Flop
Seat 3: sim5sim5 (button) (small blind) collected ($6)


PokerStars Hand #170762206078:  Hold'em Limit ($3/$6 USD) - 2017/05/22 9:09:29 ET
Table 'Triglav' 6-max Seat #1 is the button
Seat 1: babyblue115 ($138.67 in chips)
Seat 3: sim5sim5 ($72 in chips)
babyblue115: posts small blind $1
sim5sim5: posts big blind $3
*** HOLE CARDS ***
babyblue115: folds
Uncalled bet ($2) returned to sim5sim5
sim5sim5 collected $2 from pot
sim5sim5: doesn't show hand
*** SUMMARY ***
Total pot $2 | Rake $0
Seat 1: babyblue115 (button) (small blind) folded before Flop
Seat 3: sim5sim5 (big blind) collected ($2)


PokerStars Hand #170762195536:  Hold'em Limit ($3/$6 USD) - 2017/05/22 9:09:09 ET
Table 'Triglav' 6-max Seat #3 is the button
Seat 1: babyblue115 ($121.17 in chips)
Seat 3: sim5sim5 ($79.29 in chips)
sim5sim5: posts small blind $1
babyblue115: posts big blind $3
*** HOLE CARDS ***
sim5sim5: raises $3 to $6
babyblue115: raises $3 to $9
sim5sim5: calls $3
*** FLOP *** [6h 7h 4s]
babyblue115: bets $3
sim5sim5: calls $3
*** TURN *** [6h 7h 4s] [7d]
babyblue115: bets $6
sim5sim5: calls $6
*** RIVER *** [6h 7h 4s 7d] [Kh]
babyblue115: bets $6
sim5sim5: folds
Uncalled bet ($6) returned to babyblue115
babyblue115 collected $35.50 from pot
*** SUMMARY ***
Total pot $36 | Rake $0.50
Board [6h 7h 4s 7d Kh]
Seat 1: babyblue115 (big blind) collected ($35.50)
Seat 3: sim5sim5 (button) (small blind) folded on the River


PokerStars Hand #170762256346:  Hold'em Limit ($3/$6 USD) - 2017/05/22 9:11:05 ET
Table 'Triglav' 6-max Seat #3 is the button
Seat 1: babyblue115 ($147.83 in chips)
Seat 3: sim5sim5 ($74.76 in chips)
sim5sim5: posts small blind $1
babyblue115: posts big blind $3
*** HOLE CARDS ***
sim5sim5: raises $3 to $6
babyblue115: folds
Uncalled bet ($3) returned to sim5sim5
sim5sim5 collected $6 from pot
sim5sim5: doesn't show hand
*** SUMMARY ***
Total pot $6 | Rake $0
Seat 1: babyblue115 (big blind) folded before Flop
Seat 3: sim5sim5 (button) (small blind) collected ($6)


PokerStars Hand #170762252856:  Hold'em Limit ($3/$6 USD) - 2017/05/22 9:10:59 ET
Table 'Triglav' 6-max Seat #1 is the button
Seat 1: babyblue115 ($144.83 in chips)
Seat 3: sim5sim5 ($77.76 in chips)
babyblue115: posts small blind $1
sim5sim5: posts big blind $3
*** HOLE CARDS ***
babyblue115: raises $3 to $6
sim5sim5: folds
Uncalled bet ($3) returned to babyblue115
babyblue115 collected $6 from pot
*** SUMMARY ***
Total pot $6 | Rake $0
Seat 1: babyblue115 (button) (small blind) collected ($6)
Seat 3: sim5sim5 (big blind) folded before Flop


PokerStars Hand #170762246983:  Hold'em Limit ($3/$6 USD) - 2017/05/22 9:10:47 ET
Table 'Triglav' 6-max Seat #3 is the button
Seat 1: babyblue115 ($150.83 in chips)
Seat 3: sim5sim5 ($72 in chips)
sim5sim5: posts small blind $1
babyblue115: posts big blind $3
*** HOLE CARDS ***
sim5sim5: raises $3 to $6
babyblue115: calls $3
*** FLOP *** [4c 2h 8d]
babyblue115: checks
sim5sim5: bets $3
babyblue115: folds
Uncalled bet ($3) returned to sim5sim5
sim5sim5 collected $11.76 from pot
sim5sim5: doesn't show hand
*** SUMMARY ***
Total pot $12 | Rake $0.24
Board [4c 2h 8d]
Seat 1: babyblue115 (big blind) folded on the Flop
Seat 3: sim5sim5 (button) (small blind) collected ($11.76)


PokerStars Hand #170762240262:  Hold'em Limit ($3/$6 USD) - 2017/05/22 9:10:35 ET
Table 'Triglav' 6-max Seat #1 is the button
Seat 1: babyblue115 ($147.95 in chips)
Seat 3: sim5sim5 ($72 in chips)
babyblue115: posts small blind $1
sim5sim5: posts big blind $3
*** HOLE CARDS ***
babyblue115: calls $2
sim5sim5: checks
*** FLOP *** [Ks 3d 4d]
sim5sim5: checks
babyblue115: bets $3
sim5sim5: folds
Uncalled bet ($3) returned to babyblue115
babyblue115 collected $5.88 from pot
*** SUMMARY ***
Total pot $6 | Rake $0.12
Board [Ks 3d 4d]
Seat 1: babyblue115 (button) (small blind) collected ($5.88)
Seat 3: sim5sim5 (big blind) folded on the Flop


PokerStars Hand #170762230637:  Hold'em Limit ($3/$6 USD) - 2017/05/22 9:10:16 ET
Table 'Triglav' 6-max Seat #3 is the button
Seat 1: babyblue115 ($139.31 in chips)
Seat 3: sim5sim5 ($73 in chips)
sim5sim5: posts small blind $1
babyblue115: posts big blind $3
*** HOLE CARDS ***
sim5sim5: raises $3 to $6
babyblue115: calls $3
*** FLOP *** [8c As 9h]
babyblue115: checks
sim5sim5: bets $3
babyblue115: calls $3
*** TURN *** [8c As 9h] [2d]
babyblue115: checks
sim5sim5: checks
*** RIVER *** [8c As 9h 2d] [6s]
babyblue115: bets $6
sim5sim5: folds
Uncalled bet ($6) returned to babyblue115
babyblue115 collected $17.64 from pot
*** SUMMARY ***
Total pot $18 | Rake $0.36
Board [8c As 9h 2d 6s]
Seat 1: babyblue115 (big blind) collected ($17.64)
Seat 3: sim5sim5 (button) (small blind) folded on the River


PokerStars Hand #170762228041:  Hold'em Limit ($3/$6 USD) - 2017/05/22 9:10:11 ET
Table 'Triglav' 6-max Seat #1 is the button
Seat 1: babyblue115 ($140.31 in chips)
Seat 3: sim5sim5 ($72 in chips)
babyblue115: posts small blind $1
sim5sim5: posts big blind $3
*** HOLE CARDS ***
babyblue115: folds
Uncalled bet ($2) returned to sim5sim5
sim5sim5 collected $2 from pot
sim5sim5: doesn't show hand
*** SUMMARY ***
Total pot $2 | Rake $0
Seat 1: babyblue115 (button) (small blind) folded before Flop
Seat 3: sim5sim5 (big blind) collected ($2)


PokerStars Hand #170762282295:  Hold'em Limit ($3/$6 USD) - 2017/05/22 9:11:55 ET
Table 'Triglav' 6-max Seat #1 is the button
Seat 1: babyblue115 ($144.71 in chips)
Seat 3: sim5sim5 ($77.76 in chips)
babyblue115: posts small blind $1
sim5sim5: posts big blind $3
*** HOLE CARDS ***
babyblue115: raises $3 to $6
sim5sim5: folds
Uncalled bet ($3) returned to babyblue115
babyblue115 collected $6 from pot
*** SUMMARY ***
Total pot $6 | Rake $0
Seat 1: babyblue115 (button) (small blind) collected ($6)
Seat 3: sim5sim5 (big blind) folded before Flop


PokerStars Hand #170762279473:  Hold'em Limit ($3/$6 USD) - 2017/05/22 9:11:50 ET
Table 'Triglav' 6-max Seat #3 is the button
Seat 1: babyblue115 ($143.71 in chips)
Seat 3: sim5sim5 ($78.76 in chips)
sim5sim5: posts small blind $1
babyblue115: posts big blind $3
*** HOLE CARDS ***
sim5sim5: folds
Uncalled bet ($2) returned to babyblue115
babyblue115 collected $2 from pot
*** SUMMARY ***
Total pot $2 | Rake $0
Seat 1: babyblue115 (big blind) collected ($2)
Seat 3: sim5sim5 (button) (small blind) folded before Flop


PokerStars Hand #170762276789:  Hold'em Limit ($3/$6 USD) - 2017/05/22 9:11:44 ET
Table 'Triglav' 6-max Seat #1 is the button
Seat 1: babyblue115 ($144.71 in chips)
Seat 3: sim5sim5 ($77.76 in chips)
babyblue115: posts small blind $1
sim5sim5: posts big blind $3
*** HOLE CARDS ***
babyblue115: folds
Uncalled bet ($2) returned to sim5sim5
sim5sim5 collected $2 from pot
sim5sim5: doesn't show hand
*** SUMMARY ***
Total pot $2 | Rake $0
Seat 1: babyblue115 (button) (small blind) folded before Flop
Seat 3: sim5sim5 (big blind) collected ($2)


PokerStars Hand #170762273339:  Hold'em Limit ($3/$6 USD) - 2017/05/22 9:11:38 ET
Table 'Triglav' 6-max Seat #3 is the button
Seat 1: babyblue115 ($147.71 in chips)
Seat 3: sim5sim5 ($74.76 in chips)
sim5sim5: posts small blind $1
babyblue115: posts big blind $3
*** HOLE CARDS ***
sim5sim5: raises $3 to $6
babyblue115: folds
Uncalled bet ($3) returned to sim5sim5
sim5sim5 collected $6 from pot
sim5sim5: doesn't show hand
*** SUMMARY ***
Total pot $6 | Rake $0
Seat 1: babyblue115 (big blind) folded before Flop
Seat 3: sim5sim5 (button) (small blind) collected ($6)


PokerStars Hand #170762267295:  Hold'em Limit ($3/$6 USD) - 2017/05/22 9:11:26 ET
Table 'Triglav' 6-max Seat #1 is the button
Seat 1: babyblue115 ($144.83 in chips)
Seat 3: sim5sim5 ($77.76 in chips)
babyblue115: posts small blind $1
sim5sim5: posts big blind $3
*** HOLE CARDS ***
babyblue115: calls $2
sim5sim5: checks
*** FLOP *** [Kc Ah Tc]
sim5sim5: checks
babyblue115: bets $3
sim5sim5: folds
Uncalled bet ($3) returned to babyblue115
babyblue115 collected $5.88 from pot
*** SUMMARY ***
Total pot $6 | Rake $0.12
Board [Kc Ah Tc]
Seat 1: babyblue115 (button) (small blind) collected ($5.88)
Seat 3: sim5sim5 (big blind) folded on the Flop


PokerStars Hand #170762263715:  Hold'em Limit ($3/$6 USD) - 2017/05/22 9:11:20 ET
Table 'Triglav' 6-max Seat #3 is the button
Seat 1: babyblue115 ($147.83 in chips)
Seat 3: sim5sim5 ($74.76 in chips)
sim5sim5: posts small blind $1
babyblue115: posts big blind $3
*** HOLE CARDS ***
sim5sim5: raises $3 to $6
babyblue115: folds
Uncalled bet ($3) returned to sim5sim5
sim5sim5 collected $6 from pot
sim5sim5: doesn't show hand
*** SUMMARY ***
Total pot $6 | Rake $0
Seat 1: babyblue115 (big blind) folded before Flop
Seat 3: sim5sim5 (button) (small blind) collected ($6)


PokerStars Hand #170762260032:  Hold'em Limit ($3/$6 USD) - 2017/05/22 9:11:13 ET
Table 'Triglav' 6-max Seat #1 is the button
Seat 1: babyblue115 ($144.83 in chips)
Seat 3: sim5sim5 ($77.76 in chips)
babyblue115: posts small blind $1
sim5sim5: posts big blind $3
*** HOLE CARDS ***
babyblue115: raises $3 to $6
sim5sim5: folds
Uncalled bet ($3) returned to babyblue115
babyblue115 collected $6 from pot
*** SUMMARY ***
Total pot $6 | Rake $0
Seat 1: babyblue115 (button) (small blind) collected ($6)
Seat 3: sim5sim5 (big blind) folded before Flop


PokerStars Hand #170762317252:  Hold'em Limit ($3/$6 USD) - 2017/05/22 9:13:01 ET
Table 'Triglav' 6-max Seat #3 is the button
Seat 1: babyblue115 ($131.46 in chips)
Seat 3: sim5sim5 ($89.91 in chips)
sim5sim5: posts small blind $1
babyblue115: posts big blind $3
*** HOLE CARDS ***
sim5sim5: raises $3 to $6
babyblue115: folds
Uncalled bet ($3) returned to sim5sim5
sim5sim5 collected $6 from pot
sim5sim5: doesn't show hand
*** SUMMARY ***
Total pot $6 | Rake $0
Seat 1: babyblue115 (big blind) folded before Flop
Seat 3: sim5sim5 (button) (small blind) collected ($6)


PokerStars Hand #170762308705:  Hold'em Limit ($3/$6 USD) - 2017/05/22 9:12:45 ET
Table 'Triglav' 6-max Seat #1 is the button
Seat 1: babyblue115 ($140.46 in chips)
Seat 3: sim5sim5 ($81.27 in chips)
babyblue115: posts small blind $1
sim5sim5: posts big blind $3
*** HOLE CARDS ***
babyblue115: raises $3 to $6
sim5sim5: calls $3
*** FLOP *** [6h Kd 6d]
sim5sim5: checks
babyblue115: bets $3
sim5sim5: raises $3 to $6
babyblue115: folds
Uncalled bet ($3) returned to sim5sim5
sim5sim5 collected $17.64 from pot
sim5sim5: doesn't show hand
*** SUMMARY ***
Total pot $18 | Rake $0.36
Board [6h Kd 6d]
Seat 1: babyblue115 (button) (small blind) folded on the Flop
Seat 3: sim5sim5 (big blind) collected ($17.64)


PokerStars Hand #170762303370:  Hold'em Limit ($3/$6 USD) - 2017/05/22 9:12:35 ET
Table 'Triglav' 6-max Seat #3 is the button
Seat 1: babyblue115 ($146.46 in chips)
Seat 3: sim5sim5 ($75.51 in chips)
sim5sim5: posts small blind $1
babyblue115: posts big blind $3
*** HOLE CARDS ***
sim5sim5: raises $3 to $6
babyblue115: calls $3
*** FLOP *** [6s 3d Qc]
babyblue115: checks
sim5sim5: bets $3
babyblue115: folds
Uncalled bet ($3) returned to sim5sim5
sim5sim5 collected $11.76 from pot
sim5sim5: doesn't show hand
*** SUMMARY ***
Total pot $12 | Rake $0.24
Board [6s 3d Qc]
Seat 1: babyblue115 (big blind) folded on the Flop
Seat 3: sim5sim5 (button) (small blind) collected ($11.76)


PokerStars Hand #170762300216:  Hold'em Limit ($3/$6 USD) - 2017/05/22 9:12:29 ET
Table 'Triglav' 6-max Seat #1 is the button
Seat 1: babyblue115 ($147.46 in chips)
Seat 3: sim5sim5 ($74.51 in chips)
babyblue115: posts small blind $1
sim5sim5: posts big blind $3
*** HOLE CARDS ***
babyblue115: folds
Uncalled bet ($2) returned to sim5sim5
sim5sim5 collected $2 from pot
sim5sim5: doesn't show hand
*** SUMMARY ***
Total pot $2 | Rake $0
Seat 1: babyblue115 (button) (small blind) folded before Flop
Seat 3: sim5sim5 (big blind) collected ($2)


PokerStars Hand #170762285918:  Hold'em Limit ($3/$6 USD) - 2017/05/22 9:12:02 ET
Table 'Triglav' 6-max Seat #3 is the button
Seat 1: babyblue115 ($147.71 in chips)
Seat 3: sim5sim5 ($74.76 in chips)
sim5sim5: posts small blind $1
babyblue115: posts big blind $3
*** HOLE CARDS ***
sim5sim5: raises $3 to $6
babyblue115: calls $3
*** FLOP *** [9h 8s Kh]
babyblue115: checks
sim5sim5: bets $3
babyblue115: calls $3
*** TURN *** [9h 8s Kh] [Qs]
babyblue115: checks
sim5sim5: checks
*** RIVER *** [9h 8s Kh Qs] [Js]
babyblue115: bets $6
sim5sim5: raises $6 to $12
babyblue115: calls $6
*** SHOW DOWN ***
sim5sim5: shows [9d Ts] (a straight, Nine to King)
babyblue115: shows [Tc 8d] (a straight, Nine to King)
babyblue115 collected $20.75 from pot
sim5sim5 collected $20.75 from pot
*** SUMMARY ***
Total pot $42 | Rake $0.50
Board [9h 8s Kh Qs Js]
Seat 1: babyblue115 (big blind) showed [Tc 8d] and won ($20.75) with a straight, Nine to King
Seat 3: sim5sim5 (button) (small blind) showed [9d Ts] and won ($20.75) with a straight, Nine to King


PokerStars Hand #170762335936:  Hold'em Limit ($3/$6 USD) - 2017/05/22 9:13:36 ET
Table 'Triglav' 6-max Seat #1 is the button
Seat 1: babyblue115 ($134.10 in chips)
Seat 3: sim5sim5 ($86.91 in chips)
babyblue115: posts small blind $1
sim5sim5: posts big blind $3
*** HOLE CARDS ***
babyblue115: calls $2
sim5sim5: raises $3 to $6
babyblue115: calls $3
*** FLOP *** [5c 8c Tc]
sim5sim5: bets $3
babyblue115: calls $3
*** TURN *** [5c 8c Tc] [5h]
sim5sim5: bets $6
babyblue115: raises $6 to $12
sim5sim5: calls $6
*** RIVER *** [5c 8c Tc 5h] [7c]
sim5sim5: checks
babyblue115: bets $6
sim5sim5: folds
Uncalled bet ($6) returned to babyblue115
babyblue115 collected $41.50 from pot
*** SUMMARY ***
Total pot $42 | Rake $0.50
Board [5c 8c Tc 5h 7c]
Seat 1: babyblue115 (button) (small blind) collected ($41.50)
Seat 3: sim5sim5 (big blind) folded on the River


PokerStars Hand #170762332825:  Hold'em Limit ($3/$6 USD) - 2017/05/22 9:13:30 ET
Table 'Triglav' 6-max Seat #3 is the button
Seat 1: babyblue115 ($137.10 in chips)
Seat 3: sim5sim5 ($83.91 in chips)
sim5sim5: posts small blind $1
babyblue115: posts big blind $3
*** HOLE CARDS ***
sim5sim5: raises $3 to $6
babyblue115: folds
Uncalled bet ($3) returned to sim5sim5
sim5sim5 collected $6 from pot
sim5sim5: doesn't show hand
*** SUMMARY ***
Total pot $6 | Rake $0
Seat 1: babyblue115 (big blind) folded before Flop
Seat 3: sim5sim5 (button) (small blind) collected ($6)


PokerStars Hand #170762320705:  Hold'em Limit ($3/$6 USD) - 2017/05/22 9:13:07 ET
Table 'Triglav' 6-max Seat #1 is the button
Seat 1: babyblue115 ($128.46 in chips)
Seat 3: sim5sim5 ($92.91 in chips)
babyblue115: posts small blind $1
sim5sim5: posts big blind $3
*** HOLE CARDS ***
babyblue115: raises $3 to $6
sim5sim5: calls $3
*** FLOP *** [6h As Td]
sim5sim5: checks
babyblue115: bets $3
sim5sim5: calls $3
*** TURN *** [6h As Td] [Js]
sim5sim5: checks
babyblue115: bets $6
sim5sim5: folds
Uncalled bet ($6) returned to babyblue115
babyblue115 collected $17.64 from pot
*** SUMMARY ***
Total pot $18 | Rake $0.36
Board [6h As Td Js]
Seat 1: babyblue115 (button) (small blind) collected ($17.64)
Seat 3: sim5sim5 (big blind) folded on the Turn


PokerStars Hand #170762372323:  Hold'em Limit ($3/$6 USD) - 2017/05/22 9:14:44 ET
Table 'Triglav' 6-max Seat #3 is the button
Seat 1: babyblue115 ($157.12 in chips)
Seat 3: sim5sim5 ($80.64 in chips)
sim5sim5: posts small blind $1
babyblue115: posts big blind $3
*** HOLE CARDS ***
sim5sim5: raises $3 to $6
babyblue115: calls $3
*** FLOP *** [Td Ts 5h]
babyblue115: checks
sim5sim5: bets $3
babyblue115: folds
Uncalled bet ($3) returned to sim5sim5
sim5sim5 collected $11.76 from pot
sim5sim5: doesn't show hand
*** SUMMARY ***
Total pot $12 | Rake $0.24
Board [Td Ts 5h]
Seat 1: babyblue115 (big blind) folded on the Flop
Seat 3: sim5sim5 (button) (small blind) collected ($11.76)


PokerStars Hand #170762361910:  Hold'em Limit ($3/$6 USD) - 2017/05/22 9:14:25 ET
Table 'Triglav' 6-max Seat #1 is the button
Seat 1: babyblue115 ($166.12 in chips)
Seat 3: sim5sim5 ($72 in chips)
babyblue115: posts small blind $1
sim5sim5: posts big blind $3
*** HOLE CARDS ***
babyblue115: calls $2
sim5sim5: checks
*** FLOP *** [As 6s Qc]
sim5sim5: checks
babyblue115: bets $3
sim5sim5: raises $3 to $6
babyblue115: calls $3
*** TURN *** [As 6s Qc] [8d]
sim5sim5: bets $6
babyblue115: folds
Uncalled bet ($6) returned to sim5sim5
sim5sim5 collected $17.64 from pot
sim5sim5: doesn't show hand
*** SUMMARY ***
Total pot $18 | Rake $0.36
Board [As 6s Qc 8d]
Seat 1: babyblue115 (button) (small blind) folded on the Turn
Seat 3: sim5sim5 (big blind) collected ($17.64)


PokerStars Hand #170762348982:  Hold'em Limit ($3/$6 USD) - 2017/05/22 9:14:01 ET
Table 'Triglav' 6-max Seat #3 is the button
Seat 1: babyblue115 ($154.60 in chips)
Seat 3: sim5sim5 ($72 in chips)
sim5sim5: posts small blind $1
babyblue115: posts big blind $3
*** HOLE CARDS ***
sim5sim5: raises $3 to $6
babyblue115: calls $3
*** FLOP *** [6d 7d 2s]
babyblue115: checks
sim5sim5: bets $3
babyblue115: raises $3 to $6
sim5sim5: calls $3
*** TURN *** [6d 7d 2s] [Ks]
babyblue115: bets $6
sim5sim5: folds
Uncalled bet ($6) returned to babyblue115
babyblue115 collected $23.52 from pot
*** SUMMARY ***
Total pot $24 | Rake $0.48
Board [6d 7d 2s Ks]
Seat 1: babyblue115 (big blind) collected ($23.52)
Seat 3: sim5sim5 (button) (small blind) folded on the Turn


PokerStars Hand #170762401249:  Hold'em Limit ($3/$6 USD) - 2017/05/22 9:15:39 ET
Table 'Triglav' 6-max Seat #1 is the button
Seat 1: babyblue115 ($165.52 in chips)
Seat 3: sim5sim5 ($72 in chips)
babyblue115: posts small blind $1
sim5sim5: posts big blind $3
*** HOLE CARDS ***
babyblue115: calls $2
sim5sim5: checks
*** FLOP *** [8s 3d Ah]
sim5sim5: checks
babyblue115: bets $3
sim5sim5: calls $3
*** TURN *** [8s 3d Ah] [Ad]
sim5sim5: checks
babyblue115: checks
*** RIVER *** [8s 3d Ah Ad] [7c]
sim5sim5: bets $6
babyblue115: calls $6
*** SHOW DOWN ***
sim5sim5: shows [3h Kd] (two pair, Aces and Threes)
babyblue115: mucks hand
sim5sim5 collected $23.52 from pot
*** SUMMARY ***
Total pot $24 | Rake $0.48
Board [8s 3d Ah Ad 7c]
Seat 1: babyblue115 (button) (small blind) mucked
Seat 3: sim5sim5 (big blind) showed [3h Kd] and won ($23.52) with two pair, Aces and Threes


PokerStars Hand #170762379608:  Hold'em Limit ($3/$6 USD) - 2017/05/22 9:14:58 ET
Table 'Triglav' 6-max Seat #1 is the button
Seat 1: babyblue115 ($151.12 in chips)
Seat 3: sim5sim5 ($86.40 in chips)
babyblue115: posts small blind $1
sim5sim5: posts big blind $3
*** HOLE CARDS ***
babyblue115: raises $3 to $6
sim5sim5: calls $3
*** FLOP *** [Kc Qd Qs]
sim5sim5: checks
babyblue115: bets $3
sim5sim5: folds
Uncalled bet ($3) returned to babyblue115
babyblue115 collected $11.76 from pot
*** SUMMARY ***
Total pot $12 | Rake $0.24
Board [Kc Qd Qs]
Seat 1: babyblue115 (button) (small blind) collected ($11.76)
Seat 3: sim5sim5 (big blind) folded on the Flop


PokerStars Hand #170762389192:  Hold'em Limit ($3/$6 USD) - 2017/05/22 9:15:16 ET
Table 'Triglav' 6-max Seat #3 is the button
Seat 1: babyblue115 ($156.88 in chips)
Seat 3: sim5sim5 ($80.40 in chips)
sim5sim5: posts small blind $1
babyblue115: posts big blind $3
*** HOLE CARDS ***
sim5sim5: raises $3 to $6
babyblue115: calls $3
*** FLOP *** [7s Ac 8c]
babyblue115: checks
sim5sim5: bets $3
babyblue115: calls $3
*** TURN *** [7s Ac 8c] [Kd]
babyblue115: checks
sim5sim5: checks
*** RIVER *** [7s Ac 8c Kd] [9c]
babyblue115: bets $6
sim5sim5: folds
Uncalled bet ($6) returned to babyblue115
babyblue115 collected $17.64 from pot
*** SUMMARY ***
Total pot $18 | Rake $0.36
Board [7s Ac 8c Kd 9c]
Seat 1: babyblue115 (big blind) collected ($17.64)
Seat 3: sim5sim5 (button) (small blind) folded on the River


PokerStars Hand #170762414132:  Hold'em Limit ($3/$6 USD) - 2017/05/22 9:16:03 ET
Table 'Triglav' 6-max Seat #3 is the button
Seat 1: babyblue115 ($153.52 in chips)
Seat 3: sim5sim5 ($83.52 in chips)
sim5sim5: posts small blind $1
babyblue115: posts big blind $3
*** HOLE CARDS ***
sim5sim5: raises $3 to $6
babyblue115: calls $3
*** FLOP *** [4h 2s 8h]
babyblue115: checks
sim5sim5: bets $3
babyblue115: calls $3
*** TURN *** [4h 2s 8h] [Ah]
babyblue115: checks
sim5sim5: bets $6
babyblue115: raises $6 to $12
sim5sim5: calls $6
*** RIVER *** [4h 2s 8h Ah] [6d]
babyblue115: bets $6
sim5sim5: calls $6
*** SHOW DOWN ***
babyblue115: shows [Ac 3d] (a pair of Aces)
sim5sim5: mucks hand
babyblue115 collected $53.50 from pot
*** SUMMARY ***
Total pot $54 | Rake $0.50
Board [4h 2s 8h Ah 6d]
Seat 1: babyblue115 (big blind) showed [Ac 3d] and won ($53.50) with a pair of Aces
Seat 3: sim5sim5 (button) (small blind) mucked


PokerStars Hand #170762430317:  Hold'em Limit ($3/$6 USD) - 2017/05/22 9:16:33 ET
Table 'Triglav' 6-max Seat #1 is the button
Seat 1: babyblue115 ($180.02 in chips)
Seat 3: sim5sim5 ($72 in chips)
babyblue115: posts small blind $1
sim5sim5: posts big blind $3
*** HOLE CARDS ***
babyblue115: folds
Uncalled bet ($2) returned to sim5sim5
sim5sim5 collected $2 from pot
sim5sim5: doesn't show hand
*** SUMMARY ***
Total pot $2 | Rake $0
Seat 1: babyblue115 (button) (small blind) folded before Flop
Seat 3: sim5sim5 (big blind) collected ($2)


PokerStars Hand #170762432893:  Hold'em Limit ($3/$6 USD) - 2017/05/22 9:16:38 ET
Table 'Triglav' 6-max Seat #3 is the button
Seat 1: babyblue115 ($179.02 in chips)
Seat 3: sim5sim5 ($73 in chips)
sim5sim5: posts small blind $1
babyblue115: posts big blind $3
*** HOLE CARDS ***
sim5sim5: raises $3 to $6
babyblue115: calls $3
*** FLOP *** [9c 5d Qh]
babyblue115: checks
sim5sim5: bets $3
babyblue115: calls $3
*** TURN *** [9c 5d Qh] [3c]
babyblue115: checks
sim5sim5: bets $6
babyblue115: calls $6
*** RIVER *** [9c 5d Qh 3c] [7h]
babyblue115: checks
sim5sim5: checks
*** SHOW DOWN ***
babyblue115: shows [5s Tc] (a pair of Fives)
sim5sim5: mucks hand
babyblue115 collected $29.50 from pot
*** SUMMARY ***
Total pot $30 | Rake $0.50
Board [9c 5d Qh 3c 7h]
Seat 1: babyblue115 (big blind) showed [5s Tc] and won ($29.50) with a pair of Fives
Seat 3: sim5sim5 (button) (small blind) mucked


PokerStars Hand #170762482167:  Hold'em Limit ($3/$6 USD) - 2017/05/22 9:18:07 ET
Table 'Triglav' 6-max Seat #1 is the button
Seat 1: babyblue115 ($185.04 in chips)
Seat 3: sim5sim5 ($92.26 in chips)
babyblue115: posts small blind $1
sim5sim5: posts big blind $3
*** HOLE CARDS ***
babyblue115: folds
Uncalled bet ($2) returned to sim5sim5
sim5sim5 collected $2 from pot
sim5sim5: doesn't show hand
*** SUMMARY ***
Total pot $2 | Rake $0
Seat 1: babyblue115 (button) (small blind) folded before Flop
Seat 3: sim5sim5 (big blind) collected ($2)


PokerStars Hand #170762468447:  Hold'em Limit ($3/$6 USD) - 2017/05/22 9:17:45 ET
Table 'Triglav' 6-max Seat #3 is the button
Seat 1: babyblue115 ($200.04 in chips)
Seat 3: sim5sim5 ($77.76 in chips)
sim5sim5: posts small blind $1
babyblue115: posts big blind $3
*** HOLE CARDS ***
sim5sim5: raises $3 to $6
babyblue115: calls $3
*** FLOP *** [Js 8c 8d]
babyblue115: checks
sim5sim5: bets $3
babyblue115: calls $3
*** TURN *** [Js 8c 8d] [6h]
babyblue115: checks
sim5sim5: bets $6
babyblue115: calls $6
*** RIVER *** [Js 8c 8d 6h] [7s]
babyblue115: checks
sim5sim5: bets $6
babyblue115: folds
Uncalled bet ($6) returned to sim5sim5
sim5sim5 collected $29.50 from pot
sim5sim5: doesn't show hand
*** SUMMARY ***
Total pot $30 | Rake $0.50
Board [Js 8c 8d 6h 7s]
Seat 1: babyblue115 (big blind) folded on the River
Seat 3: sim5sim5 (button) (small blind) collected ($29.50)


PokerStars Hand #170762458228:  Hold'em Limit ($3/$6 USD) - 2017/05/22 9:17:26 ET
Table 'Triglav' 6-max Seat #3 is the button
Seat 1: babyblue115 ($205.04 in chips)
Seat 3: sim5sim5 ($72 in chips)
sim5sim5: posts small blind $1
babyblue115: posts big blind $3
*** HOLE CARDS ***
sim5sim5: folds
Uncalled bet ($2) returned to babyblue115
babyblue115 collected $2 from pot
*** SUMMARY ***
Total pot $2 | Rake $0
Seat 1: babyblue115 (big blind) collected ($2)
Seat 3: sim5sim5 (button) (small blind) folded before Flop


PokerStars Hand #170762446241:  Hold'em Limit ($3/$6 USD) - 2017/05/22 9:17:03 ET
Table 'Triglav' 6-max Seat #1 is the button
Seat 1: babyblue115 ($193.52 in chips)
Seat 3: sim5sim5 ($72 in chips)
babyblue115: posts small blind $1
sim5sim5: posts big blind $3
*** HOLE CARDS ***
babyblue115: calls $2
sim5sim5: checks
*** FLOP *** [5d Qs 8c]
sim5sim5: bets $3
babyblue115: calls $3
*** TURN *** [5d Qs 8c] [Jc]
sim5sim5: checks
babyblue115: bets $6
sim5sim5: calls $6
*** RIVER *** [5d Qs 8c Jc] [4d]
sim5sim5: checks
babyblue115: checks
*** SHOW DOWN ***
sim5sim5: shows [5c 9c] (a pair of Fives)
babyblue115: shows [Jh Kc] (a pair of Jacks)
babyblue115 collected $23.52 from pot
*** SUMMARY ***
Total pot $24 | Rake $0.48
Board [5d Qs 8c Jc 4d]
Seat 1: babyblue115 (button) (small blind) showed [Jh Kc] and won ($23.52) with a pair of Jacks
Seat 3: sim5sim5 (big blind) showed [5c 9c] and lost with a pair of Fives


PokerStars Hand #170762462433:  Hold'em Limit ($3/$6 USD) - 2017/05/22 9:17:33 ET
Table 'Triglav' 6-max Seat #1 is the button
Seat 1: babyblue115 ($206.04 in chips)
Seat 3: sim5sim5 ($72 in chips)
babyblue115: posts small blind $1
sim5sim5: posts big blind $3
*** HOLE CARDS ***
babyblue115: calls $2
sim5sim5: raises $3 to $6
babyblue115: calls $3
*** FLOP *** [Qc Jd 7h]
sim5sim5: bets $3
babyblue115: folds
Uncalled bet ($3) returned to sim5sim5
sim5sim5 collected $11.76 from pot
sim5sim5: doesn't show hand
*** SUMMARY ***
Total pot $12 | Rake $0.24
Board [Qc Jd 7h]
Seat 1: babyblue115 (button) (small blind) folded on the Flop
Seat 3: sim5sim5 (big blind) collected ($11.76)


PokerStars Hand #170762500296:  Hold'em Limit ($3/$6 USD) - 2017/05/22 9:18:41 ET
Table 'Triglav' 6-max Seat #3 is the button
Seat 1: babyblue115 ($162.04 in chips)
Seat 3: sim5sim5 ($114.76 in chips)
sim5sim5: posts small blind $1
babyblue115: posts big blind $3
*** HOLE CARDS ***
sim5sim5: raises $3 to $6
Krazy90 joins the table at seat #2
babyblue115: calls $3
*** FLOP *** [4h Js Ac]
babyblue115: checks
sim5sim5: bets $3
babyblue115: calls $3
*** TURN *** [4h Js Ac] [Kh]
babyblue115: checks
sim5sim5: checks
*** RIVER *** [4h Js Ac Kh] [4d]
babyblue115: bets $6
sim5sim5: folds
Uncalled bet ($6) returned to babyblue115
babyblue115 collected $17.64 from pot
*** SUMMARY ***
Total pot $18 | Rake $0.36
Board [4h Js Ac Kh 4d]
Seat 1: babyblue115 (big blind) collected ($17.64)
Seat 3: sim5sim5 (button) (small blind) folded on the River


PokerStars Hand #170762497654:  Hold'em Limit ($3/$6 USD) - 2017/05/22 9:18:36 ET
Table 'Triglav' 6-max Seat #1 is the button
Seat 1: babyblue115 ($163.04 in chips)
Seat 3: sim5sim5 ($113.76 in chips)
babyblue115: posts small blind $1
sim5sim5: posts big blind $3
*** HOLE CARDS ***
babyblue115: folds
Uncalled bet ($2) returned to sim5sim5
sim5sim5 collected $2 from pot
sim5sim5: doesn't show hand
*** SUMMARY ***
Total pot $2 | Rake $0
Seat 1: babyblue115 (button) (small blind) folded before Flop
Seat 3: sim5sim5 (big blind) collected ($2)


PokerStars Hand #170762484629:  Hold'em Limit ($3/$6 USD) - 2017/05/22 9:18:11 ET
Table 'Triglav' 6-max Seat #3 is the button
Seat 1: babyblue115 ($184.04 in chips)
Seat 3: sim5sim5 ($93.26 in chips)
sim5sim5: posts small blind $1
babyblue115: posts big blind $3
*** HOLE CARDS ***
sim5sim5: raises $3 to $6
babyblue115: calls $3
*** FLOP *** [Qs 8s Jh]
babyblue115: bets $3
sim5sim5: calls $3
*** TURN *** [Qs 8s Jh] [9h]
babyblue115: bets $6
sim5sim5: calls $6
*** RIVER *** [Qs 8s Jh 9h] [Th]
babyblue115: bets $6
sim5sim5: raises $6 to $12
babyblue115: folds
Uncalled bet ($6) returned to sim5sim5
sim5sim5 collected $41.50 from pot
sim5sim5: doesn't show hand
*** SUMMARY ***
Total pot $42 | Rake $0.50
Board [Qs 8s Jh 9h Th]
Seat 1: babyblue115 (big blind) folded on the River
Seat 3: sim5sim5 (button) (small blind) collected ($41.50)


PokerStars Hand #170762970877:  Hold'em Limit ($3/$6 USD) - 2017/05/22 9:33:22 ET
Table 'Triglav' 6-max Seat #3 is the button
Seat 2: Krazy90 ($120 in chips)
Seat 3: StormToTo ($121.25 in chips)
StormToTo: posts small blind $1
Ale4o: is sitting out
Krazy90: posts big blind $3
*** HOLE CARDS ***
StormToTo: calls $2
Krazy90: checks
*** FLOP *** [2s 7c 7h]
Krazy90: checks
StormToTo: bets $3
Krazy90: calls $3
*** TURN *** [2s 7c 7h] [2d]
Krazy90: checks
StormToTo: bets $6
Krazy90: raises $6 to $12
StormToTo: folds
Uncalled bet ($6) returned to Krazy90
Krazy90 collected $23.52 from pot
Krazy90: doesn't show hand
*** SUMMARY ***
Total pot $24 | Rake $0.48
Board [2s 7c 7h 2d]
Seat 2: Krazy90 (big blind) collected ($23.52)
Seat 3: StormToTo (button) (small blind) folded on the Turn


