PokerStars Hand #155828917190:  Hold'em Limit ($3/$6 USD) - 2016/07/11 6:48:57 ET
Table 'Trinculo II' 6-max Seat #2 is the button
Seat 2: TbIP-TbIP 88 ($83.58 in chips)
Seat 4: VolkovDmitri ($140.50 in chips)
TbIP-TbIP 88: posts small blind $1
VolkovDmitri: posts big blind $3
*** HOLE CARDS ***
TbIP-TbIP 88: raises $3 to $6
VolkovDmitri: calls $3
*** FLOP *** [Ad 6c 5s]
VolkovDmitri: checks
TbIP-TbIP 88: bets $3
VolkovDmitri: raises $3 to $6
TbIP-TbIP 88: calls $3
*** TURN *** [Ad 6c 5s] [Kh]
VolkovDmitri: bets $6
TbIP-TbIP 88: raises $6 to $12
_fayzulllo_ leaves the table
VolkovDmitri: folds
Uncalled bet ($6) returned to TbIP-TbIP 88
TbIP-TbIP 88 collected $35.50 from pot
TbIP-TbIP 88: doesn't show hand
*** SUMMARY ***
Total pot $36 | Rake $0.50
Board [Ad 6c 5s Kh]
Seat 2: TbIP-TbIP 88 (button) (small blind) collected ($35.50)
Seat 4: VolkovDmitri (big blind) folded on the Turn


PokerStars Hand #155828895432:  Hold'em Limit ($3/$6 USD) - 2016/07/11 6:47:59 ET
Table 'Trinculo II' 6-max Seat #4 is the button
Seat 2: TbIP-TbIP 88 ($104.58 in chips)
Seat 4: VolkovDmitri ($120 in chips)
VolkovDmitri: posts small blind $1
_fayzulllo_: is sitting out
TbIP-TbIP 88: posts big blind $3
*** HOLE CARDS ***
VolkovDmitri: raises $3 to $6
TbIP-TbIP 88: calls $3
*** FLOP *** [Tc 5h Qh]
TbIP-TbIP 88: checks
VolkovDmitri: bets $3
TbIP-TbIP 88: calls $3
*** TURN *** [Tc 5h Qh] [Qd]
TbIP-TbIP 88: checks
VolkovDmitri: bets $6
TbIP-TbIP 88: calls $6
*** RIVER *** [Tc 5h Qh Qd] [5c]
TbIP-TbIP 88: checks
VolkovDmitri: bets $6
TbIP-TbIP 88: calls $6
*** SHOW DOWN ***
VolkovDmitri: shows [Jc Jh] (two pair, Queens and Jacks)
TbIP-TbIP 88: mucks hand
VolkovDmitri collected $41.50 from pot
*** SUMMARY ***
Total pot $42 | Rake $0.50
Board [Tc 5h Qh Qd 5c]
Seat 2: TbIP-TbIP 88 (big blind) mucked
Seat 4: VolkovDmitri (button) (small blind) showed [Jc Jh] and won ($41.50) with two pair, Queens and Jacks


PokerStars Hand #155829644715:  Hold'em Limit ($3/$6 USD) - 2016/07/11 7:21:07 ET
Table 'Trinculo II' 6-max Seat #3 is the button
Seat 3: diamont flus ($136.91 in chips)
Seat 4: VolkovDmitri ($147 in chips)
diamont flus: posts small blind $1
VolkovDmitri: posts big blind $3
*** HOLE CARDS ***
diamont flus: raises $3 to $6
VolkovDmitri: calls $3
*** FLOP *** [9c Ad Tc]
VolkovDmitri: checks
diamont flus: bets $3
VolkovDmitri: calls $3
*** TURN *** [9c Ad Tc] [7s]
VolkovDmitri: checks
diamont flus: bets $6
VolkovDmitri: calls $6
*** RIVER *** [9c Ad Tc 7s] [4h]
VolkovDmitri: checks
diamont flus: bets $6
VolkovDmitri: calls $6
*** SHOW DOWN ***
diamont flus: shows [3s 6s] (high card Ace)
VolkovDmitri: shows [6h 7c] (a pair of Sevens)
VolkovDmitri collected $41.50 from pot
*** SUMMARY ***
Total pot $42 | Rake $0.50
Board [9c Ad Tc 7s 4h]
Seat 3: diamont flus (button) (small blind) showed [3s 6s] and lost with high card Ace
Seat 4: VolkovDmitri (big blind) showed [6h 7c] and won ($41.50) with a pair of Sevens


PokerStars Hand #155829640815:  Hold'em Limit ($3/$6 USD) - 2016/07/11 7:20:57 ET
Table 'Trinculo II' 6-max Seat #3 is the button
Seat 3: diamont flus ($140.91 in chips)
Seat 4: VolkovDmitri ($143 in chips)
diamont flus: posts small blind $1
VolkovDmitri: posts big blind $3
*** HOLE CARDS ***
diamont flus: folds
Uncalled bet ($2) returned to VolkovDmitri
VolkovDmitri collected $2 from pot
VolkovDmitri: doesn't show hand
*** SUMMARY ***
Total pot $2 | Rake $0
Seat 3: diamont flus (button) (small blind) folded before Flop
Seat 4: VolkovDmitri (big blind) collected ($2)


PokerStars Hand #155829630181:  Hold'em Limit ($3/$6 USD) - 2016/07/11 7:20:30 ET
Table 'Trinculo II' 6-max Seat #4 is the button
Seat 3: diamont flus ($161.91 in chips)
Seat 4: VolkovDmitri ($122.50 in chips)
VolkovDmitri: posts small blind $1
diamont flus: posts big blind $3
*** HOLE CARDS ***
VolkovDmitri: raises $3 to $6
diamont flus: calls $3
*** FLOP *** [5c Ts 3c]
diamont flus: checks
VolkovDmitri: bets $3
diamont flus: calls $3
*** TURN *** [5c Ts 3c] [8h]
TbIP-TbIP 88 leaves the table
diamont flus: checks
VolkovDmitri: bets $6
diamont flus: calls $6
*** RIVER *** [5c Ts 3c 8h] [Jd]
diamont flus: bets $6
VolkovDmitri: calls $6
*** SHOW DOWN ***
diamont flus: shows [4c 2h] (high card Jack)
VolkovDmitri: shows [3s 9s] (a pair of Threes)
VolkovDmitri collected $41.50 from pot
*** SUMMARY ***
Total pot $42 | Rake $0.50
Board [5c Ts 3c 8h Jd]
Seat 3: diamont flus (big blind) showed [4c 2h] and lost with high card Jack
Seat 4: VolkovDmitri (button) (small blind) showed [3s 9s] and won ($41.50) with a pair of Threes


PokerStars Hand #155829642636:  Hold'em Limit ($3/$6 USD) - 2016/07/11 7:21:01 ET
Table 'Trinculo II' 6-max Seat #4 is the button
Seat 3: diamont flus ($139.91 in chips)
Seat 4: VolkovDmitri ($144 in chips)
VolkovDmitri: posts small blind $1
diamont flus: posts big blind $3
*** HOLE CARDS ***
VolkovDmitri: raises $3 to $6
diamont flus: folds
Uncalled bet ($3) returned to VolkovDmitri
VolkovDmitri collected $6 from pot
VolkovDmitri: doesn't show hand
*** SUMMARY ***
Total pot $6 | Rake $0
Seat 3: diamont flus (big blind) folded before Flop
Seat 4: VolkovDmitri (button) (small blind) collected ($6)


PokerStars Hand #155829656896:  Hold'em Limit ($3/$6 USD) - 2016/07/11 7:21:38 ET
Table 'Trinculo II' 6-max Seat #4 is the button
Seat 3: diamont flus ($115.91 in chips)
Seat 4: VolkovDmitri ($167.50 in chips)
VolkovDmitri: posts small blind $1
diamont flus: posts big blind $3
*** HOLE CARDS ***
VolkovDmitri: raises $3 to $6
diamont flus: raises $3 to $9
VolkovDmitri: calls $3
*** FLOP *** [2s Qs 9h]
diamont flus: checks
VolkovDmitri is disconnected
VolkovDmitri is connected
VolkovDmitri: bets $3
diamont flus: calls $3
*** TURN *** [2s Qs 9h] [Jd]
diamont flus: checks
VolkovDmitri: bets $6
diamont flus: calls $6
*** RIVER *** [2s Qs 9h Jd] [7d]
diamont flus: bets $6
VolkovDmitri: calls $6
*** SHOW DOWN ***
diamont flus: shows [6c Ah] (high card Ace)
VolkovDmitri: shows [2h Kc] (a pair of Deuces)
VolkovDmitri collected $47.50 from pot
*** SUMMARY ***
Total pot $48 | Rake $0.50
Board [2s Qs 9h Jd 7d]
Seat 3: diamont flus (big blind) showed [6c Ah] and lost with high card Ace
Seat 4: VolkovDmitri (button) (small blind) showed [2h Kc] and won ($47.50) with a pair of Deuces


PokerStars Hand #155829672354:  Hold'em Limit ($3/$6 USD) - 2016/07/11 7:22:18 ET
Table 'Trinculo II' 6-max Seat #3 is the button
Seat 3: diamont flus ($91.91 in chips)
Seat 4: VolkovDmitri ($191 in chips)
diamont flus: posts small blind $1
VolkovDmitri: posts big blind $3
*** HOLE CARDS ***
diamont flus: raises $3 to $6
VolkovDmitri: calls $3
*** FLOP *** [2c Ac 3c]
_fayzulllo_ joins the table at seat #6
VolkovDmitri: checks
diamont flus: bets $3
VolkovDmitri: calls $3
*** TURN *** [2c Ac 3c] [As]
TbIP-TbIP 88 joins the table at seat #1
VolkovDmitri: checks
diamont flus: bets $6
VolkovDmitri: calls $6
*** RIVER *** [2c Ac 3c As] [Qd]
VolkovDmitri: checks
5OHAPPY joins the table at seat #2
diamont flus: checks
*** SHOW DOWN ***
VolkovDmitri: shows [Kc 7h] (a pair of Aces)
diamont flus: shows [9s Ks] (a pair of Aces - King+Queen+Nine kicker)
diamont flus collected $29.50 from pot
*** SUMMARY ***
Total pot $30 | Rake $0.50
Board [2c Ac 3c As Qd]
Seat 3: diamont flus (button) (small blind) showed [9s Ks] and won ($29.50) with a pair of Aces
Seat 4: VolkovDmitri (big blind) showed [Kc 7h] and lost with a pair of Aces


PokerStars Hand #155832795796:  Hold'em Limit ($3/$6 USD) - 2016/07/11 9:20:04 ET
Table 'Trinculo II' 6-max Seat #6 is the button
Seat 3: RockKillerTY ($131.44 in chips)
Seat 6: Wurst2000 ($76.27 in chips)
Wurst2000: posts small blind $1
anetkaapro: is sitting out
RockKillerTY: posts big blind $3
*** HOLE CARDS ***
VolkovDmitri leaves the table
Wurst2000: folds
Uncalled bet ($2) returned to RockKillerTY
RockKillerTY collected $2 from pot
RockKillerTY: doesn't show hand
*** SUMMARY ***
Total pot $2 | Rake $0
Seat 3: RockKillerTY (big blind) collected ($2)
Seat 6: Wurst2000 (button) (small blind) folded before Flop


PokerStars Hand #155832798219:  Hold'em Limit ($3/$6 USD) - 2016/07/11 9:20:09 ET
Table 'Trinculo II' 6-max Seat #3 is the button
Seat 3: RockKillerTY ($132.44 in chips)
Seat 6: Wurst2000 ($75.27 in chips)
RockKillerTY: posts small blind $1
Wurst2000: posts big blind $3
*** HOLE CARDS ***
RockKillerTY: folds
Uncalled bet ($2) returned to Wurst2000
Wurst2000 collected $2 from pot
Wurst2000: doesn't show hand
*** SUMMARY ***
Total pot $2 | Rake $0
Seat 3: RockKillerTY (button) (small blind) folded before Flop
Seat 6: Wurst2000 (big blind) collected ($2)


