PokerStars Hand #149334356313:  Hold'em Limit ($3/$6 USD) - 2016/02/24 8:41:03 ET
Table 'Trinculo II' 10-max Seat #5 is the button
Seat 4: xcgxcg2005 ($135.40 in chips)
Seat 5: CatPuppy1999 ($72 in chips)
CatPuppy1999: posts small blind $1
xcgxcg2005: posts big blind $3
*** HOLE CARDS ***
CatPuppy1999: raises $3 to $6
xcgxcg2005: calls $3
*** FLOP *** [8s 3c 4c]
xcgxcg2005: checks
CatPuppy1999: bets $3
xcgxcg2005: calls $3
*** TURN *** [8s 3c 4c] [4d]
xcgxcg2005: checks
CatPuppy1999: bets $6
xcgxcg2005: calls $6
*** RIVER *** [8s 3c 4c 4d] [Ks]
xcgxcg2005: checks
CatPuppy1999: bets $6
xcgxcg2005: calls $6
*** SHOW DOWN ***
CatPuppy1999: shows [8h Jh] (two pair, Eights and Fours)
xcgxcg2005: mucks hand
CatPuppy1999 collected $41.50 from pot
*** SUMMARY ***
Total pot $42 | Rake $0.50
Board [8s 3c 4c 4d Ks]
Seat 4: xcgxcg2005 (big blind) mucked
Seat 5: CatPuppy1999 (button) (small blind) showed [8h Jh] and won ($41.50) with two pair, Eights and Fours


PokerStars Hand #149334347819:  Hold'em Limit ($3/$6 USD) - 2016/02/24 8:40:50 ET
Table 'Trinculo II' 10-max Seat #4 is the button
Seat 4: xcgxcg2005 ($129.64 in chips)
Seat 5: CatPuppy1999 ($72 in chips)
xcgxcg2005: posts small blind $1
CatPuppy1999: posts big blind $3
*** HOLE CARDS ***
xcgxcg2005: raises $3 to $6
CatPuppy1999: calls $3
*** FLOP *** [Th 2s Td]
CatPuppy1999: checks
xcgxcg2005: bets $3
CatPuppy1999: folds
Uncalled bet ($3) returned to xcgxcg2005
xcgxcg2005 collected $11.76 from pot
xcgxcg2005: doesn't show hand
*** SUMMARY ***
Total pot $12 | Rake $0.24
Board [Th 2s Td]
Seat 4: xcgxcg2005 (button) (small blind) collected ($11.76)
Seat 5: CatPuppy1999 (big blind) folded on the Flop


PokerStars Hand #149334394408:  Hold'em Limit ($3/$6 USD) - 2016/02/24 8:42:02 ET
Table 'Trinculo II' 10-max Seat #5 is the button
Seat 4: xcgxcg2005 ($120.16 in chips)
Seat 5: CatPuppy1999 ($86.50 in chips)
CatPuppy1999: posts small blind $1
xcgxcg2005: posts big blind $3
*** HOLE CARDS ***
CatPuppy1999: folds
Uncalled bet ($2) returned to xcgxcg2005
xcgxcg2005 collected $2 from pot
xcgxcg2005: doesn't show hand
*** SUMMARY ***
Total pot $2 | Rake $0
Seat 4: xcgxcg2005 (big blind) collected ($2)
Seat 5: CatPuppy1999 (button) (small blind) folded before Flop


PokerStars Hand #149334380221:  Hold'em Limit ($3/$6 USD) - 2016/02/24 8:41:40 ET
Table 'Trinculo II' 10-max Seat #4 is the button
Seat 4: xcgxcg2005 ($114.40 in chips)
Seat 5: CatPuppy1999 ($92.50 in chips)
xcgxcg2005: posts small blind $1
CatPuppy1999: posts big blind $3
*** HOLE CARDS ***
xcgxcg2005: raises $3 to $6
CatPuppy1999: calls $3
*** FLOP *** [7d Td 2d]
CatPuppy1999: checks
xcgxcg2005: bets $3
CatPuppy1999: folds
Uncalled bet ($3) returned to xcgxcg2005
xcgxcg2005 collected $11.76 from pot
xcgxcg2005: doesn't show hand
*** SUMMARY ***
Total pot $12 | Rake $0.24
Board [7d Td 2d]
Seat 4: xcgxcg2005 (button) (small blind) collected ($11.76)
Seat 5: CatPuppy1999 (big blind) folded on the Flop


