PokerStars Hand #167372763258:  Hold'em Limit ($3/$6 USD) - 2017/03/10 3:52:27 ET
Table 'Trinculo II' 6-max Seat #2 is the button
Seat 2: Ale4o ($121 in chips)
Seat 3: Agrotait ($71 in chips)
Ale4o: posts small blind $1
Agrotait: posts big blind $3
*** HOLE CARDS ***
Ale4o: raises $3 to $6
MTails leaves the table
Agrotait: calls $3
*** FLOP *** [7d 9s 6s]
Agrotait: checks
Ale4o: checks
*** TURN *** [7d 9s 6s] [5c]
Agrotait: checks
Ale4o: checks
*** RIVER *** [7d 9s 6s 5c] [5h]
Agrotait: checks
Ale4o: bets $6
Agrotait: calls $6
*** SHOW DOWN ***
Ale4o: shows [Qd 5d] (three of a kind, Fives)
Agrotait: mucks hand
Ale4o collected $23.52 from pot
*** SUMMARY ***
Total pot $24 | Rake $0.48
Board [7d 9s 6s 5c 5h]
Seat 2: Ale4o (button) (small blind) showed [Qd 5d] and won ($23.52) with three of a kind, Fives
Seat 3: Agrotait (big blind) mucked


PokerStars Hand #167372755630:  Hold'em Limit ($3/$6 USD) - 2017/03/10 3:52:04 ET
Table 'Trinculo II' 6-max Seat #3 is the button
Seat 2: Ale4o ($120 in chips)
Seat 3: Agrotait ($72 in chips)
Agrotait: posts small blind $1
MTails: is sitting out
Ale4o: posts big blind $3
*** HOLE CARDS ***
Agrotait: folds
Uncalled bet ($2) returned to Ale4o
Ale4o collected $2 from pot
Ale4o: doesn't show hand
*** SUMMARY ***
Total pot $2 | Rake $0
Seat 2: Ale4o (big blind) collected ($2)
Seat 3: Agrotait (button) (small blind) folded before Flop


