PokerStars Hand #167837143862:  Hold'em Limit ($3/$6 USD) - 2017/03/19 21:50:23 ET
Table 'Trinculo II' 6-max Seat #4 is the button
Seat 4: MTails ($139.91 in chips)
Seat 5: kladde567 ($48.82 in chips)
MTails: posts small blind $1
kladde567: posts big blind $3
*** HOLE CARDS ***
MTails: raises $3 to $6
kladde567: calls $3
*** FLOP *** [5s Tc 4d]
kladde567: checks
MTails: bets $3
kladde567: calls $3
*** TURN *** [5s Tc 4d] [2h]
kladde567: checks
MTails: checks
*** RIVER *** [5s Tc 4d 2h] [7c]
kladde567: bets $6
MTails: calls $6
*** SHOW DOWN ***
kladde567: shows [Kh Qc] (high card King)
MTails: shows [Ah 4c] (a pair of Fours)
MTails collected $29.50 from pot
*** SUMMARY ***
Total pot $30 | Rake $0.50
Board [5s Tc 4d 2h 7c]
Seat 4: MTails (button) (small blind) showed [Ah 4c] and won ($29.50) with a pair of Fours
Seat 5: kladde567 (big blind) showed [Kh Qc] and lost with high card King


PokerStars Hand #167837139627:  Hold'em Limit ($3/$6 USD) - 2017/03/19 21:50:13 ET
Table 'Trinculo II' 6-max Seat #5 is the button
Seat 4: MTails ($134.15 in chips)
Seat 5: kladde567 ($54.82 in chips)
kladde567: posts small blind $1
MTails: posts big blind $3
*** HOLE CARDS ***
kladde567: calls $2
MTails: raises $3 to $6
kladde567: calls $3
*** FLOP *** [Qs Ad 8s]
MTails: bets $3
kladde567: folds
Uncalled bet ($3) returned to MTails
MTails collected $11.76 from pot
*** SUMMARY ***
Total pot $12 | Rake $0.24
Board [Qs Ad 8s]
Seat 4: MTails (big blind) collected ($11.76)
Seat 5: kladde567 (button) (small blind) folded on the Flop


PokerStars Hand #167837133098:  Hold'em Limit ($3/$6 USD) - 2017/03/19 21:49:58 ET
Table 'Trinculo II' 6-max Seat #4 is the button
Seat 4: MTails ($125.51 in chips)
Seat 5: kladde567 ($63.82 in chips)
MTails: posts small blind $1
kladde567: posts big blind $3
*** HOLE CARDS ***
MTails: raises $3 to $6
kladde567: calls $3
*** FLOP *** [5h 7c 9s]
kladde567: checks
MTails: bets $3
kladde567: calls $3
*** TURN *** [5h 7c 9s] [Qs]
kladde567: checks
MTails: bets $6
kladde567: folds
Uncalled bet ($6) returned to MTails
MTails collected $17.64 from pot
*** SUMMARY ***
Total pot $18 | Rake $0.36
Board [5h 7c 9s Qs]
Seat 4: MTails (button) (small blind) collected ($17.64)
Seat 5: kladde567 (big blind) folded on the Turn


PokerStars Hand #167837128227:  Hold'em Limit ($3/$6 USD) - 2017/03/19 21:49:47 ET
Table 'Trinculo II' 6-max Seat #5 is the button
Seat 4: MTails ($119.75 in chips)
Seat 5: kladde567 ($69.82 in chips)
kladde567: posts small blind $1
MTails: posts big blind $3
*** HOLE CARDS ***
kladde567: calls $2
MTails: raises $3 to $6
kladde567: calls $3
*** FLOP *** [Jh 3h 9h]
MTails: bets $3
kladde567: folds
Uncalled bet ($3) returned to MTails
MTails collected $11.76 from pot
*** SUMMARY ***
Total pot $12 | Rake $0.24
Board [Jh 3h 9h]
Seat 4: MTails (big blind) collected ($11.76)
Seat 5: kladde567 (button) (small blind) folded on the Flop


PokerStars Hand #167837116728:  Hold'em Limit ($3/$6 USD) - 2017/03/19 21:49:20 ET
Table 'Trinculo II' 6-max Seat #4 is the button
Seat 4: MTails ($120 in chips)
Seat 5: kladde567 ($70.07 in chips)
MTails: posts small blind $1
kladde567: posts big blind $3
*** HOLE CARDS ***
MTails: raises $3 to $6
kladde567: calls $3
*** FLOP *** [2s Qs 7c]
kladde567: checks
MTails: bets $3
kladde567: calls $3
*** TURN *** [2s Qs 7c] [Tc]
kladde567: checks
MTails: bets $6
kladde567: calls $6
*** RIVER *** [2s Qs 7c Tc] [Kd]
kladde567: checks
MTails: checks
*** SHOW DOWN ***
kladde567: shows [As 5d] (high card Ace)
MTails: shows [4c Ad] (high card Ace)
kladde567 collected $14.75 from pot
MTails collected $14.75 from pot
*** SUMMARY ***
Total pot $30 | Rake $0.50
Board [2s Qs 7c Tc Kd]
Seat 4: MTails (button) (small blind) showed [4c Ad] and won ($14.75) with high card Ace
Seat 5: kladde567 (big blind) showed [As 5d] and won ($14.75) with high card Ace


PokerStars Hand #167837159280:  Hold'em Limit ($3/$6 USD) - 2017/03/19 21:50:59 ET
Table 'Trinculo II' 6-max Seat #4 is the button
Seat 4: MTails ($177.91 in chips)
Seat 5: kladde567 ($9.82 in chips)
MTails: posts small blind $1
kladde567: posts big blind $3
*** HOLE CARDS ***
MTails: raises $3 to $6
kladde567: calls $3
*** FLOP *** [Ac 5s 4h]
kladde567: checks
MTails: bets $3
kladde567: calls $3
*** TURN *** [Ac 5s 4h] [2d]
kladde567: checks
MTails: bets $6
kladde567: calls $0.82 and is all-in
Uncalled bet ($5.18) returned to MTails
*** RIVER *** [Ac 5s 4h 2d] [8c]
*** SHOW DOWN ***
kladde567: shows [5c Th] (a pair of Fives)
MTails: shows [2c Ad] (two pair, Aces and Deuces)
MTails collected $19.25 from pot
*** SUMMARY ***
Total pot $19.64 | Rake $0.39
Board [Ac 5s 4h 2d 8c]
Seat 4: MTails (button) (small blind) showed [2c Ad] and won ($19.25) with two pair, Aces and Deuces
Seat 5: kladde567 (big blind) showed [5c Th] and lost with a pair of Fives


PokerStars Hand #167837150484:  Hold'em Limit ($3/$6 USD) - 2017/03/19 21:50:38 ET
Table 'Trinculo II' 6-max Seat #5 is the button
Seat 4: MTails ($154.41 in chips)
Seat 5: kladde567 ($33.82 in chips)
kladde567: posts small blind $1
MTails: posts big blind $3
*** HOLE CARDS ***
kladde567: calls $2
MTails: raises $3 to $6
kladde567: raises $3 to $9
MTails: calls $3
*** FLOP *** [7h 3s Js]
MTails: checks
kladde567: bets $3
MTails: calls $3
*** TURN *** [7h 3s Js] [6c]
MTails: checks
kladde567: bets $6
MTails: calls $6
*** RIVER *** [7h 3s Js 6c] [6h]
MTails: checks
kladde567: bets $6
MTails: calls $6
*** SHOW DOWN ***
kladde567: shows [Ac Kh] (a pair of Sixes)
MTails: shows [Qs 7c] (two pair, Sevens and Sixes)
MTails collected $47.50 from pot
*** SUMMARY ***
Total pot $48 | Rake $0.50
Board [7h 3s Js 6c 6h]
Seat 4: MTails (big blind) showed [Qs 7c] and won ($47.50) with two pair, Sevens and Sixes
Seat 5: kladde567 (button) (small blind) showed [Ac Kh] and lost with a pair of Sixes


PokerStars Hand #167837193704:  Hold'em Limit ($3/$6 USD) - 2017/03/19 21:52:19 ET
Table 'Trinculo II' 6-max Seat #5 is the button
Seat 4: MTails ($208.84 in chips)
Seat 5: kladde567 ($44.50 in chips)
kladde567: posts small blind $1
MTails: posts big blind $3
*** HOLE CARDS ***
kladde567: calls $2
MTails: raises $3 to $6
kladde567: calls $3
*** FLOP *** [Tc Qd 4s]
MTails: bets $3
kladde567: calls $3
*** TURN *** [Tc Qd 4s] [7h]
MTails: checks
kladde567: bets $6
MTails: calls $6
*** RIVER *** [Tc Qd 4s 7h] [6h]
MTails: checks
kladde567: bets $6
MTails: calls $6
*** SHOW DOWN ***
kladde567: shows [9c Td] (a pair of Tens)
MTails: mucks hand
kladde567 collected $41.50 from pot
*** SUMMARY ***
Total pot $42 | Rake $0.50
Board [Tc Qd 4s 7h 6h]
Seat 4: MTails (big blind) mucked
Seat 5: kladde567 (button) (small blind) showed [9c Td] and won ($41.50) with a pair of Tens


PokerStars Hand #167837191405:  Hold'em Limit ($3/$6 USD) - 2017/03/19 21:52:14 ET
Table 'Trinculo II' 6-max Seat #4 is the button
Seat 4: MTails ($205.84 in chips)
Seat 5: kladde567 ($47.50 in chips)
MTails: posts small blind $1
kladde567: posts big blind $3
*** HOLE CARDS ***
MTails: raises $3 to $6
kladde567: folds
Uncalled bet ($3) returned to MTails
MTails collected $6 from pot
*** SUMMARY ***
Total pot $6 | Rake $0
Seat 4: MTails (button) (small blind) collected ($6)
Seat 5: kladde567 (big blind) folded before Flop


PokerStars Hand #167837182066:  Hold'em Limit ($3/$6 USD) - 2017/03/19 21:51:52 ET
Table 'Trinculo II' 6-max Seat #5 is the button
Seat 4: MTails ($191.34 in chips)
Seat 5: kladde567 ($62.50 in chips)
kladde567: posts small blind $1
MTails: posts big blind $3
*** HOLE CARDS ***
kladde567: calls $2
MTails: raises $3 to $6
kladde567: calls $3
*** FLOP *** [Qs Kc 7c]
MTails: bets $3
kladde567: calls $3
*** TURN *** [Qs Kc 7c] [Jd]
MTails: bets $6
kladde567: calls $6
*** RIVER *** [Qs Kc 7c Jd] [9c]
MTails: bets $6
kladde567: folds
Uncalled bet ($6) returned to MTails
MTails collected $29.50 from pot
*** SUMMARY ***
Total pot $30 | Rake $0.50
Board [Qs Kc 7c Jd 9c]
Seat 4: MTails (big blind) collected ($29.50)
Seat 5: kladde567 (button) (small blind) folded on the River


PokerStars Hand #167837179617:  Hold'em Limit ($3/$6 USD) - 2017/03/19 21:51:46 ET
Table 'Trinculo II' 6-max Seat #4 is the button
Seat 4: MTails ($188.34 in chips)
Seat 5: kladde567 ($65.50 in chips)
MTails: posts small blind $1
kladde567: posts big blind $3
*** HOLE CARDS ***
MTails: raises $3 to $6
kladde567: folds
Uncalled bet ($3) returned to MTails
MTails collected $6 from pot
*** SUMMARY ***
Total pot $6 | Rake $0
Seat 4: MTails (button) (small blind) collected ($6)
Seat 5: kladde567 (big blind) folded before Flop


PokerStars Hand #167837176878:  Hold'em Limit ($3/$6 USD) - 2017/03/19 21:51:40 ET
Table 'Trinculo II' 6-max Seat #5 is the button
Seat 4: MTails ($187.34 in chips)
Seat 5: kladde567 ($66.50 in chips)
kladde567: posts small blind $1
MTails: posts big blind $3
*** HOLE CARDS ***
kladde567: folds
Uncalled bet ($2) returned to MTails
MTails collected $2 from pot
MTails: doesn't show hand
*** SUMMARY ***
Total pot $2 | Rake $0
Seat 4: MTails (big blind) collected ($2)
Seat 5: kladde567 (button) (small blind) folded before Flop


PokerStars Hand #167837216667:  Hold'em Limit ($3/$6 USD) - 2017/03/19 21:53:12 ET
Table 'Trinculo II' 6-max Seat #4 is the button
Seat 4: MTails ($184.60 in chips)
Seat 5: kladde567 ($67.64 in chips)
MTails: posts small blind $1
kladde567: posts big blind $3
*** HOLE CARDS ***
MTails: raises $3 to $6
kladde567: raises $3 to $9
MTails: calls $3
*** FLOP *** [7s 9h 7d]
kladde567: bets $3
MTails: calls $3
*** TURN *** [7s 9h 7d] [Kd]
kladde567: bets $6
MTails: raises $6 to $12
kladde567: calls $6
*** RIVER *** [7s 9h 7d Kd] [7h]
kladde567: checks
MTails: bets $6
kladde567: calls $6
*** SHOW DOWN ***
MTails: shows [Ks As] (a full house, Sevens full of Kings)
kladde567: mucks hand
MTails collected $59.50 from pot
*** SUMMARY ***
Total pot $60 | Rake $0.50
Board [7s 9h 7d Kd 7h]
Seat 4: MTails (button) (small blind) showed [Ks As] and won ($59.50) with a full house, Sevens full of Kings
Seat 5: kladde567 (big blind) mucked


PokerStars Hand #167837209916:  Hold'em Limit ($3/$6 USD) - 2017/03/19 21:52:57 ET
Table 'Trinculo II' 6-max Seat #5 is the button
Seat 4: MTails ($193.60 in chips)
Seat 5: kladde567 ($59 in chips)
kladde567: posts small blind $1
MTails: posts big blind $3
*** HOLE CARDS ***
kladde567: calls $2
MTails: checks
*** FLOP *** [5d 8c 7s]
MTails: checks
kladde567: checks
*** TURN *** [5d 8c 7s] [6s]
MTails: bets $6
kladde567: raises $6 to $12
MTails: folds
Uncalled bet ($6) returned to kladde567
kladde567 collected $17.64 from pot
*** SUMMARY ***
Total pot $18 | Rake $0.36
Board [5d 8c 7s 6s]
Seat 4: MTails (big blind) folded on the Turn
Seat 5: kladde567 (button) (small blind) collected ($17.64)


PokerStars Hand #167837202660:  Hold'em Limit ($3/$6 USD) - 2017/03/19 21:52:40 ET
Table 'Trinculo II' 6-max Seat #4 is the button
Seat 4: MTails ($187.84 in chips)
Seat 5: kladde567 ($65 in chips)
MTails: posts small blind $1
kladde567: posts big blind $3
*** HOLE CARDS ***
MTails: raises $3 to $6
kladde567: calls $3
*** FLOP *** [Kc Qs 5s]
kladde567: checks
MTails: checks
*** TURN *** [Kc Qs 5s] [3s]
kladde567: checks
MTails: bets $6
kladde567: folds
Uncalled bet ($6) returned to MTails
MTails collected $11.76 from pot
*** SUMMARY ***
Total pot $12 | Rake $0.24
Board [Kc Qs 5s 3s]
Seat 4: MTails (button) (small blind) collected ($11.76)
Seat 5: kladde567 (big blind) folded on the Turn


PokerStars Hand #167837237808:  Hold'em Limit ($3/$6 USD) - 2017/03/19 21:54:02 ET
Table 'Trinculo II' 6-max Seat #4 is the button
Seat 4: MTails ($240.60 in chips)
Seat 5: kladde567 ($10.64 in chips)
MTails: posts small blind $1
kladde567: posts big blind $3
*** HOLE CARDS ***
MTails: raises $3 to $6
kladde567: raises $3 to $9
MTails: raises $3 to $12
Betting is capped
kladde567: calls $1.64 and is all-in
Uncalled bet ($1.36) returned to MTails
*** FLOP *** [Tc 3c Qs]
*** TURN *** [Tc 3c Qs] [Jh]
*** RIVER *** [Tc 3c Qs Jh] [4s]
*** SHOW DOWN ***
kladde567: shows [Kd 8d] (high card King)
MTails: shows [Jd 5h] (a pair of Jacks)
MTails collected $20.85 from pot
*** SUMMARY ***
Total pot $21.28 | Rake $0.43
Board [Tc 3c Qs Jh 4s]
Seat 4: MTails (button) (small blind) showed [Jd 5h] and won ($20.85) with a pair of Jacks
Seat 5: kladde567 (big blind) showed [Kd 8d] and lost with high card King


PokerStars Hand #167837226336:  Hold'em Limit ($3/$6 USD) - 2017/03/19 21:53:35 ET
Table 'Trinculo II' 6-max Seat #5 is the button
Seat 4: MTails ($214.10 in chips)
Seat 5: kladde567 ($37.64 in chips)
kladde567: posts small blind $1
MTails: posts big blind $3
*** HOLE CARDS ***
kladde567: calls $2
MTails: raises $3 to $6
kladde567: raises $3 to $9
MTails: raises $3 to $12
Betting is capped
kladde567: calls $3
*** FLOP *** [2h 3s Kh]
MTails: bets $3
kladde567: calls $3
*** TURN *** [2h 3s Kh] [7d]
MTails: bets $6
kladde567: calls $6
*** RIVER *** [2h 3s Kh 7d] [Kc]
MTails: bets $6
kladde567: calls $6
*** SHOW DOWN ***
MTails: shows [Kd Ad] (three of a kind, Kings)
kladde567: mucks hand
MTails collected $53.50 from pot
*** SUMMARY ***
Total pot $54 | Rake $0.50
Board [2h 3s Kh 7d Kc]
Seat 4: MTails (big blind) showed [Kd Ad] and won ($53.50) with three of a kind, Kings
Seat 5: kladde567 (button) (small blind) mucked


