PokerStars Hand #163213326240:  Hold'em Limit ($3/$6 USD) - 2016/12/19 17:31:54 ET
Table 'Tristan' 6-max Seat #3 is the button
Seat 1: GRAILKO ($218.24 in chips)
Seat 3: s s h ($255.01 in chips)
s s h: posts small blind $1
GRAILKO: posts big blind $3
*** HOLE CARDS ***
s s h: raises $3 to $6
GRAILKO: calls $3
*** FLOP *** [4c 3c Kh]
GRAILKO: checks
s s h: bets $3
GRAILKO: folds
Uncalled bet ($3) returned to s s h
s s h collected $11.76 from pot
s s h: doesn't show hand
*** SUMMARY ***
Total pot $12 | Rake $0.24
Board [4c 3c Kh]
Seat 1: GRAILKO (big blind) folded on the Flop
Seat 3: s s h (button) (small blind) collected ($11.76)


PokerStars Hand #163213445861:  Hold'em Limit ($3/$6 USD) - 2016/12/19 17:33:42 ET
Table 'Tristan' 6-max Seat #1 is the button
Seat 1: GRAILKO ($233.74 in chips)
Seat 2: hairy1961 ($27.50 in chips)
GRAILKO: posts small blind $1
hairy1961: posts big blind $3
*** HOLE CARDS ***
GRAILKO: raises $3 to $6
hairy1961: calls $3
*** FLOP *** [3c Ks Jd]
hairy1961: bets $3
GRAILKO: folds
Uncalled bet ($3) returned to hairy1961
hairy1961 collected $11.76 from pot
*** SUMMARY ***
Total pot $12 | Rake $0.24
Board [3c Ks Jd]
Seat 1: GRAILKO (button) (small blind) folded on the Flop
Seat 2: hairy1961 (big blind) collected ($11.76)


PokerStars Hand #163213427280:  Hold'em Limit ($3/$6 USD) - 2016/12/19 17:33:25 ET
Table 'Tristan' 6-max Seat #2 is the button
Seat 1: GRAILKO ($247.74 in chips)
Seat 2: hairy1961 ($14 in chips)
hairy1961: posts small blind $1
GRAILKO: posts big blind $3
*** HOLE CARDS ***
hairy1961: raises $3 to $6
GRAILKO: raises $3 to $9
hairy1961: raises $3 to $12
Betting is capped
GRAILKO: calls $3
*** FLOP *** [Kh Td 4h]
GRAILKO: bets $3
hairy1961: calls $2 and is all-in
Uncalled bet ($1) returned to GRAILKO
*** TURN *** [Kh Td 4h] [7h]
*** RIVER *** [Kh Td 4h 7h] [6d]
*** SHOW DOWN ***
GRAILKO: shows [3s Jc] (high card King)
hairy1961: shows [As 5d] (high card Ace)
hairy1961 collected $27.50 from pot
*** SUMMARY ***
Total pot $28 | Rake $0.50
Board [Kh Td 4h 7h 6d]
Seat 1: GRAILKO (big blind) showed [3s Jc] and lost with high card King
Seat 2: hairy1961 (button) (small blind) showed [As 5d] and won ($27.50) with high card Ace


PokerStars Hand #163213390073:  Hold'em Limit ($3/$6 USD) - 2016/12/19 17:32:51 ET
Table 'Tristan' 6-max Seat #1 is the button
Seat 1: GRAILKO ($212.24 in chips)
Seat 2: hairy1961 ($50 in chips)
GRAILKO: posts small blind $1
hairy1961: posts big blind $3
*** HOLE CARDS ***
GRAILKO: raises $3 to $6
hairy1961: calls $3
*** FLOP *** [2d 9h Jh]
hairy1961: checks
GRAILKO: bets $3
hairy1961: raises $3 to $6
GRAILKO: calls $3
*** TURN *** [2d 9h Jh] [7s]
hairy1961: bets $6
GRAILKO: raises $6 to $12
hairy1961: raises $6 to $18
GRAILKO: raises $6 to $24
Betting is capped
hairy1961: calls $6
*** RIVER *** [2d 9h Jh 7s] [9s]
hairy1961: checks
GRAILKO: bets $6
hairy1961: folds
Uncalled bet ($6) returned to GRAILKO
GRAILKO collected $71.50 from pot
GRAILKO: doesn't show hand
*** SUMMARY ***
Total pot $72 | Rake $0.50
Board [2d 9h Jh 7s 9s]
Seat 1: GRAILKO (button) (small blind) collected ($71.50)
Seat 2: hairy1961 (big blind) folded on the River


PokerStars Hand #163213489523:  Hold'em Limit ($3/$6 USD) - 2016/12/19 17:34:23 ET
Table 'Tristan' 6-max Seat #1 is the button
Seat 1: GRAILKO ($245.24 in chips)
Seat 2: hairy1961 ($15.26 in chips)
GRAILKO: posts small blind $1
hairy1961: posts big blind $3
*** HOLE CARDS ***
GRAILKO: raises $3 to $6
hairy1961: calls $3
*** FLOP *** [3s Kc 7h]
hairy1961: checks
GRAILKO: bets $3
hairy1961: raises $3 to $6
GRAILKO: raises $3 to $9
hairy1961: raises $0.26 to $9.26 and is all-in
Betting is capped
GRAILKO: calls $0.26
*** TURN *** [3s Kc 7h] [4c]
*** RIVER *** [3s Kc 7h 4c] [9h]
*** SHOW DOWN ***
hairy1961: shows [Ks 9d] (two pair, Kings and Nines)
GRAILKO: shows [As 3d] (a pair of Threes)
hairy1961 collected $30.02 from pot
*** SUMMARY ***
Total pot $30.52 | Rake $0.50
Board [3s Kc 7h 4c 9h]
Seat 1: GRAILKO (button) (small blind) showed [As 3d] and lost with a pair of Threes
Seat 2: hairy1961 (big blind) showed [Ks 9d] and won ($30.02) with two pair, Kings and Nines


PokerStars Hand #163213483352:  Hold'em Limit ($3/$6 USD) - 2016/12/19 17:34:17 ET
Table 'Tristan' 6-max Seat #2 is the button
Seat 1: GRAILKO ($244.24 in chips)
Seat 2: hairy1961 ($16.26 in chips)
hairy1961: posts small blind $1
GRAILKO: posts big blind $3
*** HOLE CARDS ***
hairy1961: folds
Uncalled bet ($2) returned to GRAILKO
GRAILKO collected $2 from pot
GRAILKO: doesn't show hand
*** SUMMARY ***
Total pot $2 | Rake $0
Seat 1: GRAILKO (big blind) collected ($2)
Seat 2: hairy1961 (button) (small blind) folded before Flop


PokerStars Hand #163213477746:  Hold'em Limit ($3/$6 USD) - 2016/12/19 17:34:12 ET
Table 'Tristan' 6-max Seat #1 is the button
Seat 1: GRAILKO ($245.24 in chips)
Seat 2: hairy1961 ($15.26 in chips)
GRAILKO: posts small blind $1
hairy1961: posts big blind $3
*** HOLE CARDS ***
GRAILKO: folds
Uncalled bet ($2) returned to hairy1961
hairy1961 collected $2 from pot
*** SUMMARY ***
Total pot $2 | Rake $0
Seat 1: GRAILKO (button) (small blind) folded before Flop
Seat 2: hairy1961 (big blind) collected ($2)


PokerStars Hand #163213457353:  Hold'em Limit ($3/$6 USD) - 2016/12/19 17:33:53 ET
Table 'Tristan' 6-max Seat #2 is the button
Seat 1: GRAILKO ($227.74 in chips)
Seat 2: hairy1961 ($33.26 in chips)
hairy1961: posts small blind $1
GRAILKO: posts big blind $3
*** HOLE CARDS ***
hairy1961: raises $3 to $6
GRAILKO: calls $3
*** FLOP *** [8s 2d Th]
GRAILKO: checks
hairy1961: checks
*** TURN *** [8s 2d Th] [6h]
GRAILKO: bets $6
hairy1961: calls $6
*** RIVER *** [8s 2d Th 6h] [As]
GRAILKO: checks
hairy1961: bets $6
GRAILKO: calls $6
*** SHOW DOWN ***
hairy1961: shows [Kc 9c] (high card Ace)
GRAILKO: shows [Jh 6s] (a pair of Sixes)
GRAILKO collected $35.50 from pot
*** SUMMARY ***
Total pot $36 | Rake $0.50
Board [8s 2d Th 6h As]
Seat 1: GRAILKO (big blind) showed [Jh 6s] and won ($35.50) with a pair of Sixes
Seat 2: hairy1961 (button) (small blind) showed [Kc 9c] and lost with high card Ace


PokerStars Hand #163213548201:  Hold'em Limit ($3/$6 USD) - 2016/12/19 17:35:17 ET
Table 'Tristan' 6-max Seat #1 is the button
Seat 1: GRAILKO ($209.98 in chips)
Seat 2: hairy1961 ($49.52 in chips)
GRAILKO: posts small blind $1
hairy1961: posts big blind $3
*** HOLE CARDS ***
GRAILKO: raises $3 to $6
hairy1961: calls $3
*** FLOP *** [7c 5h 8d]
hairy1961: bets $3
GRAILKO: calls $3
*** TURN *** [7c 5h 8d] [8s]
hairy1961: checks
GRAILKO: bets $6
hairy1961: calls $6
*** RIVER *** [7c 5h 8d 8s] [Qh]
hairy1961: checks
GRAILKO: bets $6
hairy1961: folds
Uncalled bet ($6) returned to GRAILKO
GRAILKO collected $29.50 from pot
GRAILKO: doesn't show hand
*** SUMMARY ***
Total pot $30 | Rake $0.50
Board [7c 5h 8d 8s Qh]
Seat 1: GRAILKO (button) (small blind) collected ($29.50)
Seat 2: hairy1961 (big blind) folded on the River


PokerStars Hand #163213542420:  Hold'em Limit ($3/$6 USD) - 2016/12/19 17:35:12 ET
Table 'Tristan' 6-max Seat #2 is the button
Seat 1: GRAILKO ($208.98 in chips)
Seat 2: hairy1961 ($50.52 in chips)
hairy1961: posts small blind $1
GRAILKO: posts big blind $3
*** HOLE CARDS ***
hairy1961: folds
Uncalled bet ($2) returned to GRAILKO
GRAILKO collected $2 from pot
GRAILKO: doesn't show hand
*** SUMMARY ***
Total pot $2 | Rake $0
Seat 1: GRAILKO (big blind) collected ($2)
Seat 2: hairy1961 (button) (small blind) folded before Flop


PokerStars Hand #163213536329:  Hold'em Limit ($3/$6 USD) - 2016/12/19 17:35:06 ET
Table 'Tristan' 6-max Seat #1 is the button
Seat 1: GRAILKO ($205.98 in chips)
Seat 2: hairy1961 ($53.52 in chips)
GRAILKO: posts small blind $1
hairy1961: posts big blind $3
*** HOLE CARDS ***
GRAILKO: raises $3 to $6
hairy1961: folds
Uncalled bet ($3) returned to GRAILKO
GRAILKO collected $6 from pot
GRAILKO: doesn't show hand
*** SUMMARY ***
Total pot $6 | Rake $0
Seat 1: GRAILKO (button) (small blind) collected ($6)
Seat 2: hairy1961 (big blind) folded before Flop


PokerStars Hand #163213512029:  Hold'em Limit ($3/$6 USD) - 2016/12/19 17:34:43 ET
Table 'Tristan' 6-max Seat #2 is the button
Seat 1: GRAILKO ($229.98 in chips)
Seat 2: hairy1961 ($30.02 in chips)
hairy1961: posts small blind $1
GRAILKO: posts big blind $3
*** HOLE CARDS ***
hairy1961: raises $3 to $6
GRAILKO: raises $3 to $9
hairy1961: calls $3
*** FLOP *** [Jc 4d Kd]
GRAILKO: bets $3
hairy1961: calls $3
*** TURN *** [Jc 4d Kd] [7h]
GRAILKO: bets $6
hairy1961: calls $6
*** RIVER *** [Jc 4d Kd 7h] [9s]
GRAILKO: bets $6
hairy1961: calls $6
*** SHOW DOWN ***
GRAILKO: shows [6s 6c] (a pair of Sixes)
hairy1961: shows [Kh 3d] (a pair of Kings)
hairy1961 collected $47.50 from pot
*** SUMMARY ***
Total pot $48 | Rake $0.50
Board [Jc 4d Kd 7h 9s]
Seat 1: GRAILKO (big blind) showed [6s 6c] and lost with a pair of Sixes
Seat 2: hairy1961 (button) (small blind) showed [Kh 3d] and won ($47.50) with a pair of Kings


PokerStars Hand #163213585506:  Hold'em Limit ($3/$6 USD) - 2016/12/19 17:35:55 ET
Table 'Tristan' 6-max Seat #1 is the button
Seat 1: GRAILKO ($221.48 in chips)
Seat 2: hairy1961 ($37.52 in chips)
GRAILKO: posts small blind $1
hairy1961: posts big blind $3
*** HOLE CARDS ***
GRAILKO: raises $3 to $6
hairy1961: raises $3 to $9
GRAILKO: calls $3
*** FLOP *** [8s Td Qh]
hairy1961: bets $3
GRAILKO: calls $3
*** TURN *** [8s Td Qh] [Kc]
hairy1961: bets $6
GRAILKO: folds
Uncalled bet ($6) returned to hairy1961
hairy1961 collected $23.52 from pot
*** SUMMARY ***
Total pot $24 | Rake $0.48
Board [8s Td Qh Kc]
Seat 1: GRAILKO (button) (small blind) folded on the Turn
Seat 2: hairy1961 (big blind) collected ($23.52)


