PokerStars Hand #166577948510:  Hold'em Limit ($3/$6 USD) - 2017/02/21 18:45:37 ET
Table 'Triton' 6-max Seat #2 is the button
Seat 1: Zubasa07 ($314.50 in chips)
Seat 2: hairy1961 ($35 in chips)
hairy1961: posts small blind $1
Zubasa07: posts big blind $3
*** HOLE CARDS ***
hairy1961: raises $3 to $6
Zubasa07: calls $3
*** FLOP *** [Qh Kc Jc]
Zubasa07: checks
hairy1961: bets $3
Zubasa07: folds
Uncalled bet ($3) returned to hairy1961
hairy1961 collected $11.76 from pot
*** SUMMARY ***
Total pot $12 | Rake $0.24
Board [Qh Kc Jc]
Seat 1: Zubasa07 (big blind) folded on the Flop
Seat 2: hairy1961 (button) (small blind) collected ($11.76)


PokerStars Hand #166577925820:  Hold'em Limit ($3/$6 USD) - 2017/02/21 18:45:05 ET
Table 'Triton' 6-max Seat #1 is the button
Seat 1: Zubasa07 ($300 in chips)
Seat 2: hairy1961 ($50 in chips)
Zubasa07: posts small blind $1
hairy1961: posts big blind $3
*** HOLE CARDS ***
Zubasa07: raises $3 to $6
hairy1961: calls $3
*** FLOP *** [8d 6s As]
hairy1961: bets $3
Zubasa07: calls $3
*** TURN *** [8d 6s As] [2s]
hairy1961: bets $6
Zubasa07: calls $6
*** RIVER *** [8d 6s As 2s] [4d]
hairy1961: checks
Zubasa07: checks
*** SHOW DOWN ***
hairy1961: shows [5d Js] (high card Ace)
Zubasa07: shows [Qs 2c] (a pair of Deuces)
Zubasa07 collected $29.50 from pot
*** SUMMARY ***
Total pot $30 | Rake $0.50
Board [8d 6s As 2s 4d]
Seat 1: Zubasa07 (button) (small blind) showed [Qs 2c] and won ($29.50) with a pair of Deuces
Seat 2: hairy1961 (big blind) showed [5d Js] and lost with high card Ace


PokerStars Hand #166578006060:  Hold'em Limit ($3/$6 USD) - 2017/02/21 18:46:59 ET
Table 'Triton' 6-max Seat #2 is the button
Seat 1: Zubasa07 ($293.50 in chips)
Seat 2: hairy1961 ($55.26 in chips)
hairy1961: posts small blind $1
Zubasa07: posts big blind $3
*** HOLE CARDS ***
hairy1961: folds
Uncalled bet ($2) returned to Zubasa07
Zubasa07 collected $2 from pot
Zubasa07: doesn't show hand
*** SUMMARY ***
Total pot $2 | Rake $0
Seat 1: Zubasa07 (big blind) collected ($2)
Seat 2: hairy1961 (button) (small blind) folded before Flop


PokerStars Hand #166577959929:  Hold'em Limit ($3/$6 USD) - 2017/02/21 18:45:53 ET
Table 'Triton' 6-max Seat #1 is the button
Seat 1: Zubasa07 ($308.50 in chips)
Seat 2: hairy1961 ($40.76 in chips)
Zubasa07: posts small blind $1
hairy1961: posts big blind $3
*** HOLE CARDS ***
Zubasa07: raises $3 to $6
hairy1961: calls $3
*** FLOP *** [3h Kd 4h]
hairy1961: checks
Zubasa07: bets $3
hairy1961: calls $3
*** TURN *** [3h Kd 4h] [9c]
hairy1961: checks
Zubasa07: bets $6
hairy1961: calls $6
*** RIVER *** [3h Kd 4h 9c] [2s]
hairy1961: checks
Zubasa07: checks
*** SHOW DOWN ***
hairy1961: shows [Js Td] (high card King)
Zubasa07: mucks hand
hairy1961 collected $29.50 from pot
*** SUMMARY ***
Total pot $30 | Rake $0.50
Board [3h Kd 4h 9c 2s]
Seat 1: Zubasa07 (button) (small blind) mucked
Seat 2: hairy1961 (big blind) showed [Js Td] and won ($29.50) with high card King


PokerStars Hand #166578009797:  Hold'em Limit ($3/$6 USD) - 2017/02/21 18:47:04 ET
Table 'Triton' 6-max Seat #1 is the button
Seat 1: Zubasa07 ($294.50 in chips)
Seat 2: hairy1961 ($54.26 in chips)
Zubasa07: posts small blind $1
hairy1961: posts big blind $3
*** HOLE CARDS ***
Zubasa07: raises $3 to $6
hairy1961: raises $3 to $9
Zubasa07: calls $3
*** FLOP *** [Kh Jc Th]
hairy1961: bets $3
Zubasa07: calls $3
*** TURN *** [Kh Jc Th] [6d]
hairy1961: bets $6
Zubasa07: calls $6
*** RIVER *** [Kh Jc Th 6d] [8s]
hairy1961: bets $6
Zubasa07: raises $6 to $12
hairy1961: folds
Uncalled bet ($6) returned to Zubasa07
Zubasa07 collected $47.50 from pot
Zubasa07: doesn't show hand
LWNS joins the table at seat #4
*** SUMMARY ***
Total pot $48 | Rake $0.50
Board [Kh Jc Th 6d 8s]
Seat 1: Zubasa07 (button) (small blind) collected ($47.50)
Seat 2: hairy1961 (big blind) folded on the River


