PokerStars Hand #147210220192:  Hold'em Limit ($3/$6 USD) - 2016/01/17 14:23:13 ET
Table 'Triton III' 2-max Seat #2 is the button
Seat 1: Mudager ($125.76 in chips)
Seat 2: Pete81 ($59.76 in chips)
Pete81: posts small blind $1
Mudager: posts big blind $3
*** HOLE CARDS ***
Pete81: raises $3 to $6
Mudager: raises $3 to $9
Pete81: calls $3
*** FLOP *** [4d Td 8d]
Mudager: bets $3
Pete81: raises $3 to $6
Mudager: calls $3
*** TURN *** [4d Td 8d] [9h]
Mudager: checks
Pete81: bets $6
Mudager: calls $6
*** RIVER *** [4d Td 8d 9h] [2c]
Mudager: checks
Pete81: checks
*** SHOW DOWN ***
Mudager: shows [Ac As] (a pair of Aces)
Pete81: mucks hand
Mudager collected $41.50 from pot
*** SUMMARY ***
Total pot $42 | Rake $0.50
Board [4d Td 8d 9h 2c]
Seat 1: Mudager (big blind) showed [Ac As] and won ($41.50) with a pair of Aces
Seat 2: Pete81 (button) (small blind) mucked


PokerStars Hand #147210206909:  Hold'em Limit ($3/$6 USD) - 2016/01/17 14:23:02 ET
Table 'Triton III' 2-max Seat #1 is the button
Seat 1: Mudager ($120 in chips)
Seat 2: Pete81 ($65.76 in chips)
Mudager: posts small blind $1
Pete81: posts big blind $3
*** HOLE CARDS ***
Mudager: raises $3 to $6
Pete81: calls $3
*** FLOP *** [2s Kc 4h]
Pete81: checks
Mudager: bets $3
Pete81: folds
Uncalled bet ($3) returned to Mudager
Mudager collected $11.76 from pot
Mudager: doesn't show hand
*** SUMMARY ***
Total pot $12 | Rake $0.24
Board [2s Kc 4h]
Seat 1: Mudager (button) (small blind) collected ($11.76)
Seat 2: Pete81 (big blind) folded on the Flop


PokerStars Hand #147210316464:  Hold'em Limit ($3/$6 USD) - 2016/01/17 14:24:33 ET
Table 'Triton III' 2-max Seat #1 is the button
Seat 1: Mudager ($130.02 in chips)
Seat 2: Pete81 ($54.26 in chips)
Mudager: posts small blind $1
Pete81: posts big blind $3
*** HOLE CARDS ***
Mudager: folds
Uncalled bet ($2) returned to Pete81
Pete81 collected $2 from pot
Pete81: doesn't show hand
*** SUMMARY ***
Total pot $2 | Rake $0
Seat 1: Mudager (button) (small blind) folded before Flop
Seat 2: Pete81 (big blind) collected ($2)


PokerStars Hand #147210310552:  Hold'em Limit ($3/$6 USD) - 2016/01/17 14:24:28 ET
Table 'Triton III' 2-max Seat #2 is the button
Seat 1: Mudager ($129.02 in chips)
Seat 2: Pete81 ($55.26 in chips)
Pete81: posts small blind $1
Mudager: posts big blind $3
*** HOLE CARDS ***
Pete81: folds
Uncalled bet ($2) returned to Mudager
Mudager collected $2 from pot
Mudager: doesn't show hand
*** SUMMARY ***
Total pot $2 | Rake $0
Seat 1: Mudager (big blind) collected ($2)
Seat 2: Pete81 (button) (small blind) folded before Flop


PokerStars Hand #147210301862:  Hold'em Limit ($3/$6 USD) - 2016/01/17 14:24:21 ET
Table 'Triton III' 2-max Seat #1 is the button
Seat 1: Mudager ($130.02 in chips)
Seat 2: Pete81 ($54.26 in chips)
Mudager: posts small blind $1
Pete81: posts big blind $3
*** HOLE CARDS ***
Mudager: folds
Uncalled bet ($2) returned to Pete81
Pete81 collected $2 from pot
Pete81: doesn't show hand
*** SUMMARY ***
Total pot $2 | Rake $0
Seat 1: Mudager (button) (small blind) folded before Flop
Seat 2: Pete81 (big blind) collected ($2)


PokerStars Hand #147210295753:  Hold'em Limit ($3/$6 USD) - 2016/01/17 14:24:16 ET
Table 'Triton III' 2-max Seat #2 is the button
Seat 1: Mudager ($129.02 in chips)
Seat 2: Pete81 ($55.26 in chips)
Pete81: posts small blind $1
Mudager: posts big blind $3
*** HOLE CARDS ***
Pete81: folds
Uncalled bet ($2) returned to Mudager
Mudager collected $2 from pot
Mudager: doesn't show hand
*** SUMMARY ***
Total pot $2 | Rake $0
Seat 1: Mudager (big blind) collected ($2)
Seat 2: Pete81 (button) (small blind) folded before Flop


PokerStars Hand #147210265644:  Hold'em Limit ($3/$6 USD) - 2016/01/17 14:23:51 ET
Table 'Triton III' 2-max Seat #1 is the button
Seat 1: Mudager ($153.02 in chips)
Seat 2: Pete81 ($31.76 in chips)
Mudager: posts small blind $1
Pete81: posts big blind $3
*** HOLE CARDS ***
Mudager: raises $3 to $6
Pete81: raises $3 to $9
Mudager: calls $3
*** FLOP *** [6s Qc 9c]
Pete81: bets $3
Mudager: raises $3 to $6
Pete81: raises $3 to $9
Mudager: calls $3
*** TURN *** [6s Qc 9c] [Kh]
Pete81: bets $6
Mudager: calls $6
*** RIVER *** [6s Qc 9c Kh] [As]
Pete81: bets $6
Mudager: folds
Uncalled bet ($6) returned to Pete81
Pete81 collected $47.50 from pot
Pete81: doesn't show hand
*** SUMMARY ***
Total pot $48 | Rake $0.50
Board [6s Qc 9c Kh As]
Seat 1: Mudager (button) (small blind) folded on the River
Seat 2: Pete81 (big blind) collected ($47.50)


PokerStars Hand #147210259507:  Hold'em Limit ($3/$6 USD) - 2016/01/17 14:23:46 ET
Table 'Triton III' 2-max Seat #2 is the button
Seat 1: Mudager ($152.02 in chips)
Seat 2: Pete81 ($32.76 in chips)
Pete81: posts small blind $1
Mudager: posts big blind $3
*** HOLE CARDS ***
Pete81: folds
Uncalled bet ($2) returned to Mudager
Mudager collected $2 from pot
Mudager: doesn't show hand
*** SUMMARY ***
Total pot $2 | Rake $0
Seat 1: Mudager (big blind) collected ($2)
Seat 2: Pete81 (button) (small blind) folded before Flop


PokerStars Hand #147210246042:  Hold'em Limit ($3/$6 USD) - 2016/01/17 14:23:35 ET
Table 'Triton III' 2-max Seat #1 is the button
Seat 1: Mudager ($146.26 in chips)
Seat 2: Pete81 ($38.76 in chips)
Mudager: posts small blind $1
Pete81: posts big blind $3
*** HOLE CARDS ***
Mudager: raises $3 to $6
Pete81: calls $3
*** FLOP *** [Jc Js 8h]
Pete81: checks
Mudager: bets $3
Pete81: folds
Uncalled bet ($3) returned to Mudager
Mudager collected $11.76 from pot
Mudager: doesn't show hand
*** SUMMARY ***
Total pot $12 | Rake $0.24
Board [Jc Js 8h]
Seat 1: Mudager (button) (small blind) collected ($11.76)
Seat 2: Pete81 (big blind) folded on the Flop


PokerStars Hand #147210385581:  Hold'em Limit ($3/$6 USD) - 2016/01/17 14:25:30 ET
Table 'Triton III' 2-max Seat #1 is the button
Seat 1: Mudager ($121 in chips)
Seat 2: Pete81 ($83.52 in chips)
Mudager: posts small blind $1
Pete81: posts big blind $3
*** HOLE CARDS ***
Mudager: raises $3 to $6
Pete81: folds
Uncalled bet ($3) returned to Mudager
Mudager collected $6 from pot
Mudager: doesn't show hand
*** SUMMARY ***
Total pot $6 | Rake $0
Seat 1: Mudager (button) (small blind) collected ($6)
Seat 2: Pete81 (big blind) folded before Flop


PokerStars Hand #147210378355:  Hold'em Limit ($3/$6 USD) - 2016/01/17 14:25:24 ET
Table 'Triton III' 2-max Seat #2 is the button
Seat 1: Mudager ($124 in chips)
Seat 2: Pete81 ($80.52 in chips)
Pete81: posts small blind $1
Mudager: posts big blind $3
*** HOLE CARDS ***
Pete81: raises $3 to $6
Mudager: folds
Uncalled bet ($3) returned to Pete81
Pete81 collected $6 from pot
Pete81: doesn't show hand
*** SUMMARY ***
Total pot $6 | Rake $0
Seat 1: Mudager (big blind) folded before Flop
Seat 2: Pete81 (button) (small blind) collected ($6)


PokerStars Hand #147210370140:  Hold'em Limit ($3/$6 USD) - 2016/01/17 14:25:17 ET
Table 'Triton III' 2-max Seat #1 is the button
Seat 1: Mudager ($121 in chips)
Seat 2: Pete81 ($83.52 in chips)
Mudager: posts small blind $1
Pete81: posts big blind $3
*** HOLE CARDS ***
Mudager: raises $3 to $6
Pete81: folds
Uncalled bet ($3) returned to Mudager
Mudager collected $6 from pot
Mudager: doesn't show hand
*** SUMMARY ***
Total pot $6 | Rake $0
Seat 1: Mudager (button) (small blind) collected ($6)
Seat 2: Pete81 (big blind) folded before Flop


PokerStars Hand #147210363720:  Hold'em Limit ($3/$6 USD) - 2016/01/17 14:25:12 ET
Table 'Triton III' 2-max Seat #2 is the button
Seat 1: Mudager ($120 in chips)
Seat 2: Pete81 ($84.52 in chips)
Pete81: posts small blind $1
Mudager: posts big blind $3
*** HOLE CARDS ***
Pete81: folds
Uncalled bet ($2) returned to Mudager
Mudager collected $2 from pot
Mudager: doesn't show hand
*** SUMMARY ***
Total pot $2 | Rake $0
Seat 1: Mudager (big blind) collected ($2)
Seat 2: Pete81 (button) (small blind) folded before Flop


PokerStars Hand #147210338117:  Hold'em Limit ($3/$6 USD) - 2016/01/17 14:24:51 ET
Table 'Triton III' 2-max Seat #1 is the button
Seat 1: Mudager ($123.02 in chips)
Seat 2: Pete81 ($61.02 in chips)
Mudager: posts small blind $1
Pete81: posts big blind $3
*** HOLE CARDS ***
Mudager: raises $3 to $6
Pete81: raises $3 to $9
Mudager: calls $3
*** FLOP *** [Qs 7h 6h]
Pete81: bets $3
Mudager: calls $3
*** TURN *** [Qs 7h 6h] [2h]
Pete81: bets $6
Mudager: calls $6
*** RIVER *** [Qs 7h 6h 2h] [5s]
Pete81: bets $6
Mudager: calls $6
*** SHOW DOWN ***
Pete81: shows [As Qh] (a pair of Queens)
Mudager: mucks hand
Pete81 collected $47.50 from pot
*** SUMMARY ***
Total pot $48 | Rake $0.50
Board [Qs 7h 6h 2h 5s]
Seat 1: Mudager (button) (small blind) mucked
Seat 2: Pete81 (big blind) showed [As Qh] and won ($47.50) with a pair of Queens


PokerStars Hand #147210323125:  Hold'em Limit ($3/$6 USD) - 2016/01/17 14:24:39 ET
Table 'Triton III' 2-max Seat #2 is the button
Seat 1: Mudager ($129.02 in chips)
Seat 2: Pete81 ($55.26 in chips)
Pete81: posts small blind $1
Mudager: posts big blind $3
*** HOLE CARDS ***
Pete81: raises $3 to $6
Mudager: calls $3
*** FLOP *** [5s Ts Ah]
Mudager: checks
Pete81: bets $3
Mudager: folds
Uncalled bet ($3) returned to Pete81
Pete81 collected $11.76 from pot
Pete81: doesn't show hand
*** SUMMARY ***
Total pot $12 | Rake $0.24
Board [5s Ts Ah]
Seat 1: Mudager (big blind) folded on the Flop
Seat 2: Pete81 (button) (small blind) collected ($11.76)


PokerStars Hand #147210428758:  Hold'em Limit ($3/$6 USD) - 2016/01/17 14:26:05 ET
Table 'Triton III' 2-max Seat #1 is the button
Seat 1: Mudager ($124 in chips)
Seat 2: Pete81 ($82.28 in chips)
Mudager: posts small blind $1
Pete81: posts big blind $3
*** HOLE CARDS ***
Mudager: raises $3 to $6
Pete81: calls $3
*** FLOP *** [7d 3h 2d]
Pete81: checks
Mudager: bets $3
Pete81: raises $3 to $6
Mudager: raises $3 to $9
Pete81: calls $3
*** TURN *** [7d 3h 2d] [9c]
Pete81: checks
Mudager: checks
*** RIVER *** [7d 3h 2d 9c] [Qd]
Pete81: checks
Mudager: bets $6
Pete81: calls $6
*** SHOW DOWN ***
Mudager: shows [5s 4h] (high card Queen)
Pete81: shows [Ks 2h] (a pair of Deuces)
Pete81 collected $41.50 from pot
*** SUMMARY ***
Total pot $42 | Rake $0.50
Board [7d 3h 2d 9c Qd]
Seat 1: Mudager (button) (small blind) showed [5s 4h] and lost with high card Queen
Seat 2: Pete81 (big blind) showed [Ks 2h] and won ($41.50) with a pair of Deuces


PokerStars Hand #147210422438:  Hold'em Limit ($3/$6 USD) - 2016/01/17 14:26:00 ET
Table 'Triton III' 2-max Seat #2 is the button
Seat 1: Mudager ($123 in chips)
Seat 2: Pete81 ($83.28 in chips)
Pete81: posts small blind $1
Mudager: posts big blind $3
*** HOLE CARDS ***
Pete81: folds
Uncalled bet ($2) returned to Mudager
Mudager collected $2 from pot
Mudager: doesn't show hand
*** SUMMARY ***
Total pot $2 | Rake $0
Seat 1: Mudager (big blind) collected ($2)
Seat 2: Pete81 (button) (small blind) folded before Flop


PokerStars Hand #147210410069:  Hold'em Limit ($3/$6 USD) - 2016/01/17 14:25:50 ET
Table 'Triton III' 2-max Seat #1 is the button
Seat 1: Mudager ($120 in chips)
Seat 2: Pete81 ($86.28 in chips)
Mudager: posts small blind $1
Pete81: posts big blind $3
*** HOLE CARDS ***
Mudager: raises $3 to $6
Pete81: folds
Uncalled bet ($3) returned to Mudager
Mudager collected $6 from pot
Mudager: doesn't show hand
*** SUMMARY ***
Total pot $6 | Rake $0
Seat 1: Mudager (button) (small blind) collected ($6)
Seat 2: Pete81 (big blind) folded before Flop


PokerStars Hand #147210394653:  Hold'em Limit ($3/$6 USD) - 2016/01/17 14:25:37 ET
Table 'Triton III' 2-max Seat #2 is the button
Seat 1: Mudager ($124 in chips)
Seat 2: Pete81 ($80.52 in chips)
Pete81: posts small blind $1
Mudager: posts big blind $3
*** HOLE CARDS ***
Pete81: raises $3 to $6
Mudager: calls $3
*** FLOP *** [Ad Qd As]
Mudager: checks
Pete81: bets $3
Mudager: folds
Uncalled bet ($3) returned to Pete81
Pete81 collected $11.76 from pot
Pete81: doesn't show hand
*** SUMMARY ***
Total pot $12 | Rake $0.24
Board [Ad Qd As]
Seat 1: Mudager (big blind) folded on the Flop
Seat 2: Pete81 (button) (small blind) collected ($11.76)


PokerStars Hand #147210508254:  Hold'em Limit ($3/$6 USD) - 2016/01/17 14:27:11 ET
Table 'Triton III' 2-max Seat #2 is the button
Seat 1: Mudager ($125.76 in chips)
Seat 2: Pete81 ($96.53 in chips)
Pete81: posts small blind $1
Mudager: posts big blind $3
*** HOLE CARDS ***
Pete81: raises $3 to $6
Mudager: raises $3 to $9
Pete81: calls $3
*** FLOP *** [Jh 3s 2c]
Mudager: bets $3
Pete81: folds
Uncalled bet ($3) returned to Mudager
Mudager collected $17.64 from pot
Mudager: doesn't show hand
*** SUMMARY ***
Total pot $18 | Rake $0.36
Board [Jh 3s 2c]
Seat 1: Mudager (big blind) collected ($17.64)
Seat 2: Pete81 (button) (small blind) folded on the Flop


PokerStars Hand #147210491259:  Hold'em Limit ($3/$6 USD) - 2016/01/17 14:26:57 ET
Table 'Triton III' 2-max Seat #1 is the button
Seat 1: Mudager ($120 in chips)
Seat 2: Pete81 ($102.53 in chips)
Mudager: posts small blind $1
Pete81: posts big blind $3
*** HOLE CARDS ***
Mudager: raises $3 to $6
Pete81: calls $3
*** FLOP *** [9h 8c Ts]
Pete81: checks
Mudager: bets $3
Pete81: folds
Uncalled bet ($3) returned to Mudager
Mudager collected $11.76 from pot
Mudager: doesn't show hand
*** SUMMARY ***
Total pot $12 | Rake $0.24
Board [9h 8c Ts]
Seat 1: Mudager (button) (small blind) collected ($11.76)
Seat 2: Pete81 (big blind) folded on the Flop


PokerStars Hand #147210456281:  Hold'em Limit ($3/$6 USD) - 2016/01/17 14:26:28 ET
Table 'Triton III' 2-max Seat #2 is the button
Seat 1: Mudager ($120 in chips)
Seat 2: Pete81 ($102.78 in chips)
Pete81: posts small blind $1
Mudager: posts big blind $3
*** HOLE CARDS ***
Pete81: raises $3 to $6
Mudager: calls $3
*** FLOP *** [6c As 9h]
Mudager: checks
Pete81: bets $3
Mudager: raises $3 to $6
Pete81: calls $3
*** TURN *** [6c As 9h] [Ah]
Mudager: bets $6
Pete81: calls $6
*** RIVER *** [6c As 9h Ah] [3h]
Mudager: bets $6
Pete81: calls $6
*** SHOW DOWN ***
Mudager: shows [Qc 9c] (two pair, Aces and Nines)
Pete81: shows [Qd 9s] (two pair, Aces and Nines)
Mudager collected $23.75 from pot
Pete81 collected $23.75 from pot
*** SUMMARY ***
Total pot $48 | Rake $0.50
Board [6c As 9h Ah 3h]
Seat 1: Mudager (big blind) showed [Qc 9c] and won ($23.75) with two pair, Aces and Nines
Seat 2: Pete81 (button) (small blind) showed [Qd 9s] and won ($23.75) with two pair, Aces and Nines


PokerStars Hand #147210608244:  Hold'em Limit ($3/$6 USD) - 2016/01/17 14:28:35 ET
Table 'Triton III' 2-max Seat #2 is the button
Seat 1: Mudager ($199.40 in chips)
Seat 2: Pete81 ($21.29 in chips)
Pete81: posts small blind $1
Mudager: posts big blind $3
*** HOLE CARDS ***
Pete81: folds
Uncalled bet ($2) returned to Mudager
Mudager collected $2 from pot
Mudager: doesn't show hand
*** SUMMARY ***
Total pot $2 | Rake $0
Seat 1: Mudager (big blind) collected ($2)
Seat 2: Pete81 (button) (small blind) folded before Flop


PokerStars Hand #147210575798:  Hold'em Limit ($3/$6 USD) - 2016/01/17 14:28:07 ET
Table 'Triton III' 2-max Seat #1 is the button
Seat 1: Mudager ($163.90 in chips)
Seat 2: Pete81 ($57.29 in chips)
Mudager: posts small blind $1
Pete81: posts big blind $3
*** HOLE CARDS ***
Mudager: raises $3 to $6
Pete81: raises $3 to $9
Mudager: calls $3
*** FLOP *** [7d 3h 9h]
Pete81: bets $3
Mudager: raises $3 to $6
Pete81: raises $3 to $9
Mudager: calls $3
*** TURN *** [7d 3h 9h] [9s]
Pete81: bets $6
Mudager: raises $6 to $12
Pete81: calls $6
*** RIVER *** [7d 3h 9h 9s] [Td]
Pete81: checks
Mudager: bets $6
Pete81: calls $6
*** SHOW DOWN ***
Mudager: shows [9d Qc] (three of a kind, Nines)
Pete81: mucks hand
Mudager collected $71.50 from pot
*** SUMMARY ***
Total pot $72 | Rake $0.50
Board [7d 3h 9h 9s Td]
Seat 1: Mudager (button) (small blind) showed [9d Qc] and won ($71.50) with three of a kind, Nines
Seat 2: Pete81 (big blind) mucked


PokerStars Hand #147210559581:  Hold'em Limit ($3/$6 USD) - 2016/01/17 14:27:53 ET
Table 'Triton III' 2-max Seat #2 is the button
Seat 1: Mudager ($169.90 in chips)
Seat 2: Pete81 ($51.53 in chips)
Pete81: posts small blind $1
Mudager: posts big blind $3
*** HOLE CARDS ***
Pete81: raises $3 to $6
Mudager: calls $3
*** FLOP *** [7c 4h Jc]
Mudager: checks
Pete81: bets $3
Mudager: folds
Uncalled bet ($3) returned to Pete81
Pete81 collected $11.76 from pot
Pete81: doesn't show hand
*** SUMMARY ***
Total pot $12 | Rake $0.24
Board [7c 4h Jc]
Seat 1: Mudager (big blind) folded on the Flop
Seat 2: Pete81 (button) (small blind) collected ($11.76)


PokerStars Hand #147210533404:  Hold'em Limit ($3/$6 USD) - 2016/01/17 14:27:32 ET
Table 'Triton III' 2-max Seat #1 is the button
Seat 1: Mudager ($134.40 in chips)
Seat 2: Pete81 ($87.53 in chips)
Mudager: posts small blind $1
Pete81: posts big blind $3
*** HOLE CARDS ***
Mudager: raises $3 to $6
Pete81: raises $3 to $9
Mudager: calls $3
*** FLOP *** [6c 2s 4s]
Pete81: bets $3
Mudager: calls $3
*** TURN *** [6c 2s 4s] [8d]
Pete81: bets $6
Mudager: calls $6
*** RIVER *** [6c 2s 4s 8d] [Kh]
Pete81: bets $6
Mudager: raises $6 to $12
Pete81: raises $6 to $18
Mudager: calls $6
*** SHOW DOWN ***
Pete81: shows [Ah Ad] (a pair of Aces)
Mudager: shows [Kd 2h] (two pair, Kings and Deuces)
Mudager collected $71.50 from pot
*** SUMMARY ***
Total pot $72 | Rake $0.50
Board [6c 2s 4s 8d Kh]
Seat 1: Mudager (button) (small blind) showed [Kd 2h] and won ($71.50) with two pair, Kings and Deuces
Seat 2: Pete81 (big blind) showed [Ah Ad] and lost with a pair of Aces


PokerStars Hand #147210656008:  Hold'em Limit ($3/$6 USD) - 2016/01/17 14:29:14 ET
Table 'Triton III' 2-max Seat #1 is the button
Seat 1: Mudager ($174.11 in chips)
Seat 2: Pete81 ($45.84 in chips)
Mudager: posts small blind $1
Pete81: posts big blind $3
*** HOLE CARDS ***
Mudager: raises $3 to $6
Pete81: raises $3 to $9
Mudager: calls $3
*** FLOP *** [9d Th 6c]
Pete81: bets $3
Mudager: calls $3
*** TURN *** [9d Th 6c] [Qs]
Pete81: checks
Mudager: bets $6
Pete81: calls $6
*** RIVER *** [9d Th 6c Qs] [9h]
Pete81: checks
Mudager: bets $6
Pete81: calls $6
*** SHOW DOWN ***
Mudager: shows [Qc 7d] (two pair, Queens and Nines)
Pete81: mucks hand
Mudager collected $47.50 from pot
*** SUMMARY ***
Total pot $48 | Rake $0.50
Board [9d Th 6c Qs 9h]
Seat 1: Mudager (button) (small blind) showed [Qc 7d] and won ($47.50) with two pair, Queens and Nines
Seat 2: Pete81 (big blind) mucked


PokerStars Hand #147210641849:  Hold'em Limit ($3/$6 USD) - 2016/01/17 14:29:02 ET
Table 'Triton III' 2-max Seat #2 is the button
Seat 1: Mudager ($180.11 in chips)
Seat 2: Pete81 ($40.08 in chips)
Pete81: posts small blind $1
Mudager: posts big blind $3
*** HOLE CARDS ***
Pete81: raises $3 to $6
Mudager: calls $3
*** FLOP *** [Jd Td 5h]
Mudager: checks
Pete81: bets $3
Mudager: folds
Uncalled bet ($3) returned to Pete81
Pete81 collected $11.76 from pot
Pete81: doesn't show hand
*** SUMMARY ***
Total pot $12 | Rake $0.24
Board [Jd Td 5h]
Seat 1: Mudager (big blind) folded on the Flop
Seat 2: Pete81 (button) (small blind) collected ($11.76)


PokerStars Hand #147210613946:  Hold'em Limit ($3/$6 USD) - 2016/01/17 14:28:39 ET
Table 'Triton III' 2-max Seat #1 is the button
Seat 1: Mudager ($200.40 in chips)
Seat 2: Pete81 ($20.29 in chips)
Mudager: posts small blind $1
Pete81: posts big blind $3
*** HOLE CARDS ***
Mudager: raises $3 to $6
Pete81: calls $3
*** FLOP *** [6h Ts Ah]
Pete81: checks
Mudager: bets $3
Pete81: raises $3 to $6
Mudager: calls $3
*** TURN *** [6h Ts Ah] [8c]
Pete81: bets $6
Mudager: calls $6
*** RIVER *** [6h Ts Ah 8c] [Ks]
Pete81: bets $2.29 and is all-in
Mudager: calls $2.29
*** SHOW DOWN ***
Pete81: shows [4s Th] (a pair of Tens)
Mudager: shows [9c Jc] (high card Ace)
Pete81 collected $40.08 from pot
*** SUMMARY ***
Total pot $40.58 | Rake $0.50
Board [6h Ts Ah 8c Ks]
Seat 1: Mudager (button) (small blind) showed [9c Jc] and lost with high card Ace
Seat 2: Pete81 (big blind) showed [4s Th] and won ($40.08) with a pair of Tens


PokerStars Hand #147210749691:  Hold'em Limit ($3/$6 USD) - 2016/01/17 14:30:33 ET
Table 'Triton III' 2-max Seat #1 is the button
Seat 1: Mudager ($187.53 in chips)
Seat 2: Pete81 ($30.68 in chips)
Mudager: posts small blind $1
Pete81: posts big blind $3
*** HOLE CARDS ***
Mudager: raises $3 to $6
Pete81: folds
Uncalled bet ($3) returned to Mudager
Mudager collected $6 from pot
Mudager: doesn't show hand
*** SUMMARY ***
Total pot $6 | Rake $0
Seat 1: Mudager (button) (small blind) collected ($6)
Seat 2: Pete81 (big blind) folded before Flop


PokerStars Hand #147210723099:  Hold'em Limit ($3/$6 USD) - 2016/01/17 14:30:11 ET
Table 'Triton III' 2-max Seat #2 is the button
Seat 1: Mudager ($203.12 in chips)
Seat 2: Pete81 ($15.59 in chips)
Pete81: posts small blind $1
Mudager: posts big blind $3
*** HOLE CARDS ***
Pete81: raises $3 to $6
Mudager: calls $3
*** FLOP *** [6c 3s 9h]
Mudager: checks
Pete81: bets $3
Mudager: calls $3
*** TURN *** [6c 3s 9h] [2c]
Mudager: checks
Pete81: bets $6
Mudager: calls $6
*** RIVER *** [6c 3s 9h 2c] [8d]
Mudager: bets $6
Pete81: calls $0.59 and is all-in
Uncalled bet ($5.41) returned to Mudager
*** SHOW DOWN ***
Mudager: shows [Jh 3h] (a pair of Threes)
Pete81: shows [Tc 8s] (a pair of Eights)
Pete81 collected $30.68 from pot
*** SUMMARY ***
Total pot $31.18 | Rake $0.50
Board [6c 3s 9h 2c 8d]
Seat 1: Mudager (big blind) showed [Jh 3h] and lost with a pair of Threes
Seat 2: Pete81 (button) (small blind) showed [Tc 8s] and won ($30.68) with a pair of Eights


PokerStars Hand #147210707405:  Hold'em Limit ($3/$6 USD) - 2016/01/17 14:29:57 ET
Table 'Triton III' 2-max Seat #1 is the button
Seat 1: Mudager ($197.36 in chips)
Seat 2: Pete81 ($21.59 in chips)
Mudager: posts small blind $1
Pete81: posts big blind $3
*** HOLE CARDS ***
Mudager: raises $3 to $6
Pete81: calls $3
*** FLOP *** [8s Jd Qd]
Pete81: checks
Mudager: bets $3
Pete81: folds
Uncalled bet ($3) returned to Mudager
Mudager collected $11.76 from pot
Mudager: doesn't show hand
*** SUMMARY ***
Total pot $12 | Rake $0.24
Board [8s Jd Qd]
Seat 1: Mudager (button) (small blind) collected ($11.76)
Seat 2: Pete81 (big blind) folded on the Flop


PokerStars Hand #147210681231:  Hold'em Limit ($3/$6 USD) - 2016/01/17 14:29:36 ET
Table 'Triton III' 2-max Seat #2 is the button
Seat 1: Mudager ($197.61 in chips)
Seat 2: Pete81 ($21.84 in chips)
Pete81: posts small blind $1
Mudager: posts big blind $3
*** HOLE CARDS ***
Pete81: raises $3 to $6
Mudager: calls $3
*** FLOP *** [Kh Tc Td]
Mudager: checks
Pete81: bets $3
Mudager: calls $3
*** TURN *** [Kh Tc Td] [9h]
Mudager: checks
Pete81: bets $6
Mudager: calls $6
*** RIVER *** [Kh Tc Td 9h] [7s]
Mudager: checks
Pete81: checks
*** SHOW DOWN ***
Mudager: shows [4c Jc] (a pair of Tens)
Pete81: shows [3h Jh] (a pair of Tens)
Mudager collected $14.75 from pot
Pete81 collected $14.75 from pot
*** SUMMARY ***
Total pot $30 | Rake $0.50
Board [Kh Tc Td 9h 7s]
Seat 1: Mudager (big blind) showed [4c Jc] and won ($14.75) with a pair of Tens
Seat 2: Pete81 (button) (small blind) showed [3h Jh] and won ($14.75) with a pair of Tens


PokerStars Hand #147210793993:  Hold'em Limit ($3/$6 USD) - 2016/01/17 14:31:09 ET
Table 'Triton III' 2-max Seat #1 is the button
Seat 1: Mudager ($191.29 in chips)
Seat 2: Pete81 ($26.44 in chips)
Mudager: posts small blind $1
Pete81: posts big blind $3
*** HOLE CARDS ***
Mudager: raises $3 to $6
Pete81: calls $3
*** FLOP *** [4c 5s 4d]
Pete81: checks
Mudager: bets $3
Pete81: raises $3 to $6
Mudager: folds
Uncalled bet ($3) returned to Pete81
Pete81 collected $17.64 from pot
Pete81: doesn't show hand
*** SUMMARY ***
Total pot $18 | Rake $0.36
Board [4c 5s 4d]
Seat 1: Mudager (button) (small blind) folded on the Flop
Seat 2: Pete81 (big blind) collected ($17.64)


PokerStars Hand #147210788325:  Hold'em Limit ($3/$6 USD) - 2016/01/17 14:31:05 ET
Table 'Triton III' 2-max Seat #2 is the button
Seat 1: Mudager ($190.29 in chips)
Seat 2: Pete81 ($27.44 in chips)
Pete81: posts small blind $1
Mudager: posts big blind $3
*** HOLE CARDS ***
Pete81: folds
Uncalled bet ($2) returned to Mudager
Mudager collected $2 from pot
Mudager: doesn't show hand
*** SUMMARY ***
Total pot $2 | Rake $0
Seat 1: Mudager (big blind) collected ($2)
Seat 2: Pete81 (button) (small blind) folded before Flop


PokerStars Hand #147210774941:  Hold'em Limit ($3/$6 USD) - 2016/01/17 14:30:54 ET
Table 'Triton III' 2-max Seat #1 is the button
Seat 1: Mudager ($184.53 in chips)
Seat 2: Pete81 ($33.44 in chips)
Mudager: posts small blind $1
Pete81: posts big blind $3
*** HOLE CARDS ***
Mudager: raises $3 to $6
Pete81: calls $3
*** FLOP *** [2h 2d 3s]
Pete81: checks
Mudager: bets $3
Pete81: folds
Uncalled bet ($3) returned to Mudager
Mudager collected $11.76 from pot
Mudager: doesn't show hand
*** SUMMARY ***
Total pot $12 | Rake $0.24
Board [2h 2d 3s]
Seat 1: Mudager (button) (small blind) collected ($11.76)
Seat 2: Pete81 (big blind) folded on the Flop


PokerStars Hand #147210759822:  Hold'em Limit ($3/$6 USD) - 2016/01/17 14:30:41 ET
Table 'Triton III' 2-max Seat #2 is the button
Seat 1: Mudager ($190.53 in chips)
Seat 2: Pete81 ($27.68 in chips)
Pete81: posts small blind $1
Mudager: posts big blind $3
*** HOLE CARDS ***
Pete81: raises $3 to $6
Mudager: calls $3
*** FLOP *** [5d 9c Kc]
Mudager: checks
Pete81: bets $3
Mudager: folds
Uncalled bet ($3) returned to Pete81
Pete81 collected $11.76 from pot
Pete81: doesn't show hand
*** SUMMARY ***
Total pot $12 | Rake $0.24
Board [5d 9c Kc]
Seat 1: Mudager (big blind) folded on the Flop
Seat 2: Pete81 (button) (small blind) collected ($11.76)


PokerStars Hand #147210882230:  Hold'em Limit ($3/$6 USD) - 2016/01/17 14:32:22 ET
Table 'Triton III' 2-max Seat #2 is the button
Seat 1: Mudager ($152.97 in chips)
Seat 2: Pete81 ($63.66 in chips)
Pete81: posts small blind $1
Mudager: posts big blind $3
*** HOLE CARDS ***
Pete81: raises $3 to $6
Mudager: raises $3 to $9
Pete81: calls $3
*** FLOP *** [6c Qs Th]
Mudager: bets $3
Pete81: folds
Uncalled bet ($3) returned to Mudager
Mudager collected $17.64 from pot
Mudager: doesn't show hand
*** SUMMARY ***
Total pot $18 | Rake $0.36
Board [6c Qs Th]
Seat 1: Mudager (big blind) collected ($17.64)
Seat 2: Pete81 (button) (small blind) folded on the Flop


PokerStars Hand #147210847792:  Hold'em Limit ($3/$6 USD) - 2016/01/17 14:31:54 ET
Table 'Triton III' 2-max Seat #1 is the button
Seat 1: Mudager ($147.21 in chips)
Seat 2: Pete81 ($69.66 in chips)
Mudager: posts small blind $1
Pete81: posts big blind $3
*** HOLE CARDS ***
Mudager: raises $3 to $6
Pete81: calls $3
*** FLOP *** [Kc Jd 3h]
Pete81: checks
Mudager: bets $3
Pete81: folds
Uncalled bet ($3) returned to Mudager
Mudager collected $11.76 from pot
Mudager: doesn't show hand
*** SUMMARY ***
Total pot $12 | Rake $0.24
Board [Kc Jd 3h]
Seat 1: Mudager (button) (small blind) collected ($11.76)
Seat 2: Pete81 (big blind) folded on the Flop


PokerStars Hand #147210811353:  Hold'em Limit ($3/$6 USD) - 2016/01/17 14:31:24 ET
Table 'Triton III' 2-max Seat #2 is the button
Seat 1: Mudager ($182.29 in chips)
Seat 2: Pete81 ($35.08 in chips)
Pete81: posts small blind $1
Mudager: posts big blind $3
*** HOLE CARDS ***
Pete81: raises $3 to $6
Mudager: calls $3
*** FLOP *** [9h 7d 7s]
Mudager: checks
Pete81: bets $3
Mudager: raises $3 to $6
Pete81: raises $3 to $9
Mudager: calls $3
*** TURN *** [9h 7d 7s] [8s]
Mudager: checks
Pete81: bets $6
Mudager: raises $6 to $12
Pete81: raises $6 to $18
Mudager: raises $6 to $24
Betting is capped
Pete81: calls $2.08 and is all-in
Uncalled bet ($3.92) returned to Mudager
*** RIVER *** [9h 7d 7s 8s] [4c]
*** SHOW DOWN ***
Mudager: shows [5d 6d] (a straight, Five to Nine)
Pete81: shows [7c 8h] (a full house, Sevens full of Eights)
Pete81 collected $69.66 from pot
*** SUMMARY ***
Total pot $70.16 | Rake $0.50
Board [9h 7d 7s 8s 4c]
Seat 1: Mudager (big blind) showed [5d 6d] and lost with a straight, Five to Nine
Seat 2: Pete81 (button) (small blind) showed [7c 8h] and won ($69.66) with a full house, Sevens full of Eights


PokerStars Hand #147210971221:  Hold'em Limit ($3/$6 USD) - 2016/01/17 14:33:35 ET
Table 'Triton III' 2-max Seat #1 is the button
Seat 1: Mudager ($146.61 in chips)
Seat 2: Pete81 ($69.06 in chips)
Mudager: posts small blind $1
Pete81: posts big blind $3
*** HOLE CARDS ***
Mudager: folds
Uncalled bet ($2) returned to Pete81
Pete81 collected $2 from pot
Pete81: doesn't show hand
*** SUMMARY ***
Total pot $2 | Rake $0
Seat 1: Mudager (button) (small blind) folded before Flop
Seat 2: Pete81 (big blind) collected ($2)


PokerStars Hand #147210938395:  Hold'em Limit ($3/$6 USD) - 2016/01/17 14:33:08 ET
Table 'Triton III' 2-max Seat #2 is the button
Seat 1: Mudager ($152.61 in chips)
Seat 2: Pete81 ($63.30 in chips)
Pete81: posts small blind $1
Mudager: posts big blind $3
*** HOLE CARDS ***
Pete81: raises $3 to $6
Mudager: calls $3
*** FLOP *** [7h 6c 5c]
Mudager: checks
Pete81: bets $3
Mudager: folds
Uncalled bet ($3) returned to Pete81
Pete81 collected $11.76 from pot
Pete81: doesn't show hand
*** SUMMARY ***
Total pot $12 | Rake $0.24
Board [7h 6c 5c]
Seat 1: Mudager (big blind) folded on the Flop
Seat 2: Pete81 (button) (small blind) collected ($11.76)


PokerStars Hand #147210931902:  Hold'em Limit ($3/$6 USD) - 2016/01/17 14:33:03 ET
Table 'Triton III' 2-max Seat #1 is the button
Seat 1: Mudager ($153.61 in chips)
Seat 2: Pete81 ($62.30 in chips)
Mudager: posts small blind $1
Pete81: posts big blind $3
*** HOLE CARDS ***
Mudager: folds
Uncalled bet ($2) returned to Pete81
Pete81 collected $2 from pot
Pete81: doesn't show hand
*** SUMMARY ***
Total pot $2 | Rake $0
Seat 1: Mudager (button) (small blind) folded before Flop
Seat 2: Pete81 (big blind) collected ($2)


PokerStars Hand #147210917739:  Hold'em Limit ($3/$6 USD) - 2016/01/17 14:32:51 ET
Table 'Triton III' 2-max Seat #2 is the button
Seat 1: Mudager ($152.61 in chips)
Seat 2: Pete81 ($63.30 in chips)
Pete81: posts small blind $1
Mudager: posts big blind $3
*** HOLE CARDS ***
Pete81: folds
Uncalled bet ($2) returned to Mudager
Mudager collected $2 from pot
Mudager: doesn't show hand
*** SUMMARY ***
Total pot $2 | Rake $0
Seat 1: Mudager (big blind) collected ($2)
Seat 2: Pete81 (button) (small blind) folded before Flop


PokerStars Hand #147210900588:  Hold'em Limit ($3/$6 USD) - 2016/01/17 14:32:37 ET
Table 'Triton III' 2-max Seat #1 is the button
Seat 1: Mudager ($161.61 in chips)
Seat 2: Pete81 ($54.66 in chips)
Mudager: posts small blind $1
Pete81: posts big blind $3
*** HOLE CARDS ***
Mudager: raises $3 to $6
Pete81: calls $3
*** FLOP *** [Qd Td 2d]
Pete81: checks
Mudager: bets $3
Pete81: raises $3 to $6
Mudager: folds
Uncalled bet ($3) returned to Pete81
Pete81 collected $17.64 from pot
Pete81: doesn't show hand
*** SUMMARY ***
Total pot $18 | Rake $0.36
Board [Qd Td 2d]
Seat 1: Mudager (button) (small blind) folded on the Flop
Seat 2: Pete81 (big blind) collected ($17.64)


PokerStars Hand #147211024169:  Hold'em Limit ($3/$6 USD) - 2016/01/17 14:34:20 ET
Table 'Triton III' 2-max Seat #1 is the button
Seat 1: Mudager ($162.11 in chips)
Seat 2: Pete81 ($53.06 in chips)
Mudager: posts small blind $1
Pete81: posts big blind $3
*** HOLE CARDS ***
Mudager: raises $3 to $6
Pete81: folds
Uncalled bet ($3) returned to Mudager
Mudager collected $6 from pot
Mudager: doesn't show hand
*** SUMMARY ***
Total pot $6 | Rake $0
Seat 1: Mudager (button) (small blind) collected ($6)
Seat 2: Pete81 (big blind) folded before Flop


PokerStars Hand #147211016333:  Hold'em Limit ($3/$6 USD) - 2016/01/17 14:34:13 ET
Table 'Triton III' 2-max Seat #2 is the button
Seat 1: Mudager ($165.11 in chips)
Seat 2: Pete81 ($50.06 in chips)
Pete81: posts small blind $1
Mudager: posts big blind $3
*** HOLE CARDS ***
Pete81: raises $3 to $6
Mudager: folds
Uncalled bet ($3) returned to Pete81
Pete81 collected $6 from pot
Pete81: doesn't show hand
*** SUMMARY ***
Total pot $6 | Rake $0
Seat 1: Mudager (big blind) folded before Flop
Seat 2: Pete81 (button) (small blind) collected ($6)


PokerStars Hand #147211009118:  Hold'em Limit ($3/$6 USD) - 2016/01/17 14:34:07 ET
Table 'Triton III' 2-max Seat #1 is the button
Seat 1: Mudager ($166.11 in chips)
Seat 2: Pete81 ($49.06 in chips)
Mudager: posts small blind $1
Pete81: posts big blind $3
*** HOLE CARDS ***
Mudager: folds
Uncalled bet ($2) returned to Pete81
Pete81 collected $2 from pot
Pete81: doesn't show hand
*** SUMMARY ***
Total pot $2 | Rake $0
Seat 1: Mudager (button) (small blind) folded before Flop
Seat 2: Pete81 (big blind) collected ($2)


PokerStars Hand #147210979604:  Hold'em Limit ($3/$6 USD) - 2016/01/17 14:33:42 ET
Table 'Triton III' 2-max Seat #2 is the button
Seat 1: Mudager ($145.61 in chips)
Seat 2: Pete81 ($70.06 in chips)
Pete81: posts small blind $1
Mudager: posts big blind $3
*** HOLE CARDS ***
Pete81: raises $3 to $6
Mudager: raises $3 to $9
Pete81: calls $3
*** FLOP *** [Qd 7c 4s]
Mudager: bets $3
Pete81: raises $3 to $6
Mudager: calls $3
*** TURN *** [Qd 7c 4s] [Kh]
Mudager: checks
Pete81: bets $6
Mudager: raises $6 to $12
Pete81: folds
Uncalled bet ($6) returned to Mudager
Mudager collected $41.50 from pot
*** SUMMARY ***
Total pot $42 | Rake $0.50
Board [Qd 7c 4s Kh]
Seat 1: Mudager (big blind) collected ($41.50)
Seat 2: Pete81 (button) (small blind) folded on the Turn


PokerStars Hand #147211061672:  Hold'em Limit ($3/$6 USD) - 2016/01/17 14:34:51 ET
Table 'Triton III' 2-max Seat #1 is the button
Seat 1: Mudager ($150.11 in chips)
Seat 2: Pete81 ($64.56 in chips)
Mudager: posts small blind $1
Pete81: posts big blind $3
*** HOLE CARDS ***
Mudager: folds
Uncalled bet ($2) returned to Pete81
Pete81 collected $2 from pot
Pete81: doesn't show hand
*** SUMMARY ***
Total pot $2 | Rake $0
Seat 1: Mudager (button) (small blind) folded before Flop
Seat 2: Pete81 (big blind) collected ($2)


PokerStars Hand #147211031672:  Hold'em Limit ($3/$6 USD) - 2016/01/17 14:34:26 ET
Table 'Triton III' 2-max Seat #2 is the button
Seat 1: Mudager ($165.11 in chips)
Seat 2: Pete81 ($50.06 in chips)
Pete81: posts small blind $1
Mudager: posts big blind $3
*** HOLE CARDS ***
Pete81: raises $3 to $6
Mudager: calls $3
*** FLOP *** [Ah 7d 6d]
Mudager: checks
Pete81: bets $3
Mudager: calls $3
*** TURN *** [Ah 7d 6d] [4d]
Mudager: checks
Pete81: bets $6
Mudager: calls $6
*** RIVER *** [Ah 7d 6d 4d] [7c]
Mudager: checks
Pete81: bets $6
Mudager: folds
Uncalled bet ($6) returned to Pete81
Pete81 collected $29.50 from pot
Pete81: doesn't show hand
*** SUMMARY ***
Total pot $30 | Rake $0.50
Board [Ah 7d 6d 4d 7c]
Seat 1: Mudager (big blind) folded on the River
Seat 2: Pete81 (button) (small blind) collected ($29.50)


PokerStars Hand #147211067754:  Hold'em Limit ($3/$6 USD) - 2016/01/17 14:34:56 ET
Table 'Triton III' 2-max Seat #2 is the button
Seat 1: Mudager ($149.11 in chips)
Seat 2: Pete81 ($65.56 in chips)
Pete81: posts small blind $1
Mudager: posts big blind $3
*** HOLE CARDS ***
Pete81: raises $3 to $6
Mudager: calls $3
*** FLOP *** [3h 2c 6c]
Mudager: checks
Pete81: bets $3
Mudager: calls $3
*** TURN *** [3h 2c 6c] [2s]
Mudager: checks
Pete81: checks
*** RIVER *** [3h 2c 6c 2s] [7c]
Mudager: checks
Pete81: bets $6
Mudager: folds
Uncalled bet ($6) returned to Pete81
Pete81 collected $17.64 from pot
Pete81: doesn't show hand
*** SUMMARY ***
Total pot $18 | Rake $0.36
Board [3h 2c 6c 2s 7c]
Seat 1: Mudager (big blind) folded on the River
Seat 2: Pete81 (button) (small blind) collected ($17.64)


PokerStars Hand #147211146431:  Hold'em Limit ($3/$6 USD) - 2016/01/17 14:36:01 ET
Table 'Triton III' 2-max Seat #1 is the button
Seat 1: Mudager ($140.11 in chips)
Seat 2: Pete81 ($74.20 in chips)
Mudager: posts small blind $1
Pete81: posts big blind $3
*** HOLE CARDS ***
Mudager: raises $3 to $6
Pete81: calls $3
*** FLOP *** [3c Jd Kd]
Pete81: checks
Mudager: bets $3
Pete81: folds
Uncalled bet ($3) returned to Mudager
Mudager collected $11.76 from pot
Mudager: doesn't show hand
*** SUMMARY ***
Total pot $12 | Rake $0.24
Board [3c Jd Kd]
Seat 1: Mudager (button) (small blind) collected ($11.76)
Seat 2: Pete81 (big blind) folded on the Flop


PokerStars Hand #147211166816:  Hold'em Limit ($3/$6 USD) - 2016/01/17 14:36:18 ET
Table 'Triton III' 2-max Seat #2 is the button
Seat 1: Mudager ($145.87 in chips)
Seat 2: Pete81 ($68.20 in chips)
Pete81: posts small blind $1
Mudager: posts big blind $3
*** HOLE CARDS ***
Pete81: raises $3 to $6
Mudager: raises $3 to $9
Pete81: calls $3
*** FLOP *** [Qs Tc 2s]
Mudager: bets $3
Pete81: raises $3 to $6
Mudager: raises $3 to $9
Pete81: calls $3
*** TURN *** [Qs Tc 2s] [4c]
Mudager: bets $6
Pete81: calls $6
*** RIVER *** [Qs Tc 2s 4c] [Ad]
Mudager: bets $6
Pete81: calls $6
*** SHOW DOWN ***
Mudager: shows [As Ts] (two pair, Aces and Tens)
Pete81: mucks hand
Mudager collected $59.50 from pot
*** SUMMARY ***
Total pot $60 | Rake $0.50
Board [Qs Tc 2s 4c Ad]
Seat 1: Mudager (big blind) showed [As Ts] and won ($59.50) with two pair, Aces and Tens
Seat 2: Pete81 (button) (small blind) mucked


PokerStars Hand #147211226712:  Hold'em Limit ($3/$6 USD) - 2016/01/17 14:37:08 ET
Table 'Triton III' 2-max Seat #1 is the button
Seat 1: Mudager ($175.37 in chips)
Seat 2: Pete81 ($38.20 in chips)
Mudager: posts small blind $1
Pete81: posts big blind $3
*** HOLE CARDS ***
Mudager: raises $3 to $6
Pete81: raises $3 to $9
Mudager: calls $3
*** FLOP *** [8d 3d Qd]
Pete81: bets $3
Mudager: folds
Uncalled bet ($3) returned to Pete81
Pete81 collected $17.64 from pot
Pete81: doesn't show hand
*** SUMMARY ***
Total pot $18 | Rake $0.36
Board [8d 3d Qd]
Seat 1: Mudager (button) (small blind) folded on the Flop
Seat 2: Pete81 (big blind) collected ($17.64)


PokerStars Hand #147211249505:  Hold'em Limit ($3/$6 USD) - 2016/01/17 14:37:27 ET
Table 'Triton III' 2-max Seat #2 is the button
Seat 1: Mudager ($166.37 in chips)
Seat 2: Pete81 ($46.84 in chips)
Pete81: posts small blind $1
Mudager: posts big blind $3
*** HOLE CARDS ***
Pete81: raises $3 to $6
Mudager: raises $3 to $9
Pete81: raises $3 to $12
Betting is capped
Mudager: calls $3
*** FLOP *** [Jd Th 9c]
Mudager: checks
Pete81: bets $3
Mudager: raises $3 to $6
Pete81: folds
Uncalled bet ($3) returned to Mudager
Mudager collected $29.50 from pot
Mudager: doesn't show hand
*** SUMMARY ***
Total pot $30 | Rake $0.50
Board [Jd Th 9c]
Seat 1: Mudager (big blind) collected ($29.50)
Seat 2: Pete81 (button) (small blind) folded on the Flop


PokerStars Hand #147211284913:  Hold'em Limit ($3/$6 USD) - 2016/01/17 14:37:56 ET
Table 'Triton III' 2-max Seat #1 is the button
Seat 1: Mudager ($180.87 in chips)
Seat 2: Pete81 ($31.84 in chips)
Mudager: posts small blind $1
Pete81: posts big blind $3
*** HOLE CARDS ***
Mudager: raises $3 to $6
Pete81: calls $3
*** FLOP *** [8d As 8c]
Pete81: checks
Mudager: bets $3
Pete81: folds
Uncalled bet ($3) returned to Mudager
Mudager collected $11.76 from pot
Mudager: doesn't show hand
*** SUMMARY ***
Total pot $12 | Rake $0.24
Board [8d As 8c]
Seat 1: Mudager (button) (small blind) collected ($11.76)
Seat 2: Pete81 (big blind) folded on the Flop


PokerStars Hand #147211302818:  Hold'em Limit ($3/$6 USD) - 2016/01/17 14:38:11 ET
Table 'Triton III' 2-max Seat #2 is the button
Seat 1: Mudager ($186.63 in chips)
Seat 2: Pete81 ($25.84 in chips)
Pete81: posts small blind $1
Mudager: posts big blind $3
*** HOLE CARDS ***
Pete81: raises $3 to $6
Mudager: calls $3
*** FLOP *** [Ks 7s 5h]
Mudager: checks
Pete81: bets $3
Mudager: folds
Uncalled bet ($3) returned to Pete81
Pete81 collected $11.76 from pot
Pete81: doesn't show hand
*** SUMMARY ***
Total pot $12 | Rake $0.24
Board [Ks 7s 5h]
Seat 1: Mudager (big blind) folded on the Flop
Seat 2: Pete81 (button) (small blind) collected ($11.76)


PokerStars Hand #147211345121:  Hold'em Limit ($3/$6 USD) - 2016/01/17 14:38:46 ET
Table 'Triton III' 2-max Seat #1 is the button
Seat 1: Mudager ($180.63 in chips)
Seat 2: Pete81 ($31.60 in chips)
Mudager: posts small blind $1
Pete81: posts big blind $3
*** HOLE CARDS ***
Mudager: raises $3 to $6
Pete81: raises $3 to $9
Mudager: calls $3
*** FLOP *** [Ks Qd 5d]
Pete81: bets $3
Mudager: folds
Uncalled bet ($3) returned to Pete81
Pete81 collected $17.64 from pot
Pete81: doesn't show hand
*** SUMMARY ***
Total pot $18 | Rake $0.36
Board [Ks Qd 5d]
Seat 1: Mudager (button) (small blind) folded on the Flop
Seat 2: Pete81 (big blind) collected ($17.64)


PokerStars Hand #147211360048:  Hold'em Limit ($3/$6 USD) - 2016/01/17 14:38:58 ET
Table 'Triton III' 2-max Seat #2 is the button
Seat 1: Mudager ($171.63 in chips)
Seat 2: Pete81 ($40.24 in chips)
Pete81: posts small blind $1
Mudager: posts big blind $3
*** HOLE CARDS ***
Pete81: raises $3 to $6
Mudager: calls $3
*** FLOP *** [9s 4d Ac]
Mudager: checks
Pete81: bets $3
Mudager: folds
Uncalled bet ($3) returned to Pete81
Pete81 collected $11.76 from pot
Pete81: doesn't show hand
*** SUMMARY ***
Total pot $12 | Rake $0.24
Board [9s 4d Ac]
Seat 1: Mudager (big blind) folded on the Flop
Seat 2: Pete81 (button) (small blind) collected ($11.76)


PokerStars Hand #147211387716:  Hold'em Limit ($3/$6 USD) - 2016/01/17 14:39:21 ET
Table 'Triton III' 2-max Seat #1 is the button
Seat 1: Mudager ($165.63 in chips)
Seat 2: Pete81 ($46 in chips)
Mudager: posts small blind $1
Pete81: posts big blind $3
*** HOLE CARDS ***
Mudager: folds
Uncalled bet ($2) returned to Pete81
Pete81 collected $2 from pot
Pete81: doesn't show hand
*** SUMMARY ***
Total pot $2 | Rake $0
Seat 1: Mudager (button) (small blind) folded before Flop
Seat 2: Pete81 (big blind) collected ($2)


PokerStars Hand #147211443188:  Hold'em Limit ($3/$6 USD) - 2016/01/17 14:40:07 ET
Table 'Triton III' 2-max Seat #1 is the button
Seat 1: Mudager ($176.15 in chips)
Seat 2: Pete81 ($35 in chips)
Mudager: posts small blind $1
Pete81: posts big blind $3
*** HOLE CARDS ***
Mudager: raises $3 to $6
Pete81: folds
Uncalled bet ($3) returned to Mudager
Mudager collected $6 from pot
Mudager: doesn't show hand
*** SUMMARY ***
Total pot $6 | Rake $0
Seat 1: Mudager (button) (small blind) collected ($6)
Seat 2: Pete81 (big blind) folded before Flop


PokerStars Hand #147211412607:  Hold'em Limit ($3/$6 USD) - 2016/01/17 14:39:42 ET
Table 'Triton III' 2-max Seat #2 is the button
Seat 1: Mudager ($164.63 in chips)
Seat 2: Pete81 ($47 in chips)
Pete81: posts small blind $1
Mudager: posts big blind $3
*** HOLE CARDS ***
Pete81: raises $3 to $6
Mudager: calls $3
*** FLOP *** [Qh 7c 4s]
Mudager: checks
Pete81: bets $3
Mudager: raises $3 to $6
Pete81: calls $3
*** TURN *** [Qh 7c 4s] [7d]
Mudager: bets $6
Pete81: folds
Uncalled bet ($6) returned to Mudager
Mudager collected $23.52 from pot
Mudager: doesn't show hand
*** SUMMARY ***
Total pot $24 | Rake $0.48
Board [Qh 7c 4s 7d]
Seat 1: Mudager (big blind) collected ($23.52)
Seat 2: Pete81 (button) (small blind) folded on the Turn


