PokerStars Hand #169255347069:  Hold'em Limit ($3/$6 USD) - 2017/04/19 8:12:07 ET
Table 'Triton II' 6-max Seat #2 is the button
Seat 2: sim5sim5 ($72 in chips)
Seat 3: Actionni13 ($150 in chips)
sim5sim5: posts small blind $1
Actionni13: posts big blind $3
*** HOLE CARDS ***
sim5sim5: raises $3 to $6
Actionni13: raises $3 to $9
sim5sim5: calls $3
*** FLOP *** [Tc Jh 8h]
Actionni13: bets $3
sim5sim5: raises $3 to $6
Actionni13: calls $3
*** TURN *** [Tc Jh 8h] [8s]
Actionni13: checks
sim5sim5: bets $6
Actionni13: raises $6 to $12
sim5sim5: calls $6
*** RIVER *** [Tc Jh 8h 8s] [Ts]
Actionni13: bets $6
Agrotait leaves the table
sim5sim5: calls $6
*** SHOW DOWN ***
Actionni13: shows [As 8c] (a full house, Eights full of Tens)
sim5sim5: mucks hand
Actionni13 collected $65.50 from pot
*** SUMMARY ***
Total pot $66 | Rake $0.50
Board [Tc Jh 8h 8s Ts]
Seat 2: sim5sim5 (button) (small blind) mucked
Seat 3: Actionni13 (big blind) showed [As 8c] and won ($65.50) with a full house, Eights full of Tens


PokerStars Hand #169255367920:  Hold'em Limit ($3/$6 USD) - 2017/04/19 8:12:47 ET
Table 'Triton II' 6-max Seat #3 is the button
Seat 2: sim5sim5 ($72 in chips)
Seat 3: Actionni13 ($182.50 in chips)
Actionni13: posts small blind $1
sim5sim5: posts big blind $3
*** HOLE CARDS ***
Actionni13: raises $3 to $6
sim5sim5: calls $3
*** FLOP *** [5d 2d 6h]
sim5sim5: checks
Actionni13: bets $3
sim5sim5: raises $3 to $6
Actionni13: calls $3
*** TURN *** [5d 2d 6h] [Tc]
sim5sim5: bets $6
Actionni13: calls $6
*** RIVER *** [5d 2d 6h Tc] [8c]
sim5sim5: bets $6
Actionni13: folds
Uncalled bet ($6) returned to sim5sim5
sim5sim5 collected $35.50 from pot
sim5sim5: doesn't show hand
*** SUMMARY ***
Total pot $36 | Rake $0.50
Board [5d 2d 6h Tc 8c]
Seat 2: sim5sim5 (big blind) collected ($35.50)
Seat 3: Actionni13 (button) (small blind) folded on the River


PokerStars Hand #169255382389:  Hold'em Limit ($3/$6 USD) - 2017/04/19 8:13:15 ET
Table 'Triton II' 6-max Seat #2 is the button
Seat 2: sim5sim5 ($89.50 in chips)
Seat 3: Actionni13 ($164.50 in chips)
sim5sim5: posts small blind $1
Actionni13: posts big blind $3
*** HOLE CARDS ***
sim5sim5: raises $3 to $6
Actionni13: folds
Uncalled bet ($3) returned to sim5sim5
sim5sim5 collected $6 from pot
sim5sim5: doesn't show hand
*** SUMMARY ***
Total pot $6 | Rake $0
Seat 2: sim5sim5 (button) (small blind) collected ($6)
Seat 3: Actionni13 (big blind) folded before Flop


