PokerStars Hand #153150290184:  Hold'em Limit ($3/$6 USD) - 2016/05/11 4:59:31 ET
Table 'Triton' 6-max Seat #3 is the button
Seat 3: NAUTJE1337 ($50 in chips)
Seat 4: BuzovaPro ($120 in chips)
NAUTJE1337: posts small blind $1
BuzovaPro: posts big blind $3
*** HOLE CARDS ***
vitamin168 joins the table at seat #5
NAUTJE1337: folds
Uncalled bet ($2) returned to BuzovaPro
starpod joins the table at seat #6
BuzovaPro collected $2 from pot
BuzovaPro: doesn't show hand
*** SUMMARY ***
Total pot $2 | Rake $0
Seat 3: NAUTJE1337 (button) (small blind) folded before Flop
Seat 4: BuzovaPro (big blind) collected ($2)


PokerStars Hand #153151579787:  Hold'em Limit ($3/$6 USD) - 2016/05/11 5:57:33 ET
Table 'Triton' 6-max Seat #1 is the button
Seat 1: hors111 ($51.50 in chips)
Seat 4: pogi74 ($209.70 in chips)
hors111: posts small blind $1
TbIP-TbIP 88: is sitting out
pogi74: posts big blind $3
*** HOLE CARDS ***
hors111: raises $3 to $6
TbIP-TbIP 88 leaves the table
pogi74: calls $3
*** FLOP *** [6h Th 9h]
pogi74: checks
hors111: bets $3
pogi74: calls $3
*** TURN *** [6h Th 9h] [Kh]
pogi74: checks
hors111: checks
*** RIVER *** [6h Th 9h Kh] [8h]
pogi74: bets $6
hors111: calls $6
*** SHOW DOWN ***
pogi74: shows [8c Jc] (a flush, King high)
hors111: shows [Ts As] (a flush, King high)
pogi74 collected $14.75 from pot
hors111 collected $14.75 from pot
*** SUMMARY ***
Total pot $30 | Rake $0.50
Board [6h Th 9h Kh 8h]
Seat 1: hors111 (button) (small blind) showed [Ts As] and won ($14.75) with a flush, King high
Seat 4: pogi74 (big blind) showed [8c Jc] and won ($14.75) with a flush, King high


PokerStars Hand #153151613531:  Hold'em Limit ($3/$6 USD) - 2016/05/11 5:59:10 ET
Table 'Triton' 6-max Seat #4 is the button
Seat 1: hors111 ($38.89 in chips)
Seat 4: pogi74 ($220.95 in chips)
pogi74: posts small blind $1
hors111: posts big blind $3
*** HOLE CARDS ***
pogi74: folds
Uncalled bet ($2) returned to hors111
hors111 collected $2 from pot
*** SUMMARY ***
Total pot $2 | Rake $0
Seat 1: hors111 (big blind) collected ($2)
Seat 4: pogi74 (button) (small blind) folded before Flop


PokerStars Hand #153151611678:  Hold'em Limit ($3/$6 USD) - 2016/05/11 5:59:04 ET
Table 'Triton' 6-max Seat #1 is the button
Seat 1: hors111 ($39.89 in chips)
Seat 4: pogi74 ($219.95 in chips)
hors111: posts small blind $1
pogi74: posts big blind $3
*** HOLE CARDS ***
hors111: folds
Uncalled bet ($2) returned to pogi74
pogi74 collected $2 from pot
pogi74: doesn't show hand
*** SUMMARY ***
Total pot $2 | Rake $0
Seat 1: hors111 (button) (small blind) folded before Flop
Seat 4: pogi74 (big blind) collected ($2)


PokerStars Hand #153151609420:  Hold'em Limit ($3/$6 USD) - 2016/05/11 5:58:58 ET
Table 'Triton' 6-max Seat #4 is the button
Seat 1: hors111 ($38.89 in chips)
Seat 4: pogi74 ($220.95 in chips)
pogi74: posts small blind $1
hors111: posts big blind $3
*** HOLE CARDS ***
pogi74: folds
Uncalled bet ($2) returned to hors111
hors111 collected $2 from pot
*** SUMMARY ***
Total pot $2 | Rake $0
Seat 1: hors111 (big blind) collected ($2)
Seat 4: pogi74 (button) (small blind) folded before Flop


PokerStars Hand #153151598958:  Hold'em Limit ($3/$6 USD) - 2016/05/11 5:58:27 ET
Table 'Triton' 6-max Seat #1 is the button
Seat 1: hors111 ($30.25 in chips)
Seat 4: pogi74 ($229.95 in chips)
hors111: posts small blind $1
pogi74: posts big blind $3
*** HOLE CARDS ***
hors111: raises $3 to $6
pogi74: calls $3
*** FLOP *** [4h 9d 5s]
pogi74: checks
hors111: bets $3
pogi74: calls $3
*** TURN *** [4h 9d 5s] [6s]
pogi74: checks
hors111: checks
*** RIVER *** [4h 9d 5s 6s] [6d]
pogi74: checks
hors111: bets $6
pogi74: folds
Uncalled bet ($6) returned to hors111
hors111 collected $17.64 from pot
*** SUMMARY ***
Total pot $18 | Rake $0.36
Board [4h 9d 5s 6s 6d]
Seat 1: hors111 (button) (small blind) collected ($17.64)
Seat 4: pogi74 (big blind) folded on the River


PokerStars Hand #153151588866:  Hold'em Limit ($3/$6 USD) - 2016/05/11 5:57:58 ET
Table 'Triton' 6-max Seat #4 is the button
Seat 1: hors111 ($51.25 in chips)
Seat 4: pogi74 ($209.45 in chips)
pogi74: posts small blind $1
hors111: posts big blind $3
*** HOLE CARDS ***
pogi74: raises $3 to $6
hors111: calls $3
*** FLOP *** [6h 3h 7c]
hors111: checks
pogi74: bets $3
hors111: calls $3
*** TURN *** [6h 3h 7c] [5s]
hors111: bets $6
pogi74: calls $6
*** RIVER *** [6h 3h 7c 5s] [8c]
hors111: bets $6
pogi74: calls $6
*** SHOW DOWN ***
hors111: shows [Jd 8s] (a pair of Eights)
pogi74: shows [Qs Qc] (a pair of Queens)
pogi74 collected $41.50 from pot
*** SUMMARY ***
Total pot $42 | Rake $0.50
Board [6h 3h 7c 5s 8c]
Seat 1: hors111 (big blind) showed [Jd 8s] and lost with a pair of Eights
Seat 4: pogi74 (button) (small blind) showed [Qs Qc] and won ($41.50) with a pair of Queens


PokerStars Hand #153151627280:  Hold'em Limit ($3/$6 USD) - 2016/05/11 5:59:50 ET
Table 'Triton' 6-max Seat #4 is the button
Seat 1: hors111 ($63.39 in chips)
Seat 4: pogi74 ($195.95 in chips)
pogi74: posts small blind $1
hors111: posts big blind $3
*** HOLE CARDS ***
pogi74: raises $3 to $6
hors111: calls $3
*** FLOP *** [Js 6c 4h]
hors111: checks
pogi74: checks
*** TURN *** [Js 6c 4h] [5h]
hors111: bets $6
pogi74: folds
Uncalled bet ($6) returned to hors111
hors111 collected $11.76 from pot
*** SUMMARY ***
Total pot $12 | Rake $0.24
Board [Js 6c 4h 5h]
Seat 1: hors111 (big blind) collected ($11.76)
Seat 4: pogi74 (button) (small blind) folded on the Turn


PokerStars Hand #153151615371:  Hold'em Limit ($3/$6 USD) - 2016/05/11 5:59:15 ET
Table 'Triton' 6-max Seat #1 is the button
Seat 1: hors111 ($39.89 in chips)
Seat 4: pogi74 ($219.95 in chips)
hors111: posts small blind $1
pogi74: posts big blind $3
*** HOLE CARDS ***
hors111: calls $2
pogi74: raises $3 to $6
hors111: calls $3
*** FLOP *** [Ts 7c 8h]
pogi74: bets $3
hors111: raises $3 to $6
pogi74: calls $3
*** TURN *** [Ts 7c 8h] [2h]
pogi74: checks
hors111: bets $6
pogi74: calls $6
*** RIVER *** [Ts 7c 8h 2h] [4s]
pogi74: checks
hors111: bets $6
pogi74: calls $6
*** SHOW DOWN ***
hors111: shows [9h Tc] (a pair of Tens)
pogi74: mucks hand
hors111 collected $47.50 from pot
*** SUMMARY ***
Total pot $48 | Rake $0.50
Board [Ts 7c 8h 2h 4s]
Seat 1: hors111 (button) (small blind) showed [9h Tc] and won ($47.50) with a pair of Tens
Seat 4: pogi74 (big blind) mucked


PokerStars Hand #153151635337:  Hold'em Limit ($3/$6 USD) - 2016/05/11 6:00:13 ET
Table 'Triton' 6-max Seat #1 is the button
Seat 1: hors111 ($69.15 in chips)
Seat 4: pogi74 ($189.95 in chips)
hors111: posts small blind $1
pogi74: posts big blind $3
*** HOLE CARDS ***
hors111: folds
Uncalled bet ($2) returned to pogi74
pogi74 collected $2 from pot
pogi74: doesn't show hand
*** SUMMARY ***
Total pot $2 | Rake $0
Seat 1: hors111 (button) (small blind) folded before Flop
Seat 4: pogi74 (big blind) collected ($2)


PokerStars Hand #153151649646:  Hold'em Limit ($3/$6 USD) - 2016/05/11 6:00:54 ET
Table 'Triton' 6-max Seat #1 is the button
Seat 1: hors111 ($50.15 in chips)
Seat 4: pogi74 ($208.45 in chips)
hors111: posts small blind $1
pogi74: posts big blind $3
*** HOLE CARDS ***
hors111: raises $3 to $6
pogi74: folds
Uncalled bet ($3) returned to hors111
hors111 collected $6 from pot
*** SUMMARY ***
Total pot $6 | Rake $0
Seat 1: hors111 (button) (small blind) collected ($6)
Seat 4: pogi74 (big blind) folded before Flop


PokerStars Hand #153151638309:  Hold'em Limit ($3/$6 USD) - 2016/05/11 6:00:22 ET
Table 'Triton' 6-max Seat #4 is the button
Seat 1: hors111 ($68.15 in chips)
Seat 4: pogi74 ($190.95 in chips)
pogi74: posts small blind $1
hors111: posts big blind $3
*** HOLE CARDS ***
pogi74: raises $3 to $6
hors111: calls $3
*** FLOP *** [6s 5c 3s]
hors111: checks
pogi74: checks
*** TURN *** [6s 5c 3s] [8d]
hors111: checks
pogi74: checks
*** RIVER *** [6s 5c 3s 8d] [2s]
hors111: bets $6
pogi74: raises $6 to $12
hors111: calls $6
*** SHOW DOWN ***
pogi74: shows [4d Qd] (a straight, Deuce to Six)
hors111: mucks hand
pogi74 collected $35.50 from pot
*** SUMMARY ***
Total pot $36 | Rake $0.50
Board [6s 5c 3s 8d 2s]
Seat 1: hors111 (big blind) mucked
Seat 4: pogi74 (button) (small blind) showed [4d Qd] and won ($35.50) with a straight, Deuce to Six


PokerStars Hand #153151667853:  Hold'em Limit ($3/$6 USD) - 2016/05/11 6:01:43 ET
Table 'Triton' 6-max Seat #4 is the button
Seat 1: hors111 ($68.79 in chips)
Seat 4: pogi74 ($189.45 in chips)
pogi74: posts small blind $1
hors111: posts big blind $3
*** HOLE CARDS ***
pogi74: raises $3 to $6
hors111: folds
Uncalled bet ($3) returned to pogi74
pogi74 collected $6 from pot
pogi74: doesn't show hand
*** SUMMARY ***
Total pot $6 | Rake $0
Seat 1: hors111 (big blind) folded before Flop
Seat 4: pogi74 (button) (small blind) collected ($6)


PokerStars Hand #153151664490:  Hold'em Limit ($3/$6 USD) - 2016/05/11 6:01:34 ET
Table 'Triton' 6-max Seat #1 is the button
Seat 1: hors111 ($65.79 in chips)
Seat 4: pogi74 ($192.45 in chips)
hors111: posts small blind $1
pogi74: posts big blind $3
*** HOLE CARDS ***
hors111: raises $3 to $6
pogi74: folds
Uncalled bet ($3) returned to hors111
hors111 collected $6 from pot
*** SUMMARY ***
Total pot $6 | Rake $0
Seat 1: hors111 (button) (small blind) collected ($6)
Seat 4: pogi74 (big blind) folded before Flop


PokerStars Hand #153151661645:  Hold'em Limit ($3/$6 USD) - 2016/05/11 6:01:27 ET
Table 'Triton' 6-max Seat #4 is the button
Seat 1: hors111 ($64.79 in chips)
Seat 4: pogi74 ($193.45 in chips)
pogi74: posts small blind $1
hors111: posts big blind $3
*** HOLE CARDS ***
pogi74: folds
Uncalled bet ($2) returned to hors111
hors111 collected $2 from pot
*** SUMMARY ***
Total pot $2 | Rake $0
Seat 1: hors111 (big blind) collected ($2)
Seat 4: pogi74 (button) (small blind) folded before Flop


PokerStars Hand #153151658592:  Hold'em Limit ($3/$6 USD) - 2016/05/11 6:01:18 ET
Table 'Triton' 6-max Seat #1 is the button
Seat 1: hors111 ($61.79 in chips)
Seat 4: pogi74 ($196.45 in chips)
hors111: posts small blind $1
pogi74: posts big blind $3
*** HOLE CARDS ***
hors111: raises $3 to $6
pogi74: folds
Uncalled bet ($3) returned to hors111
hors111 collected $6 from pot
*** SUMMARY ***
Total pot $6 | Rake $0
Seat 1: hors111 (button) (small blind) collected ($6)
Seat 4: pogi74 (big blind) folded before Flop


PokerStars Hand #153151652576:  Hold'em Limit ($3/$6 USD) - 2016/05/11 6:01:02 ET
Table 'Triton' 6-max Seat #4 is the button
Seat 1: hors111 ($53.15 in chips)
Seat 4: pogi74 ($205.45 in chips)
pogi74: posts small blind $1
hors111: posts big blind $3
*** HOLE CARDS ***
pogi74: raises $3 to $6
hors111: raises $3 to $9
pogi74: calls $3
*** FLOP *** [6h 6c Qh]
hors111: bets $3
pogi74: folds
Uncalled bet ($3) returned to hors111
hors111 collected $17.64 from pot
*** SUMMARY ***
Total pot $18 | Rake $0.36
Board [6h 6c Qh]
Seat 1: hors111 (big blind) collected ($17.64)
Seat 4: pogi74 (button) (small blind) folded on the Flop


PokerStars Hand #153151696435:  Hold'em Limit ($3/$6 USD) - 2016/05/11 6:02:57 ET
Table 'Triton' 6-max Seat #4 is the button
Seat 1: hors111 ($52.43 in chips)
Seat 4: pogi74 ($204.95 in chips)
pogi74: posts small blind $1
hors111: posts big blind $3
*** HOLE CARDS ***
pogi74: folds
Uncalled bet ($2) returned to hors111
hors111 collected $2 from pot
*** SUMMARY ***
Total pot $2 | Rake $0
Seat 1: hors111 (big blind) collected ($2)
Seat 4: pogi74 (button) (small blind) folded before Flop


PokerStars Hand #153151694105:  Hold'em Limit ($3/$6 USD) - 2016/05/11 6:02:51 ET
Table 'Triton' 6-max Seat #1 is the button
Seat 1: hors111 ($53.43 in chips)
Seat 4: pogi74 ($203.95 in chips)
hors111: posts small blind $1
pogi74: posts big blind $3
*** HOLE CARDS ***
hors111: folds
Uncalled bet ($2) returned to pogi74
pogi74 collected $2 from pot
pogi74: doesn't show hand
*** SUMMARY ***
Total pot $2 | Rake $0
Seat 1: hors111 (button) (small blind) folded before Flop
Seat 4: pogi74 (big blind) collected ($2)


PokerStars Hand #153151688466:  Hold'em Limit ($3/$6 USD) - 2016/05/11 6:02:36 ET
Table 'Triton' 6-max Seat #4 is the button
Seat 1: hors111 ($44.79 in chips)
Seat 4: pogi74 ($212.95 in chips)
pogi74: posts small blind $1
hors111: posts big blind $3
*** HOLE CARDS ***
pogi74: raises $3 to $6
hors111: raises $3 to $9
pogi74: calls $3
*** FLOP *** [9d 2d 4c]
hors111: bets $3
pogi74: folds
Uncalled bet ($3) returned to hors111
hors111 collected $17.64 from pot
*** SUMMARY ***
Total pot $18 | Rake $0.36
Board [9d 2d 4c]
Seat 1: hors111 (big blind) collected ($17.64)
Seat 4: pogi74 (button) (small blind) folded on the Flop


PokerStars Hand #153151681347:  Hold'em Limit ($3/$6 USD) - 2016/05/11 6:02:18 ET
Table 'Triton' 6-max Seat #4 is the button
Seat 1: hors111 ($44.79 in chips)
Seat 4: pogi74 ($212.95 in chips)
pogi74: posts small blind $1
hors111: posts big blind $3
*** HOLE CARDS ***
pogi74: folds
Uncalled bet ($2) returned to hors111
hors111 collected $2 from pot
*** SUMMARY ***
Total pot $2 | Rake $0
Seat 1: hors111 (big blind) collected ($2)
Seat 4: pogi74 (button) (small blind) folded before Flop


PokerStars Hand #153151670863:  Hold'em Limit ($3/$6 USD) - 2016/05/11 6:01:51 ET
Table 'Triton' 6-max Seat #1 is the button
Seat 1: hors111 ($65.79 in chips)
Seat 4: pogi74 ($192.45 in chips)
hors111: posts small blind $1
pogi74: posts big blind $3
*** HOLE CARDS ***
hors111: raises $3 to $6
pogi74: calls $3
*** FLOP *** [7h 5s 3c]
pogi74: checks
hors111: bets $3
pogi74: calls $3
*** TURN *** [7h 5s 3c] [2c]
pogi74: checks
hors111: bets $6
pogi74: calls $6
*** RIVER *** [7h 5s 3c 2c] [4c]
pogi74: bets $6
hors111: calls $6
*** SHOW DOWN ***
pogi74: shows [Ac 6c] (a flush, Ace high)
hors111: mucks hand
pogi74 collected $41.50 from pot
*** SUMMARY ***
Total pot $42 | Rake $0.50
Board [7h 5s 3c 2c 4c]
Seat 1: hors111 (button) (small blind) mucked
Seat 4: pogi74 (big blind) showed [Ac 6c] and won ($41.50) with a flush, Ace high


PokerStars Hand #153151711231:  Hold'em Limit ($3/$6 USD) - 2016/05/11 6:03:35 ET
Table 'Triton' 6-max Seat #4 is the button
Seat 1: hors111 ($63.19 in chips)
Seat 4: pogi74 ($193.95 in chips)
pogi74: posts small blind $1
hors111: posts big blind $3
*** HOLE CARDS ***
pogi74: raises $3 to $6
hors111: raises $3 to $9
pogi74: calls $3
*** FLOP *** [3h Ts 2s]
hors111: bets $3
pogi74: calls $3
*** TURN *** [3h Ts 2s] [Ks]
hors111: bets $6
pogi74: calls $6
*** RIVER *** [3h Ts 2s Ks] [5h]
hors111: bets $6
pogi74: calls $6
*** SHOW DOWN ***
hors111: shows [Kh Qs] (a pair of Kings)
pogi74: mucks hand
hors111 collected $47.50 from pot
*** SUMMARY ***
Total pot $48 | Rake $0.50
Board [3h Ts 2s Ks 5h]
Seat 1: hors111 (big blind) showed [Kh Qs] and won ($47.50) with a pair of Kings
Seat 4: pogi74 (button) (small blind) mucked


PokerStars Hand #153151708194:  Hold'em Limit ($3/$6 USD) - 2016/05/11 6:03:27 ET
Table 'Triton' 6-max Seat #1 is the button
Seat 1: hors111 ($60.19 in chips)
Seat 4: pogi74 ($196.95 in chips)
hors111: posts small blind $1
pogi74: posts big blind $3
*** HOLE CARDS ***
hors111: raises $3 to $6
pogi74: folds
Uncalled bet ($3) returned to hors111
hors111 collected $6 from pot
*** SUMMARY ***
Total pot $6 | Rake $0
Seat 1: hors111 (button) (small blind) collected ($6)
Seat 4: pogi74 (big blind) folded before Flop


PokerStars Hand #153151705963:  Hold'em Limit ($3/$6 USD) - 2016/05/11 6:03:21 ET
Table 'Triton' 6-max Seat #4 is the button
Seat 1: hors111 ($59.19 in chips)
Seat 4: pogi74 ($197.95 in chips)
pogi74: posts small blind $1
hors111: posts big blind $3
*** HOLE CARDS ***
pogi74: folds
Uncalled bet ($2) returned to hors111
hors111 collected $2 from pot
*** SUMMARY ***
Total pot $2 | Rake $0
Seat 1: hors111 (big blind) collected ($2)
Seat 4: pogi74 (button) (small blind) folded before Flop


PokerStars Hand #153151699635:  Hold'em Limit ($3/$6 USD) - 2016/05/11 6:03:05 ET
Table 'Triton' 6-max Seat #1 is the button
Seat 1: hors111 ($53.43 in chips)
Seat 4: pogi74 ($203.95 in chips)
hors111: posts small blind $1
pogi74: posts big blind $3
*** HOLE CARDS ***
hors111: raises $3 to $6
pogi74: calls $3
*** FLOP *** [8d As 5c]
pogi74: checks
hors111: bets $3
pogi74: folds
Uncalled bet ($3) returned to hors111
hors111 collected $11.76 from pot
hors111: shows [Qd Ad] (a pair of Aces)
*** SUMMARY ***
Total pot $12 | Rake $0.24
Board [8d As 5c]
Seat 1: hors111 (button) (small blind) collected ($11.76)
Seat 4: pogi74 (big blind) folded on the Flop


PokerStars Hand #153151739880:  Hold'em Limit ($3/$6 USD) - 2016/05/11 6:04:47 ET
Table 'Triton' 6-max Seat #1 is the button
Seat 1: hors111 ($108.19 in chips)
Seat 4: pogi74 ($147.95 in chips)
hors111: posts small blind $1
pogi74: posts big blind $3
*** HOLE CARDS ***
hors111: calls $2
pogi74: checks
*** FLOP *** [3d 9d 8d]
pogi74: checks
hors111: bets $3
pogi74: folds
Uncalled bet ($3) returned to hors111
hors111 collected $5.88 from pot
*** SUMMARY ***
Total pot $6 | Rake $0.12
Board [3d 9d 8d]
Seat 1: hors111 (button) (small blind) collected ($5.88)
Seat 4: pogi74 (big blind) folded on the Flop


PokerStars Hand #153151737070:  Hold'em Limit ($3/$6 USD) - 2016/05/11 6:04:40 ET
Table 'Triton' 6-max Seat #4 is the button
Seat 1: hors111 ($107.19 in chips)
Seat 4: pogi74 ($148.95 in chips)
pogi74: posts small blind $1
hors111: posts big blind $3
*** HOLE CARDS ***
pogi74: folds
Uncalled bet ($2) returned to hors111
hors111 collected $2 from pot
*** SUMMARY ***
Total pot $2 | Rake $0
Seat 1: hors111 (big blind) collected ($2)
Seat 4: pogi74 (button) (small blind) folded before Flop


PokerStars Hand #153151723990:  Hold'em Limit ($3/$6 USD) - 2016/05/11 6:04:07 ET
Table 'Triton' 6-max Seat #1 is the button
Seat 1: hors111 ($86.69 in chips)
Seat 4: pogi74 ($169.95 in chips)
hors111: posts small blind $1
pogi74: posts big blind $3
*** HOLE CARDS ***
hors111: raises $3 to $6
pogi74: calls $3
*** FLOP *** [5c Jd 4c]
pogi74: checks
hors111: bets $3
pogi74: calls $3
*** TURN *** [5c Jd 4c] [8d]
pogi74: checks
hors111: bets $6
pogi74: calls $6
*** RIVER *** [5c Jd 4c 8d] [Kh]
pogi74: checks
hors111: bets $6
pogi74: calls $6
*** SHOW DOWN ***
hors111: shows [Kd 5d] (two pair, Kings and Fives)
pogi74: mucks hand
hors111 collected $41.50 from pot
*** SUMMARY ***
Total pot $42 | Rake $0.50
Board [5c Jd 4c 8d Kh]
Seat 1: hors111 (button) (small blind) showed [Kd 5d] and won ($41.50) with two pair, Kings and Fives
Seat 4: pogi74 (big blind) mucked


PokerStars Hand #153151769565:  Hold'em Limit ($3/$6 USD) - 2016/05/11 6:06:02 ET
Table 'Triton' 6-max Seat #1 is the button
Seat 1: hors111 ($103.07 in chips)
Seat 4: pogi74 ($152.47 in chips)
hors111: posts small blind $1
pogi74: posts big blind $3
*** HOLE CARDS ***
hors111: raises $3 to $6
pogi74: folds
Uncalled bet ($3) returned to hors111
hors111 collected $6 from pot
*** SUMMARY ***
Total pot $6 | Rake $0
Seat 1: hors111 (button) (small blind) collected ($6)
Seat 4: pogi74 (big blind) folded before Flop


PokerStars Hand #153151756660:  Hold'em Limit ($3/$6 USD) - 2016/05/11 6:05:30 ET
Table 'Triton' 6-max Seat #4 is the button
Seat 1: hors111 ($115.07 in chips)
Seat 4: pogi74 ($140.95 in chips)
pogi74: posts small blind $1
hors111: posts big blind $3
*** HOLE CARDS ***
pogi74: raises $3 to $6
hors111: calls $3
*** FLOP *** [5d 4c 8h]
hors111: checks
pogi74: checks
*** TURN *** [5d 4c 8h] [Td]
hors111: checks
pogi74: bets $6
hors111: calls $6
*** RIVER *** [5d 4c 8h Td] [4h]
hors111: checks
pogi74: bets $6
hors111: folds
Uncalled bet ($6) returned to pogi74
pogi74 collected $23.52 from pot
pogi74: doesn't show hand
*** SUMMARY ***
Total pot $24 | Rake $0.48
Board [5d 4c 8h Td 4h]
Seat 1: hors111 (big blind) folded on the River
Seat 4: pogi74 (button) (small blind) collected ($23.52)


PokerStars Hand #153151753899:  Hold'em Limit ($3/$6 USD) - 2016/05/11 6:05:23 ET
Table 'Triton' 6-max Seat #1 is the button
Seat 1: hors111 ($112.07 in chips)
Seat 4: pogi74 ($143.95 in chips)
hors111: posts small blind $1
pogi74: posts big blind $3
*** HOLE CARDS ***
hors111: raises $3 to $6
pogi74: folds
Uncalled bet ($3) returned to hors111
hors111 collected $6 from pot
*** SUMMARY ***
Total pot $6 | Rake $0
Seat 1: hors111 (button) (small blind) collected ($6)
Seat 4: pogi74 (big blind) folded before Flop


PokerStars Hand #153151751555:  Hold'em Limit ($3/$6 USD) - 2016/05/11 6:05:17 ET
Table 'Triton' 6-max Seat #4 is the button
Seat 1: hors111 ($111.07 in chips)
Seat 4: pogi74 ($144.95 in chips)
pogi74: posts small blind $1
hors111: posts big blind $3
*** HOLE CARDS ***
pogi74: folds
Uncalled bet ($2) returned to hors111
hors111 collected $2 from pot
*** SUMMARY ***
Total pot $2 | Rake $0
Seat 1: hors111 (big blind) collected ($2)
Seat 4: pogi74 (button) (small blind) folded before Flop


PokerStars Hand #153151790652:  Hold'em Limit ($3/$6 USD) - 2016/05/11 6:06:55 ET
Table 'Triton' 6-max Seat #1 is the button
Seat 1: hors111 ($87.07 in chips)
Seat 4: pogi74 ($167.97 in chips)
hors111: posts small blind $1
pogi74: posts big blind $3
*** HOLE CARDS ***
hors111: raises $3 to $6
pogi74: calls $3
*** FLOP *** [2h Qc As]
pogi74: checks
hors111: bets $3
pogi74: folds
Uncalled bet ($3) returned to hors111
hors111 collected $11.76 from pot
*** SUMMARY ***
Total pot $12 | Rake $0.24
Board [2h Qc As]
Seat 1: hors111 (button) (small blind) collected ($11.76)
Seat 4: pogi74 (big blind) folded on the Flop


PokerStars Hand #153151788065:  Hold'em Limit ($3/$6 USD) - 2016/05/11 6:06:49 ET
Table 'Triton' 6-max Seat #4 is the button
Seat 1: hors111 ($86.07 in chips)
Seat 4: pogi74 ($168.97 in chips)
pogi74: posts small blind $1
hors111: posts big blind $3
*** HOLE CARDS ***
pogi74: folds
Uncalled bet ($2) returned to hors111
hors111 collected $2 from pot
*** SUMMARY ***
Total pot $2 | Rake $0
Seat 1: hors111 (big blind) collected ($2)
Seat 4: pogi74 (button) (small blind) folded before Flop


PokerStars Hand #153151775617:  Hold'em Limit ($3/$6 USD) - 2016/05/11 6:06:17 ET
Table 'Triton' 6-max Seat #1 is the button
Seat 1: hors111 ($107.07 in chips)
Seat 4: pogi74 ($148.47 in chips)
hors111: posts small blind $1
pogi74: posts big blind $3
*** HOLE CARDS ***
hors111: raises $3 to $6
pogi74: raises $3 to $9
hors111: calls $3
*** FLOP *** [2s 5d Qc]
pogi74: bets $3
hors111: raises $3 to $6
pogi74: calls $3
*** TURN *** [2s 5d Qc] [Kc]
pogi74: bets $6
hors111: calls $6
*** RIVER *** [2s 5d Qc Kc] [2d]
pogi74: bets $6
hors111: folds
Uncalled bet ($6) returned to pogi74
pogi74 collected $41.50 from pot
pogi74: doesn't show hand
*** SUMMARY ***
Total pot $42 | Rake $0.50
Board [2s 5d Qc Kc 2d]
Seat 1: hors111 (button) (small blind) folded on the River
Seat 4: pogi74 (big blind) collected ($41.50)


PokerStars Hand #153151812275:  Hold'em Limit ($3/$6 USD) - 2016/05/11 6:07:50 ET
Table 'Triton' 6-max Seat #4 is the button
Seat 1: hors111 ($67.83 in chips)
Seat 4: pogi74 ($186.47 in chips)
pogi74: posts small blind $1
hors111: posts big blind $3
*** HOLE CARDS ***
pogi74: folds
Uncalled bet ($2) returned to hors111
hors111 collected $2 from pot
*** SUMMARY ***
Total pot $2 | Rake $0
Seat 1: hors111 (big blind) collected ($2)
Seat 4: pogi74 (button) (small blind) folded before Flop


PokerStars Hand #153151810307:  Hold'em Limit ($3/$6 USD) - 2016/05/11 6:07:45 ET
Table 'Triton' 6-max Seat #1 is the button
Seat 1: hors111 ($68.83 in chips)
Seat 4: pogi74 ($185.47 in chips)
hors111: posts small blind $1
pogi74: posts big blind $3
*** HOLE CARDS ***
hors111: folds
Uncalled bet ($2) returned to pogi74
pogi74 collected $2 from pot
pogi74: doesn't show hand
*** SUMMARY ***
Total pot $2 | Rake $0
Seat 1: hors111 (button) (small blind) folded before Flop
Seat 4: pogi74 (big blind) collected ($2)


PokerStars Hand #153151795932:  Hold'em Limit ($3/$6 USD) - 2016/05/11 6:07:09 ET
Table 'Triton' 6-max Seat #4 is the button
Seat 1: hors111 ($92.83 in chips)
Seat 4: pogi74 ($161.97 in chips)
pogi74: posts small blind $1
hors111: posts big blind $3
*** HOLE CARDS ***
pogi74: raises $3 to $6
hors111: raises $3 to $9
pogi74: raises $3 to $12
Betting is capped
hors111: calls $3
*** FLOP *** [2c Kd Td]
hors111: checks
pogi74: checks
*** TURN *** [2c Kd Td] [8c]
hors111: bets $6
pogi74: calls $6
*** RIVER *** [2c Kd Td 8c] [As]
hors111: bets $6
pogi74: calls $6
*** SHOW DOWN ***
hors111: shows [Qs 9h] (high card Ace)
pogi74: shows [Js Jh] (a pair of Jacks)
pogi74 collected $47.50 from pot
*** SUMMARY ***
Total pot $48 | Rake $0.50
Board [2c Kd Td 8c As]
Seat 1: hors111 (big blind) showed [Qs 9h] and lost with high card Ace
Seat 4: pogi74 (button) (small blind) showed [Js Jh] and won ($47.50) with a pair of Jacks


PokerStars Hand #153151830892:  Hold'em Limit ($3/$6 USD) - 2016/05/11 6:08:37 ET
Table 'Triton' 6-max Seat #4 is the button
Seat 1: hors111 ($54.83 in chips)
Seat 4: pogi74 ($198.97 in chips)
pogi74: posts small blind $1
hors111: posts big blind $3
*** HOLE CARDS ***
pogi74: raises $3 to $6
hors111: raises $3 to $9
pogi74: calls $3
*** FLOP *** [Tc 7h 7s]
hors111: bets $3
pogi74: calls $3
*** TURN *** [Tc 7h 7s] [As]
hors111: bets $6
pogi74: calls $6
*** RIVER *** [Tc 7h 7s As] [2c]
hors111: checks
pogi74: bets $6
hors111: calls $6
*** SHOW DOWN ***
pogi74: shows [Jd 7d] (three of a kind, Sevens)
hors111: mucks hand
pogi74 collected $47.50 from pot
*** SUMMARY ***
Total pot $48 | Rake $0.50
Board [Tc 7h 7s As 2c]
Seat 1: hors111 (big blind) mucked
Seat 4: pogi74 (button) (small blind) showed [Jd 7d] and won ($47.50) with three of a kind, Sevens


PokerStars Hand #153151827951:  Hold'em Limit ($3/$6 USD) - 2016/05/11 6:08:30 ET
Table 'Triton' 6-max Seat #1 is the button
Seat 1: hors111 ($51.83 in chips)
Seat 4: pogi74 ($201.97 in chips)
hors111: posts small blind $1
pogi74: posts big blind $3
*** HOLE CARDS ***
hors111: raises $3 to $6
pogi74: folds
Uncalled bet ($3) returned to hors111
hors111 collected $6 from pot
*** SUMMARY ***
Total pot $6 | Rake $0
Seat 1: hors111 (button) (small blind) collected ($6)
Seat 4: pogi74 (big blind) folded before Flop


PokerStars Hand #153151825524:  Hold'em Limit ($3/$6 USD) - 2016/05/11 6:08:24 ET
Table 'Triton' 6-max Seat #4 is the button
Seat 1: hors111 ($50.83 in chips)
Seat 4: pogi74 ($202.97 in chips)
pogi74: posts small blind $1
hors111: posts big blind $3
*** HOLE CARDS ***
pogi74: folds
Uncalled bet ($2) returned to hors111
hors111 collected $2 from pot
*** SUMMARY ***
Total pot $2 | Rake $0
Seat 1: hors111 (big blind) collected ($2)
Seat 4: pogi74 (button) (small blind) folded before Flop


PokerStars Hand #153151814373:  Hold'em Limit ($3/$6 USD) - 2016/05/11 6:07:55 ET
Table 'Triton' 6-max Seat #1 is the button
Seat 1: hors111 ($68.83 in chips)
Seat 4: pogi74 ($185.47 in chips)
hors111: posts small blind $1
pogi74: posts big blind $3
*** HOLE CARDS ***
hors111: raises $3 to $6
pogi74: calls $3
*** FLOP *** [Qc 3h Qd]
pogi74: checks
hors111: checks
*** TURN *** [Qc 3h Qd] [Ac]
pogi74: checks
hors111: bets $6
pogi74: calls $6
*** RIVER *** [Qc 3h Qd Ac] [As]
pogi74: checks
hors111: bets $6
pogi74: calls $6
*** SHOW DOWN ***
hors111: shows [7d 6d] (two pair, Aces and Queens)
pogi74: shows [Tc Kc] (two pair, Aces and Queens - King kicker)
pogi74 collected $35.50 from pot
*** SUMMARY ***
Total pot $36 | Rake $0.50
Board [Qc 3h Qd Ac As]
Seat 1: hors111 (button) (small blind) showed [7d 6d] and lost with two pair, Aces and Queens
Seat 4: pogi74 (big blind) showed [Tc Kc] and won ($35.50) with two pair, Aces and Queens


PokerStars Hand #153151865819:  Hold'em Limit ($3/$6 USD) - 2016/05/11 6:10:05 ET
Table 'Triton' 6-max Seat #1 is the button
Seat 1: hors111 ($21.59 in chips)
Seat 4: pogi74 ($230.97 in chips)
hors111: posts small blind $1
pogi74: posts big blind $3
*** HOLE CARDS ***
hors111: folds
Uncalled bet ($2) returned to pogi74
pogi74 collected $2 from pot
pogi74: doesn't show hand
*** SUMMARY ***
Total pot $2 | Rake $0
Seat 1: hors111 (button) (small blind) folded before Flop
Seat 4: pogi74 (big blind) collected ($2)


PokerStars Hand #153151856818:  Hold'em Limit ($3/$6 USD) - 2016/05/11 6:09:43 ET
Table 'Triton' 6-max Seat #4 is the button
Seat 1: hors111 ($15.83 in chips)
Seat 4: pogi74 ($236.97 in chips)
pogi74: posts small blind $1
hors111: posts big blind $3
*** HOLE CARDS ***
pogi74: raises $3 to $6
hors111: calls $3
*** FLOP *** [Ah 2h 9s]
hors111: checks
pogi74: checks
*** TURN *** [Ah 2h 9s] [3d]
hors111: checks
pogi74: checks
*** RIVER *** [Ah 2h 9s 3d] [Qh]
hors111: checks
pogi74: checks
*** SHOW DOWN ***
hors111: shows [Qs 4c] (a pair of Queens)
pogi74: mucks hand
hors111 collected $11.76 from pot
*** SUMMARY ***
Total pot $12 | Rake $0.24
Board [Ah 2h 9s 3d Qh]
Seat 1: hors111 (big blind) showed [Qs 4c] and won ($11.76) with a pair of Queens
Seat 4: pogi74 (button) (small blind) mucked


PokerStars Hand #153151842513:  Hold'em Limit ($3/$6 USD) - 2016/05/11 6:09:06 ET
Table 'Triton' 6-max Seat #1 is the button
Seat 1: hors111 ($30.83 in chips)
Seat 4: pogi74 ($222.47 in chips)
hors111: posts small blind $1
pogi74: posts big blind $3
*** HOLE CARDS ***
hors111: raises $3 to $6
pogi74: calls $3
*** FLOP *** [7s Qd 8s]
pogi74: checks
hors111: bets $3
pogi74: calls $3
*** TURN *** [7s Qd 8s] [8h]
pogi74: checks
hors111: bets $6
pogi74: calls $6
*** RIVER *** [7s Qd 8s 8h] [2c]
pogi74: checks
hors111: checks
*** SHOW DOWN ***
pogi74: shows [7d Ad] (two pair, Eights and Sevens)
hors111: mucks hand
pogi74 collected $29.50 from pot
*** SUMMARY ***
Total pot $30 | Rake $0.50
Board [7s Qd 8s 8h 2c]
Seat 1: hors111 (button) (small blind) mucked
Seat 4: pogi74 (big blind) showed [7d Ad] and won ($29.50) with two pair, Eights and Sevens


PokerStars Hand #153151871135:  Hold'em Limit ($3/$6 USD) - 2016/05/11 6:10:18 ET
Table 'Triton' 6-max Seat #1 is the button
Seat 1: hors111 ($21.59 in chips)
Seat 4: pogi74 ($230.97 in chips)
hors111: posts small blind $1
pogi74: posts big blind $3
*** HOLE CARDS ***
hors111: folds
Uncalled bet ($2) returned to pogi74
pogi74 collected $2 from pot
pogi74: doesn't show hand
*** SUMMARY ***
Total pot $2 | Rake $0
Seat 1: hors111 (button) (small blind) folded before Flop
Seat 4: pogi74 (big blind) collected ($2)


PokerStars Hand #153151868272:  Hold'em Limit ($3/$6 USD) - 2016/05/11 6:10:11 ET
Table 'Triton' 6-max Seat #4 is the button
Seat 1: hors111 ($20.59 in chips)
Seat 4: pogi74 ($231.97 in chips)
pogi74: posts small blind $1
hors111: posts big blind $3
*** HOLE CARDS ***
pogi74: folds
Uncalled bet ($2) returned to hors111
hors111 collected $2 from pot
*** SUMMARY ***
Total pot $2 | Rake $0
Seat 1: hors111 (big blind) collected ($2)
Seat 4: pogi74 (button) (small blind) folded before Flop


PokerStars Hand #153151890820:  Hold'em Limit ($3/$6 USD) - 2016/05/11 6:11:07 ET
Table 'Triton' 6-max Seat #1 is the button
Seat 1: hors111 ($37.09 in chips)
Seat 4: pogi74 ($214.97 in chips)
hors111: posts small blind $1
pogi74: posts big blind $3
*** HOLE CARDS ***
hors111: raises $3 to $6
pogi74: folds
Uncalled bet ($3) returned to hors111
hors111 collected $6 from pot
*** SUMMARY ***
Total pot $6 | Rake $0
Seat 1: hors111 (button) (small blind) collected ($6)
Seat 4: pogi74 (big blind) folded before Flop


PokerStars Hand #153151888877:  Hold'em Limit ($3/$6 USD) - 2016/05/11 6:11:02 ET
Table 'Triton' 6-max Seat #4 is the button
Seat 1: hors111 ($36.09 in chips)
Seat 4: pogi74 ($215.97 in chips)
pogi74: posts small blind $1
hors111: posts big blind $3
*** HOLE CARDS ***
pogi74: folds
Uncalled bet ($2) returned to hors111
hors111 collected $2 from pot
*** SUMMARY ***
Total pot $2 | Rake $0
Seat 1: hors111 (big blind) collected ($2)
Seat 4: pogi74 (button) (small blind) folded before Flop


PokerStars Hand #153151875821:  Hold'em Limit ($3/$6 USD) - 2016/05/11 6:10:30 ET
Table 'Triton' 6-max Seat #1 is the button
Seat 1: hors111 ($21.59 in chips)
Seat 4: pogi74 ($230.97 in chips)
hors111: posts small blind $1
pogi74: posts big blind $3
*** HOLE CARDS ***
hors111: raises $3 to $6
pogi74: calls $3
*** FLOP *** [Qs Ts 2h]
pogi74: checks
hors111: bets $3
pogi74: calls $3
*** TURN *** [Qs Ts 2h] [Td]
pogi74: checks
hors111: bets $6
pogi74: calls $6
*** RIVER *** [Qs Ts 2h Td] [Jc]
pogi74: checks
hors111: bets $6
pogi74: folds
Uncalled bet ($6) returned to hors111
hors111 collected $29.50 from pot
*** SUMMARY ***
Total pot $30 | Rake $0.50
Board [Qs Ts 2h Td Jc]
Seat 1: hors111 (button) (small blind) collected ($29.50)
Seat 4: pogi74 (big blind) folded on the River


PokerStars Hand #153151873737:  Hold'em Limit ($3/$6 USD) - 2016/05/11 6:10:25 ET
Table 'Triton' 6-max Seat #4 is the button
Seat 1: hors111 ($20.59 in chips)
Seat 4: pogi74 ($231.97 in chips)
pogi74: posts small blind $1
hors111: posts big blind $3
*** HOLE CARDS ***
pogi74: folds
Uncalled bet ($2) returned to hors111
hors111 collected $2 from pot
*** SUMMARY ***
Total pot $2 | Rake $0
Seat 1: hors111 (big blind) collected ($2)
Seat 4: pogi74 (button) (small blind) folded before Flop


PokerStars Hand #153151908243:  Hold'em Limit ($3/$6 USD) - 2016/05/11 6:11:51 ET
Table 'Triton' 6-max Seat #1 is the button
Seat 1: hors111 ($29.09 in chips)
Seat 4: pogi74 ($222.47 in chips)
hors111: posts small blind $1
pogi74: posts big blind $3
*** HOLE CARDS ***
hors111: raises $3 to $6
pogi74: folds
Uncalled bet ($3) returned to hors111
hors111 collected $6 from pot
*** SUMMARY ***
Total pot $6 | Rake $0
Seat 1: hors111 (button) (small blind) collected ($6)
Seat 4: pogi74 (big blind) folded before Flop


PokerStars Hand #153151906187:  Hold'em Limit ($3/$6 USD) - 2016/05/11 6:11:46 ET
Table 'Triton' 6-max Seat #4 is the button
Seat 1: hors111 ($28.09 in chips)
Seat 4: pogi74 ($223.47 in chips)
pogi74: posts small blind $1
hors111: posts big blind $3
*** HOLE CARDS ***
pogi74: folds
Uncalled bet ($2) returned to hors111
hors111 collected $2 from pot
*** SUMMARY ***
Total pot $2 | Rake $0
Seat 1: hors111 (big blind) collected ($2)
Seat 4: pogi74 (button) (small blind) folded before Flop


PokerStars Hand #153151902884:  Hold'em Limit ($3/$6 USD) - 2016/05/11 6:11:38 ET
Table 'Triton' 6-max Seat #1 is the button
Seat 1: hors111 ($25.09 in chips)
Seat 4: pogi74 ($226.47 in chips)
hors111: posts small blind $1
pogi74: posts big blind $3
*** HOLE CARDS ***
hors111: raises $3 to $6
pogi74: folds
Uncalled bet ($3) returned to hors111
hors111 collected $6 from pot
*** SUMMARY ***
Total pot $6 | Rake $0
Seat 1: hors111 (button) (small blind) collected ($6)
Seat 4: pogi74 (big blind) folded before Flop


PokerStars Hand #153151893814:  Hold'em Limit ($3/$6 USD) - 2016/05/11 6:11:15 ET
Table 'Triton' 6-max Seat #4 is the button
Seat 1: hors111 ($40.09 in chips)
Seat 4: pogi74 ($211.97 in chips)
pogi74: posts small blind $1
hors111: posts big blind $3
*** HOLE CARDS ***
pogi74: raises $3 to $6
hors111: calls $3
*** FLOP *** [5c 8h 9s]
hors111: checks
pogi74: bets $3
hors111: calls $3
*** TURN *** [5c 8h 9s] [Th]
hors111: checks
pogi74: checks
*** RIVER *** [5c 8h 9s Th] [8c]
hors111: bets $6
pogi74: calls $6
*** SHOW DOWN ***
hors111: shows [Kc 5d] (two pair, Eights and Fives)
pogi74: shows [Ad 5s] (two pair, Eights and Fives - Ace kicker)
pogi74 collected $29.50 from pot
*** SUMMARY ***
Total pot $30 | Rake $0.50
Board [5c 8h 9s Th 8c]
Seat 1: hors111 (big blind) showed [Kc 5d] and lost with two pair, Eights and Fives
Seat 4: pogi74 (button) (small blind) showed [Ad 5s] and won ($29.50) with two pair, Eights and Fives


PokerStars Hand #153151911027:  Hold'em Limit ($3/$6 USD) - 2016/05/11 6:11:58 ET
Table 'Triton' 6-max Seat #4 is the button
Seat 1: hors111 ($32.09 in chips)
Seat 4: pogi74 ($219.47 in chips)
pogi74: posts small blind $1
hors111: posts big blind $3
*** HOLE CARDS ***
pogi74: raises $3 to $6
hors111: raises $3 to $9
pogi74: calls $3
*** FLOP *** [9c 6d 2d]
hors111: bets $3
pogi74: calls $3
*** TURN *** [9c 6d 2d] [7c]
hors111: checks
pogi74: checks
*** RIVER *** [9c 6d 2d 7c] [Js]
hors111: checks
pogi74: bets $6
hors111: calls $6
*** SHOW DOWN ***
pogi74: shows [Qd Jd] (a pair of Jacks)
hors111: mucks hand
pogi74 collected $35.50 from pot
*** SUMMARY ***
Total pot $36 | Rake $0.50
Board [9c 6d 2d 7c Js]
Seat 1: hors111 (big blind) mucked
Seat 4: pogi74 (button) (small blind) showed [Qd Jd] and won ($35.50) with a pair of Jacks


PokerStars Hand #153151932521:  Hold'em Limit ($3/$6 USD) - 2016/05/11 6:12:51 ET
Table 'Triton' 6-max Seat #4 is the button
Seat 1: hors111 ($16.97 in chips)
Seat 4: pogi74 ($233.97 in chips)
pogi74: posts small blind $1
hors111: posts big blind $3
*** HOLE CARDS ***
pogi74: raises $3 to $6
hors111: calls $3
*** FLOP *** [2c 9c 7d]
hors111: checks
pogi74: checks
*** TURN *** [2c 9c 7d] [Ts]
hors111: bets $6
pogi74: raises $6 to $12
hors111: calls $4.97 and is all-in
Uncalled bet ($1.03) returned to pogi74
*** RIVER *** [2c 9c 7d Ts] [6c]
*** SHOW DOWN ***
hors111: shows [5d Tc] (a pair of Tens)
pogi74: shows [9s 9h] (three of a kind, Nines)
pogi74 collected $33.44 from pot
*** SUMMARY ***
Total pot $33.94 | Rake $0.50
Board [2c 9c 7d Ts 6c]
Seat 1: hors111 (big blind) showed [5d Tc] and lost with a pair of Tens
Seat 4: pogi74 (button) (small blind) showed [9s 9h] and won ($33.44) with three of a kind, Nines


PokerStars Hand #153151927992:  Hold'em Limit ($3/$6 USD) - 2016/05/11 6:12:40 ET
Table 'Triton' 6-max Seat #4 is the button
Seat 1: hors111 ($16.97 in chips)
Seat 4: pogi74 ($233.97 in chips)
pogi74: posts small blind $1
hors111: posts big blind $3
*** HOLE CARDS ***
pogi74: folds
Uncalled bet ($2) returned to hors111
hors111 collected $2 from pot
*** SUMMARY ***
Total pot $2 | Rake $0
Seat 1: hors111 (big blind) collected ($2)
Seat 4: pogi74 (button) (small blind) folded before Flop


PokerStars Hand #153151921328:  Hold'em Limit ($3/$6 USD) - 2016/05/11 6:12:23 ET
Table 'Triton' 6-max Seat #1 is the button
Seat 1: hors111 ($14.09 in chips)
Seat 4: pogi74 ($236.97 in chips)
hors111: posts small blind $1
pogi74: posts big blind $3
*** HOLE CARDS ***
hors111: calls $2
pogi74: checks
*** FLOP *** [Kd Td As]
pogi74: checks
hors111: bets $3
pogi74: folds
Uncalled bet ($3) returned to hors111
hors111 collected $5.88 from pot
*** SUMMARY ***
Total pot $6 | Rake $0.12
Board [Kd Td As]
Seat 1: hors111 (button) (small blind) collected ($5.88)
Seat 4: pogi74 (big blind) folded on the Flop


PokerStars Hand #153151930331:  Hold'em Limit ($3/$6 USD) - 2016/05/11 6:12:45 ET
Table 'Triton' 6-max Seat #1 is the button
Seat 1: hors111 ($17.97 in chips)
Seat 4: pogi74 ($232.97 in chips)
hors111: posts small blind $1
pogi74: posts big blind $3
*** HOLE CARDS ***
hors111: folds
Uncalled bet ($2) returned to pogi74
pogi74 collected $2 from pot
pogi74: doesn't show hand
*** SUMMARY ***
Total pot $2 | Rake $0
Seat 1: hors111 (button) (small blind) folded before Flop
Seat 4: pogi74 (big blind) collected ($2)


PokerStars Hand #153151958084:  Hold'em Limit ($3/$6 USD) - 2016/05/11 6:13:54 ET
Table 'Triton' 6-max Seat #4 is the button
Seat 1: hors111 ($111 in chips)
Seat 4: pogi74 ($259.08 in chips)
pogi74: posts small blind $1
hors111: posts big blind $3
*** HOLE CARDS ***
pogi74: folds
Uncalled bet ($2) returned to hors111
hors111 collected $2 from pot
*** SUMMARY ***
Total pot $2 | Rake $0
Seat 1: hors111 (big blind) collected ($2)
Seat 4: pogi74 (button) (small blind) folded before Flop


PokerStars Hand #153151947560:  Hold'em Limit ($3/$6 USD) - 2016/05/11 6:13:28 ET
Table 'Triton' 6-max Seat #1 is the button
Seat 1: hors111 ($120 in chips)
Seat 4: pogi74 ($250.44 in chips)
hors111: posts small blind $1
pogi74: posts big blind $3
*** HOLE CARDS ***
hors111: raises $3 to $6
pogi74: calls $3
*** FLOP *** [2h Ah Jd]
pogi74: checks
hors111: bets $3
pogi74: calls $3
*** TURN *** [2h Ah Jd] [4s]
pogi74: checks
hors111: checks
*** RIVER *** [2h Ah Jd 4s] [Td]
pogi74: checks
hors111: checks
*** SHOW DOWN ***
pogi74: shows [8h Jh] (a pair of Jacks)
hors111: mucks hand
pogi74 collected $17.64 from pot
*** SUMMARY ***
Total pot $18 | Rake $0.36
Board [2h Ah Jd 4s Td]
Seat 1: hors111 (button) (small blind) mucked
Seat 4: pogi74 (big blind) showed [8h Jh] and won ($17.64) with a pair of Jacks


PokerStars Hand #153151960139:  Hold'em Limit ($3/$6 USD) - 2016/05/11 6:13:59 ET
Table 'Triton' 6-max Seat #1 is the button
Seat 1: hors111 ($112 in chips)
Seat 4: pogi74 ($258.08 in chips)
hors111: posts small blind $1
pogi74: posts big blind $3
*** HOLE CARDS ***
hors111: raises $3 to $6
pogi74: folds
Uncalled bet ($3) returned to hors111
hors111 collected $6 from pot
*** SUMMARY ***
Total pot $6 | Rake $0
Seat 1: hors111 (button) (small blind) collected ($6)
Seat 4: pogi74 (big blind) folded before Flop


PokerStars Hand #153151964047:  Hold'em Limit ($3/$6 USD) - 2016/05/11 6:14:09 ET
Table 'Triton' 6-max Seat #4 is the button
Seat 1: hors111 ($115 in chips)
Seat 4: pogi74 ($255.08 in chips)
pogi74: posts small blind $1
hors111: posts big blind $3
*** HOLE CARDS ***
pogi74: folds
Uncalled bet ($2) returned to hors111
hors111 collected $2 from pot
*** SUMMARY ***
Total pot $2 | Rake $0
Seat 1: hors111 (big blind) collected ($2)
Seat 4: pogi74 (button) (small blind) folded before Flop


PokerStars Hand #153151969300:  Hold'em Limit ($3/$6 USD) - 2016/05/11 6:14:22 ET
Table 'Triton' 6-max Seat #4 is the button
Seat 1: hors111 ($119 in chips)
Seat 4: pogi74 ($251.08 in chips)
pogi74: posts small blind $1
hors111: posts big blind $3
*** HOLE CARDS ***
pogi74: folds
Uncalled bet ($2) returned to hors111
hors111 collected $2 from pot
*** SUMMARY ***
Total pot $2 | Rake $0
Seat 1: hors111 (big blind) collected ($2)
Seat 4: pogi74 (button) (small blind) folded before Flop


PokerStars Hand #153151966183:  Hold'em Limit ($3/$6 USD) - 2016/05/11 6:14:14 ET
Table 'Triton' 6-max Seat #1 is the button
Seat 1: hors111 ($116 in chips)
Seat 4: pogi74 ($254.08 in chips)
hors111: posts small blind $1
pogi74: posts big blind $3
*** HOLE CARDS ***
hors111: raises $3 to $6
pogi74: folds
Uncalled bet ($3) returned to hors111
hors111 collected $6 from pot
*** SUMMARY ***
Total pot $6 | Rake $0
Seat 1: hors111 (button) (small blind) collected ($6)
Seat 4: pogi74 (big blind) folded before Flop


PokerStars Hand #153151971565:  Hold'em Limit ($3/$6 USD) - 2016/05/11 6:14:28 ET
Table 'Triton' 6-max Seat #1 is the button
Seat 1: hors111 ($120 in chips)
Seat 4: pogi74 ($250.08 in chips)
hors111: posts small blind $1
pogi74: posts big blind $3
*** HOLE CARDS ***
hors111: raises $3 to $6
pogi74: folds
Uncalled bet ($3) returned to hors111
hors111 collected $6 from pot
*** SUMMARY ***
Total pot $6 | Rake $0
Seat 1: hors111 (button) (small blind) collected ($6)
Seat 4: pogi74 (big blind) folded before Flop


PokerStars Hand #153151974901:  Hold'em Limit ($3/$6 USD) - 2016/05/11 6:14:36 ET
Table 'Triton' 6-max Seat #4 is the button
Seat 1: hors111 ($123 in chips)
Seat 4: pogi74 ($247.08 in chips)
pogi74: posts small blind $1
hors111: posts big blind $3
*** HOLE CARDS ***
pogi74: raises $3 to $6
hors111: calls $3
*** FLOP *** [Tc 8c Js]
hors111: bets $3
pogi74: calls $3
*** TURN *** [Tc 8c Js] [7s]
hors111: bets $6
pogi74: calls $6
*** RIVER *** [Tc 8c Js 7s] [6h]
hors111: bets $6
pogi74: calls $6
*** SHOW DOWN ***
hors111: shows [8s Td] (two pair, Tens and Eights)
pogi74: mucks hand
hors111 collected $41.50 from pot
*** SUMMARY ***
Total pot $42 | Rake $0.50
Board [Tc 8c Js 7s 6h]
Seat 1: hors111 (big blind) showed [8s Td] and won ($41.50) with two pair, Tens and Eights
Seat 4: pogi74 (button) (small blind) mucked


