PokerStars Hand #175570022531:  Hold'em Limit ($3/$6 USD) - 2017/09/12 19:38:05 ET
Table 'Troilus' 6-max Seat #3 is the button
Seat 1: Mackeral ($214.30 in chips)
Seat 3: favete lin ($145.02 in chips)
favete lin: posts small blind $1
ToDaFelt: is sitting out
Mackeral: posts big blind $3
*** HOLE CARDS ***
favete lin: raises $3 to $6
ToDaFelt leaves the table
Mackeral: calls $3
*** FLOP *** [Qs 8s Ac]
Mackeral: checks
favete lin: bets $3
Mackeral: folds
Uncalled bet ($3) returned to favete lin
favete lin collected $11.76 from pot
favete lin: doesn't show hand
*** SUMMARY ***
Total pot $12 | Rake $0.24
Board [Qs 8s Ac]
Seat 1: Mackeral (big blind) folded on the Flop
Seat 3: favete lin (button) (small blind) collected ($11.76)


PokerStars Hand #175570037997:  Hold'em Limit ($3/$6 USD) - 2017/09/12 19:38:33 ET
Table 'Troilus' 6-max Seat #3 is the button
Seat 1: Mackeral ($207.30 in chips)
Seat 3: favete lin ($151.78 in chips)
favete lin: posts small blind $1
Mackeral: posts big blind $3
*** HOLE CARDS ***
favete lin: raises $3 to $6
Mackeral: calls $3
*** FLOP *** [5d Ts Jh]
Mackeral: checks
favete lin: bets $3
Mackeral: calls $3
*** TURN *** [5d Ts Jh] [4s]
Mackeral: checks
favete lin: bets $6
Mackeral: calls $6
*** RIVER *** [5d Ts Jh 4s] [Jc]
Mackeral: checks
favete lin: bets $6
Mackeral: calls $6
*** SHOW DOWN ***
favete lin: shows [6c Td] (two pair, Jacks and Tens)
Mackeral: mucks hand
favete lin collected $41.50 from pot
*** SUMMARY ***
Total pot $42 | Rake $0.50
Board [5d Ts Jh 4s Jc]
Seat 1: Mackeral (big blind) mucked
Seat 3: favete lin (button) (small blind) showed [6c Td] and won ($41.50) with two pair, Jacks and Tens


PokerStars Hand #175570034855:  Hold'em Limit ($3/$6 USD) - 2017/09/12 19:38:28 ET
Table 'Troilus' 6-max Seat #1 is the button
Seat 1: Mackeral ($208.30 in chips)
Seat 3: favete lin ($150.78 in chips)
Mackeral: posts small blind $1
favete lin: posts big blind $3
*** HOLE CARDS ***
Mackeral: folds
Uncalled bet ($2) returned to favete lin
favete lin collected $2 from pot
favete lin: doesn't show hand
*** SUMMARY ***
Total pot $2 | Rake $0
Seat 1: Mackeral (button) (small blind) folded before Flop
Seat 3: favete lin (big blind) collected ($2)


PokerStars Hand #175570071229:  Hold'em Limit ($3/$6 USD) - 2017/09/12 19:39:34 ET
Table 'Troilus' 6-max Seat #3 is the button
Seat 1: Mackeral ($177.30 in chips)
Seat 3: favete lin ($180.92 in chips)
favete lin: posts small blind $1
Mackeral: posts big blind $3
*** HOLE CARDS ***
favete lin: calls $2
Mackeral: checks
*** FLOP *** [7d Qs Ts]
Mackeral: checks
favete lin: bets $3
Mackeral: folds
Uncalled bet ($3) returned to favete lin
favete lin collected $5.88 from pot
favete lin: doesn't show hand
*** SUMMARY ***
Total pot $6 | Rake $0.12
Board [7d Qs Ts]
Seat 1: Mackeral (big blind) folded on the Flop
Seat 3: favete lin (button) (small blind) collected ($5.88)


PokerStars Hand #175570056337:  Hold'em Limit ($3/$6 USD) - 2017/09/12 19:39:07 ET
Table 'Troilus' 6-max Seat #1 is the button
Seat 1: Mackeral ($186.30 in chips)
Seat 3: favete lin ($172.28 in chips)
Mackeral: posts small blind $1
favete lin: posts big blind $3
*** HOLE CARDS ***
Mackeral: raises $3 to $6
favete lin: calls $3
*** FLOP *** [2c 3c Ah]
favete lin: checks
Mackeral: bets $3
favete lin: calls $3
*** TURN *** [2c 3c Ah] [5s]
favete lin: checks
Mackeral: checks
*** RIVER *** [2c 3c Ah 5s] [9d]
favete lin: bets $6
Mackeral: folds
Uncalled bet ($6) returned to favete lin
favete lin collected $17.64 from pot
favete lin: doesn't show hand
*** SUMMARY ***
Total pot $18 | Rake $0.36
Board [2c 3c Ah 5s 9d]
Seat 1: Mackeral (button) (small blind) folded on the River
Seat 3: favete lin (big blind) collected ($17.64)


PokerStars Hand #175570078994:  Hold'em Limit ($3/$6 USD) - 2017/09/12 19:39:48 ET
Table 'Troilus' 6-max Seat #1 is the button
Seat 1: Mackeral ($174.30 in chips)
Seat 3: favete lin ($183.80 in chips)
Mackeral: posts small blind $1
favete lin: posts big blind $3
*** HOLE CARDS ***
Mackeral: raises $3 to $6
favete lin: calls $3
*** FLOP *** [6d 2c Kh]
favete lin: checks
Mackeral: bets $3
favete lin: folds
Uncalled bet ($3) returned to Mackeral
Mackeral collected $11.76 from pot
Mackeral: doesn't show hand
*** SUMMARY ***
Total pot $12 | Rake $0.24
Board [6d 2c Kh]
Seat 1: Mackeral (button) (small blind) collected ($11.76)
Seat 3: favete lin (big blind) folded on the Flop


PokerStars Hand #175570105504:  Hold'em Limit ($3/$6 USD) - 2017/09/12 19:40:37 ET
Table 'Troilus' 6-max Seat #3 is the button
Seat 1: Mackeral ($161.06 in chips)
Seat 3: favete lin ($196.30 in chips)
favete lin: posts small blind $1
Mackeral: posts big blind $3
*** HOLE CARDS ***
favete lin: raises $3 to $6
Mackeral: calls $3
*** FLOP *** [Jd 3c Qc]
Mackeral: checks
favete lin: bets $3
Mackeral: folds
Uncalled bet ($3) returned to favete lin
favete lin collected $11.76 from pot
favete lin: doesn't show hand
*** SUMMARY ***
Total pot $12 | Rake $0.24
Board [Jd 3c Qc]
Seat 1: Mackeral (big blind) folded on the Flop
Seat 3: favete lin (button) (small blind) collected ($11.76)


PokerStars Hand #175570101929:  Hold'em Limit ($3/$6 USD) - 2017/09/12 19:40:30 ET
Table 'Troilus' 6-max Seat #1 is the button
Seat 1: Mackeral ($162.06 in chips)
Seat 3: favete lin ($195.30 in chips)
Mackeral: posts small blind $1
favete lin: posts big blind $3
*** HOLE CARDS ***
Mackeral: folds
Uncalled bet ($2) returned to favete lin
favete lin collected $2 from pot
favete lin: doesn't show hand
*** SUMMARY ***
Total pot $2 | Rake $0
Seat 1: Mackeral (button) (small blind) folded before Flop
Seat 3: favete lin (big blind) collected ($2)


PokerStars Hand #175570086159:  Hold'em Limit ($3/$6 USD) - 2017/09/12 19:40:01 ET
Table 'Troilus' 6-max Seat #3 is the button
Seat 1: Mackeral ($180.06 in chips)
Seat 3: favete lin ($177.80 in chips)
favete lin: posts small blind $1
Mackeral: posts big blind $3
*** HOLE CARDS ***
favete lin: raises $3 to $6
Mackeral: calls $3
*** FLOP *** [8s Js Tc]
Mackeral: checks
favete lin: checks
*** TURN *** [8s Js Tc] [Td]
Mackeral: bets $6
favete lin: calls $6
*** RIVER *** [8s Js Tc Td] [4d]
Mackeral: bets $6
favete lin: calls $6
*** SHOW DOWN ***
Mackeral: shows [Qh 6h] (a pair of Tens)
favete lin: shows [Ah 4h] (two pair, Tens and Fours)
favete lin collected $35.50 from pot
*** SUMMARY ***
Total pot $36 | Rake $0.50
Board [8s Js Tc Td 4d]
Seat 1: Mackeral (big blind) showed [Qh 6h] and lost with a pair of Tens
Seat 3: favete lin (button) (small blind) showed [Ah 4h] and won ($35.50) with two pair, Tens and Fours


PokerStars Hand #175570113214:  Hold'em Limit ($3/$6 USD) - 2017/09/12 19:40:51 ET
Table 'Troilus' 6-max Seat #1 is the button
Seat 1: Mackeral ($155.06 in chips)
Seat 3: favete lin ($202.06 in chips)
Mackeral: posts small blind $1
favete lin: posts big blind $3
*** HOLE CARDS ***
Mackeral: raises $3 to $6
favete lin: raises $3 to $9
Mackeral: calls $3
*** FLOP *** [9s Qs Qd]
favete lin: bets $3
Mackeral: calls $3
*** TURN *** [9s Qs Qd] [Th]
favete lin: bets $6
Mackeral: folds
Uncalled bet ($6) returned to favete lin
favete lin collected $23.52 from pot
favete lin: doesn't show hand
*** SUMMARY ***
Total pot $24 | Rake $0.48
Board [9s Qs Qd Th]
Seat 1: Mackeral (button) (small blind) folded on the Turn
Seat 3: favete lin (big blind) collected ($23.52)


PokerStars Hand #175570132643:  Hold'em Limit ($3/$6 USD) - 2017/09/12 19:41:27 ET
Table 'Troilus' 6-max Seat #3 is the button
Seat 1: Mackeral ($143.06 in chips)
Seat 3: favete lin ($213.58 in chips)
favete lin: posts small blind $1
Mackeral: posts big blind $3
*** HOLE CARDS ***
favete lin: raises $3 to $6
Mackeral: calls $3
*** FLOP *** [7s Ah 8d]
Mackeral: checks
favete lin: bets $3
Mackeral: folds
Uncalled bet ($3) returned to favete lin
favete lin collected $11.76 from pot
favete lin: doesn't show hand
*** SUMMARY ***
Total pot $12 | Rake $0.24
Board [7s Ah 8d]
Seat 1: Mackeral (big blind) folded on the Flop
Seat 3: favete lin (button) (small blind) collected ($11.76)


PokerStars Hand #175570166468:  Hold'em Limit ($3/$6 USD) - 2017/09/12 19:42:28 ET
Table 'Troilus' 6-max Seat #1 is the button
Seat 1: Mackeral ($143.82 in chips)
Seat 3: favete lin ($212.34 in chips)
Mackeral: posts small blind $1
favete lin: posts big blind $3
*** HOLE CARDS ***
Mackeral: raises $3 to $6
favete lin: calls $3
*** FLOP *** [Ad Ah 8c]
favete lin: checks
Mackeral: bets $3
favete lin: folds
Uncalled bet ($3) returned to Mackeral
Mackeral collected $11.76 from pot
Mackeral: doesn't show hand
*** SUMMARY ***
Total pot $12 | Rake $0.24
Board [Ad Ah 8c]
Seat 1: Mackeral (button) (small blind) collected ($11.76)
Seat 3: favete lin (big blind) folded on the Flop


PokerStars Hand #175570158590:  Hold'em Limit ($3/$6 USD) - 2017/09/12 19:42:14 ET
Table 'Troilus' 6-max Seat #3 is the button
Seat 1: Mackeral ($142.82 in chips)
Seat 3: favete lin ($213.34 in chips)
favete lin: posts small blind $1
Mackeral: posts big blind $3
*** HOLE CARDS ***
favete lin: folds
Uncalled bet ($2) returned to Mackeral
Mackeral collected $2 from pot
Mackeral: doesn't show hand
*** SUMMARY ***
Total pot $2 | Rake $0
Seat 1: Mackeral (big blind) collected ($2)
Seat 3: favete lin (button) (small blind) folded before Flop


PokerStars Hand #175570151483:  Hold'em Limit ($3/$6 USD) - 2017/09/12 19:42:01 ET
Table 'Troilus' 6-max Seat #1 is the button
Seat 1: Mackeral ($137.06 in chips)
Seat 3: favete lin ($219.34 in chips)
Mackeral: posts small blind $1
favete lin: posts big blind $3
*** HOLE CARDS ***
Mackeral: raises $3 to $6
favete lin: calls $3
*** FLOP *** [Qh 2h Jd]
favete lin: checks
Mackeral: bets $3
favete lin: folds
Uncalled bet ($3) returned to Mackeral
Mackeral collected $11.76 from pot
Mackeral: doesn't show hand
*** SUMMARY ***
Total pot $12 | Rake $0.24
Board [Qh 2h Jd]
Seat 1: Mackeral (button) (small blind) collected ($11.76)
Seat 3: favete lin (big blind) folded on the Flop


PokerStars Hand #175570175831:  Hold'em Limit ($3/$6 USD) - 2017/09/12 19:42:46 ET
Table 'Troilus' 6-max Seat #3 is the button
Seat 1: Mackeral ($149.58 in chips)
Seat 3: favete lin ($206.34 in chips)
favete lin: posts small blind $1
Mackeral: posts big blind $3
*** HOLE CARDS ***
favete lin: folds
Uncalled bet ($2) returned to Mackeral
Mackeral collected $2 from pot
Mackeral: doesn't show hand
*** SUMMARY ***
Total pot $2 | Rake $0
Seat 1: Mackeral (big blind) collected ($2)
Seat 3: favete lin (button) (small blind) folded before Flop


PokerStars Hand #175570179203:  Hold'em Limit ($3/$6 USD) - 2017/09/12 19:42:52 ET
Table 'Troilus' 6-max Seat #1 is the button
Seat 1: Mackeral ($150.58 in chips)
Seat 3: favete lin ($205.34 in chips)
Mackeral: posts small blind $1
favete lin: posts big blind $3
*** HOLE CARDS ***
Mackeral: raises $3 to $6
favete lin: calls $3
*** FLOP *** [Kc Th 4s]
favete lin: checks
Mackeral: bets $3
favete lin: raises $3 to $6
Mackeral: calls $3
*** TURN *** [Kc Th 4s] [5d]
favete lin: bets $6
Mackeral: raises $6 to $12
favete lin: calls $6
*** RIVER *** [Kc Th 4s 5d] [Ah]
favete lin: checks
Mackeral: bets $6
favete lin: calls $6
*** SHOW DOWN ***
Mackeral: shows [As Ad] (three of a kind, Aces)
favete lin: mucks hand
Mackeral collected $59.50 from pot
*** SUMMARY ***
Total pot $60 | Rake $0.50
Board [Kc Th 4s 5d Ah]
Seat 1: Mackeral (button) (small blind) showed [As Ad] and won ($59.50) with three of a kind, Aces
Seat 3: favete lin (big blind) mucked


PokerStars Hand #175570236177:  Hold'em Limit ($3/$6 USD) - 2017/09/12 19:44:28 ET
Table 'Troilus' 6-max Seat #1 is the button
Seat 1: Mackeral ($158.60 in chips)
Seat 3: favete lin ($195.84 in chips)
Mackeral: posts small blind $1
favete lin: posts big blind $3
*** HOLE CARDS ***
Mackeral: folds
Uncalled bet ($2) returned to favete lin
favete lin collected $2 from pot
favete lin: doesn't show hand
*** SUMMARY ***
Total pot $2 | Rake $0
Seat 1: Mackeral (button) (small blind) folded before Flop
Seat 3: favete lin (big blind) collected ($2)


PokerStars Hand #175570232052:  Hold'em Limit ($3/$6 USD) - 2017/09/12 19:44:20 ET
Table 'Troilus' 6-max Seat #3 is the button
Seat 1: Mackeral ($161.60 in chips)
Seat 3: favete lin ($192.84 in chips)
favete lin: posts small blind $1
Mackeral: posts big blind $3
*** HOLE CARDS ***
favete lin: raises $3 to $6
Mackeral: folds
Uncalled bet ($3) returned to favete lin
favete lin collected $6 from pot
favete lin: doesn't show hand
*** SUMMARY ***
Total pot $6 | Rake $0
Seat 1: Mackeral (big blind) folded before Flop
Seat 3: favete lin (button) (small blind) collected ($6)


PokerStars Hand #175570239601:  Hold'em Limit ($3/$6 USD) - 2017/09/12 19:44:34 ET
Table 'Troilus' 6-max Seat #3 is the button
Seat 1: Mackeral ($157.60 in chips)
Seat 3: favete lin ($196.84 in chips)
favete lin: posts small blind $1
Mackeral: posts big blind $3
*** HOLE CARDS ***
favete lin: raises $3 to $6
Mackeral: raises $3 to $9
favete lin: calls $3
*** FLOP *** [9c 5d 6c]
Mackeral: bets $3
favete lin: calls $3
*** TURN *** [9c 5d 6c] [Th]
Mackeral: bets $6
favete lin: calls $6
*** RIVER *** [9c 5d 6c Th] [Kc]
Mackeral: bets $6
favete lin: folds
Uncalled bet ($6) returned to Mackeral
Mackeral collected $35.50 from pot
Mackeral: doesn't show hand
*** SUMMARY ***
Total pot $36 | Rake $0.50
Board [9c 5d 6c Th Kc]
Seat 1: Mackeral (big blind) collected ($35.50)
Seat 3: favete lin (button) (small blind) folded on the River


PokerStars Hand #175570212096:  Hold'em Limit ($3/$6 USD) - 2017/09/12 19:43:43 ET
Table 'Troilus' 6-max Seat #1 is the button
Seat 1: Mackeral ($191.60 in chips)
Seat 3: favete lin ($163.34 in chips)
Mackeral: posts small blind $1
favete lin: posts big blind $3
*** HOLE CARDS ***
Mackeral: raises $3 to $6
favete lin: calls $3
*** FLOP *** [9h 6c 2d]
favete lin: checks
Mackeral: bets $3
favete lin: raises $3 to $6
Mackeral: calls $3
*** TURN *** [9h 6c 2d] [Kc]
favete lin: bets $6
Mackeral: raises $6 to $12
favete lin: raises $6 to $18
Mackeral: calls $6
*** RIVER *** [9h 6c 2d Kc] [7d]
favete lin: bets $6
Mackeral: folds
Uncalled bet ($6) returned to favete lin
favete lin collected $59.50 from pot
favete lin: doesn't show hand
*** SUMMARY ***
Total pot $60 | Rake $0.50
Board [9h 6c 2d Kc 7d]
Seat 1: Mackeral (button) (small blind) folded on the River
Seat 3: favete lin (big blind) collected ($59.50)


PokerStars Hand #175570286269:  Hold'em Limit ($3/$6 USD) - 2017/09/12 19:46:01 ET
Table 'Troilus' 6-max Seat #1 is the button
Seat 1: Mackeral ($159.60 in chips)
Seat 3: favete lin ($193.34 in chips)
Mackeral: posts small blind $1
favete lin: posts big blind $3
*** HOLE CARDS ***
Mackeral: folds
Uncalled bet ($2) returned to favete lin
favete lin collected $2 from pot
favete lin: doesn't show hand
*** SUMMARY ***
Total pot $2 | Rake $0
Seat 1: Mackeral (button) (small blind) folded before Flop
Seat 3: favete lin (big blind) collected ($2)


PokerStars Hand #175570282588:  Hold'em Limit ($3/$6 USD) - 2017/09/12 19:45:54 ET
Table 'Troilus' 6-max Seat #3 is the button
Seat 1: Mackeral ($158.60 in chips)
Seat 3: favete lin ($194.34 in chips)
favete lin: posts small blind $1
Mackeral: posts big blind $3
*** HOLE CARDS ***
favete lin: folds
Uncalled bet ($2) returned to Mackeral
Mackeral collected $2 from pot
Mackeral: doesn't show hand
*** SUMMARY ***
Total pot $2 | Rake $0
Seat 1: Mackeral (big blind) collected ($2)
Seat 3: favete lin (button) (small blind) folded before Flop


PokerStars Hand #175570278752:  Hold'em Limit ($3/$6 USD) - 2017/09/12 19:45:47 ET
Table 'Troilus' 6-max Seat #1 is the button
Seat 1: Mackeral ($159.60 in chips)
Seat 3: favete lin ($193.34 in chips)
Mackeral: posts small blind $1
favete lin: posts big blind $3
*** HOLE CARDS ***
Mackeral: folds
Uncalled bet ($2) returned to favete lin
favete lin collected $2 from pot
favete lin: doesn't show hand
*** SUMMARY ***
Total pot $2 | Rake $0
Seat 1: Mackeral (button) (small blind) folded before Flop
Seat 3: favete lin (big blind) collected ($2)


PokerStars Hand #175570265972:  Hold'em Limit ($3/$6 USD) - 2017/09/12 19:45:23 ET
Table 'Troilus' 6-max Seat #3 is the button
Seat 1: Mackeral ($189.60 in chips)
Seat 3: favete lin ($163.84 in chips)
favete lin: posts small blind $1
Mackeral: posts big blind $3
*** HOLE CARDS ***
favete lin: raises $3 to $6
Mackeral: raises $3 to $9
favete lin: calls $3
*** FLOP *** [5d Ts 4d]
Mackeral: bets $3
favete lin: calls $3
*** TURN *** [5d Ts 4d] [3d]
Mackeral: bets $6
favete lin: raises $6 to $12
Mackeral: calls $6
*** RIVER *** [5d Ts 4d 3d] [8h]
Mackeral: checks
favete lin: bets $6
Mackeral: calls $6
*** SHOW DOWN ***
favete lin: shows [3h 3s] (three of a kind, Threes)
Mackeral: mucks hand
favete lin collected $59.50 from pot
*** SUMMARY ***
Total pot $60 | Rake $0.50
Board [5d Ts 4d 3d 8h]
Seat 1: Mackeral (big blind) mucked
Seat 3: favete lin (button) (small blind) showed [3h 3s] and won ($59.50) with three of a kind, Threes


PokerStars Hand #175570251087:  Hold'em Limit ($3/$6 USD) - 2017/09/12 19:44:55 ET
Table 'Troilus' 6-max Seat #1 is the button
Seat 1: Mackeral ($175.10 in chips)
Seat 3: favete lin ($178.84 in chips)
Mackeral: posts small blind $1
favete lin: posts big blind $3
*** HOLE CARDS ***
Mackeral: raises $3 to $6
favete lin: calls $3
*** FLOP *** [3s 5h 9c]
favete lin: checks
Mackeral: bets $3
favete lin: calls $3
*** TURN *** [3s 5h 9c] [4s]
favete lin: checks
Mackeral: bets $6
favete lin: calls $6
*** RIVER *** [3s 5h 9c 4s] [Ks]
favete lin: checks
Mackeral: bets $6
favete lin: folds
Uncalled bet ($6) returned to Mackeral
Mackeral collected $29.50 from pot
Mackeral: doesn't show hand
*** SUMMARY ***
Total pot $30 | Rake $0.50
Board [3s 5h 9c 4s Ks]
Seat 1: Mackeral (button) (small blind) collected ($29.50)
Seat 3: favete lin (big blind) folded on the River


PokerStars Hand #175570309372:  Hold'em Limit ($3/$6 USD) - 2017/09/12 19:46:44 ET
Table 'Troilus' 6-max Seat #1 is the button
Seat 1: Mackeral ($169.10 in chips)
Seat 3: favete lin ($183.34 in chips)
Mackeral: posts small blind $1
favete lin: posts big blind $3
*** HOLE CARDS ***
Mackeral: folds
Uncalled bet ($2) returned to favete lin
favete lin collected $2 from pot
favete lin: doesn't show hand
*** SUMMARY ***
Total pot $2 | Rake $0
Seat 1: Mackeral (button) (small blind) folded before Flop
Seat 3: favete lin (big blind) collected ($2)


PokerStars Hand #175570303526:  Hold'em Limit ($3/$6 USD) - 2017/09/12 19:46:33 ET
Table 'Troilus' 6-max Seat #3 is the button
Seat 1: Mackeral ($172.10 in chips)
Seat 3: favete lin ($180.34 in chips)
favete lin: posts small blind $1
Mackeral: posts big blind $3
*** HOLE CARDS ***
favete lin: raises $3 to $6
Mackeral: folds
Uncalled bet ($3) returned to favete lin
favete lin collected $6 from pot
favete lin: doesn't show hand
*** SUMMARY ***
Total pot $6 | Rake $0
Seat 1: Mackeral (big blind) folded before Flop
Seat 3: favete lin (button) (small blind) collected ($6)


PokerStars Hand #175570299414:  Hold'em Limit ($3/$6 USD) - 2017/09/12 19:46:26 ET
Table 'Troilus' 6-max Seat #1 is the button
Seat 1: Mackeral ($173.10 in chips)
Seat 3: favete lin ($179.34 in chips)
Mackeral: posts small blind $1
favete lin: posts big blind $3
*** HOLE CARDS ***
Mackeral: folds
Uncalled bet ($2) returned to favete lin
favete lin collected $2 from pot
favete lin: doesn't show hand
*** SUMMARY ***
Total pot $2 | Rake $0
Seat 1: Mackeral (button) (small blind) folded before Flop
Seat 3: favete lin (big blind) collected ($2)


PokerStars Hand #175570289061:  Hold'em Limit ($3/$6 USD) - 2017/09/12 19:46:06 ET
Table 'Troilus' 6-max Seat #3 is the button
Seat 1: Mackeral ($158.60 in chips)
Seat 3: favete lin ($194.34 in chips)
favete lin: posts small blind $1
Mackeral: posts big blind $3
*** HOLE CARDS ***
favete lin: raises $3 to $6
Mackeral: calls $3
*** FLOP *** [2c Jc 2h]
Mackeral: bets $3
favete lin: calls $3
*** TURN *** [2c Jc 2h] [5s]
Mackeral: checks
favete lin: checks
*** RIVER *** [2c Jc 2h 5s] [9c]
Mackeral: bets $6
favete lin: calls $6
*** SHOW DOWN ***
Mackeral: shows [Qh 2d] (three of a kind, Deuces)
favete lin: mucks hand
Mackeral collected $29.50 from pot
*** SUMMARY ***
Total pot $30 | Rake $0.50
Board [2c Jc 2h 5s 9c]
Seat 1: Mackeral (big blind) showed [Qh 2d] and won ($29.50) with three of a kind, Deuces
Seat 3: favete lin (button) (small blind) mucked


PokerStars Hand #175570312616:  Hold'em Limit ($3/$6 USD) - 2017/09/12 19:46:50 ET
Table 'Troilus' 6-max Seat #3 is the button
Seat 1: Mackeral ($168.10 in chips)
Seat 3: favete lin ($184.34 in chips)
favete lin: posts small blind $1
Mackeral: posts big blind $3
*** HOLE CARDS ***
favete lin: raises $3 to $6
Mackeral: calls $3
*** FLOP *** [Ks 5h Qd]
Mackeral: checks
favete lin: checks
*** TURN *** [Ks 5h Qd] [9d]
Mackeral: checks
favete lin: bets $6
Mackeral: folds
Uncalled bet ($6) returned to favete lin
favete lin collected $11.76 from pot
favete lin: doesn't show hand
*** SUMMARY ***
Total pot $12 | Rake $0.24
Board [Ks 5h Qd 9d]
Seat 1: Mackeral (big blind) folded on the Turn
Seat 3: favete lin (button) (small blind) collected ($11.76)


PokerStars Hand #175570324638:  Hold'em Limit ($3/$6 USD) - 2017/09/12 19:47:13 ET
Table 'Troilus' 6-max Seat #3 is the button
Seat 1: Mackeral ($161.10 in chips)
Seat 3: favete lin ($191.10 in chips)
favete lin: posts small blind $1
Mackeral: posts big blind $3
*** HOLE CARDS ***
favete lin: raises $3 to $6
Mackeral: calls $3
*** FLOP *** [3h Kd 4c]
Mackeral: checks
favete lin: bets $3
Mackeral: calls $3
*** TURN *** [3h Kd 4c] [8s]
Mackeral: checks
favete lin: checks
*** RIVER *** [3h Kd 4c 8s] [Qh]
Mackeral: bets $6
favete lin: calls $6
*** SHOW DOWN ***
Mackeral: shows [6c Qd] (a pair of Queens)
favete lin: mucks hand
Mackeral collected $29.50 from pot
*** SUMMARY ***
Total pot $30 | Rake $0.50
Board [3h Kd 4c 8s Qh]
Seat 1: Mackeral (big blind) showed [6c Qd] and won ($29.50) with a pair of Queens
Seat 3: favete lin (button) (small blind) mucked


PokerStars Hand #175570321924:  Hold'em Limit ($3/$6 USD) - 2017/09/12 19:47:08 ET
Table 'Troilus' 6-max Seat #1 is the button
Seat 1: Mackeral ($162.10 in chips)
Seat 3: favete lin ($190.10 in chips)
Mackeral: posts small blind $1
favete lin: posts big blind $3
*** HOLE CARDS ***
Mackeral: folds
Uncalled bet ($2) returned to favete lin
favete lin collected $2 from pot
favete lin: doesn't show hand
*** SUMMARY ***
Total pot $2 | Rake $0
Seat 1: Mackeral (button) (small blind) folded before Flop
Seat 3: favete lin (big blind) collected ($2)


PokerStars Hand #175570351456:  Hold'em Limit ($3/$6 USD) - 2017/09/12 19:48:03 ET
Table 'Troilus' 6-max Seat #3 is the button
Seat 1: Mackeral ($154.60 in chips)
Seat 3: favete lin ($196.60 in chips)
favete lin: posts small blind $1
Mackeral: posts big blind $3
*** HOLE CARDS ***
favete lin: raises $3 to $6
Mackeral: folds
Uncalled bet ($3) returned to favete lin
favete lin collected $6 from pot
favete lin: doesn't show hand
*** SUMMARY ***
Total pot $6 | Rake $0
Seat 1: Mackeral (big blind) folded before Flop
Seat 3: favete lin (button) (small blind) collected ($6)


PokerStars Hand #175570336712:  Hold'em Limit ($3/$6 USD) - 2017/09/12 19:47:36 ET
Table 'Troilus' 6-max Seat #1 is the button
Seat 1: Mackeral ($175.60 in chips)
Seat 3: favete lin ($176.10 in chips)
Mackeral: posts small blind $1
favete lin: posts big blind $3
*** HOLE CARDS ***
Mackeral: raises $3 to $6
favete lin: calls $3
*** FLOP *** [3d Th 2d]
favete lin: checks
Mackeral: bets $3
favete lin: calls $3
*** TURN *** [3d Th 2d] [7c]
favete lin: checks
Mackeral: bets $6
favete lin: calls $6
*** RIVER *** [3d Th 2d 7c] [9c]
favete lin: checks
Mackeral: bets $6
favete lin: calls $6
*** SHOW DOWN ***
Mackeral: shows [5d 6h] (high card Ten)
favete lin: shows [As 6c] (high card Ace)
favete lin collected $41.50 from pot
*** SUMMARY ***
Total pot $42 | Rake $0.50
Board [3d Th 2d 7c 9c]
Seat 1: Mackeral (button) (small blind) showed [5d 6h] and lost with high card Ten
Seat 3: favete lin (big blind) showed [As 6c] and won ($41.50) with high card Ace


PokerStars Hand #175570358269:  Hold'em Limit ($3/$6 USD) - 2017/09/12 19:48:16 ET
Table 'Troilus' 6-max Seat #3 is the button
Seat 1: Mackeral ($150.60 in chips)
Seat 3: favete lin ($200.60 in chips)
favete lin: posts small blind $1
Mackeral: posts big blind $3
*** HOLE CARDS ***
favete lin: raises $3 to $6
Mackeral: calls $3
*** FLOP *** [3s 8d Kd]
Mackeral: checks
favete lin: bets $3
Mackeral: raises $3 to $6
favete lin: calls $3
*** TURN *** [3s 8d Kd] [Js]
Mackeral: bets $6
favete lin: calls $6
*** RIVER *** [3s 8d Kd Js] [Qs]
Mackeral: bets $6
favete lin: calls $6
*** SHOW DOWN ***
Mackeral: shows [5h 8s] (a pair of Eights)
favete lin: shows [9d 9h] (a pair of Nines)
favete lin collected $47.50 from pot
*** SUMMARY ***
Total pot $48 | Rake $0.50
Board [3s 8d Kd Js Qs]
Seat 1: Mackeral (big blind) showed [5h 8s] and lost with a pair of Eights
Seat 3: favete lin (button) (small blind) showed [9d 9h] and won ($47.50) with a pair of Nines


PokerStars Hand #175570355397:  Hold'em Limit ($3/$6 USD) - 2017/09/12 19:48:11 ET
Table 'Troilus' 6-max Seat #1 is the button
Seat 1: Mackeral ($151.60 in chips)
Seat 3: favete lin ($199.60 in chips)
Mackeral: posts small blind $1
favete lin: posts big blind $3
*** HOLE CARDS ***
Mackeral: folds
Uncalled bet ($2) returned to favete lin
favete lin collected $2 from pot
favete lin: doesn't show hand
*** SUMMARY ***
Total pot $2 | Rake $0
Seat 1: Mackeral (button) (small blind) folded before Flop
Seat 3: favete lin (big blind) collected ($2)


PokerStars Hand #175570393722:  Hold'em Limit ($3/$6 USD) - 2017/09/12 19:49:23 ET
Table 'Troilus' 6-max Seat #3 is the button
Seat 1: Mackeral ($108.60 in chips)
Seat 3: favete lin ($241.60 in chips)
favete lin: posts small blind $1
Mackeral: posts big blind $3
*** HOLE CARDS ***
favete lin: raises $3 to $6
Mackeral: raises $3 to $9
favete lin: calls $3
*** FLOP *** [Js Kc 6h]
Mackeral: bets $3
favete lin: calls $3
*** TURN *** [Js Kc 6h] [9c]
Mackeral: bets $6
favete lin: folds
Uncalled bet ($6) returned to Mackeral
Mackeral collected $23.52 from pot
Mackeral: doesn't show hand
*** SUMMARY ***
Total pot $24 | Rake $0.48
Board [Js Kc 6h 9c]
Seat 1: Mackeral (big blind) collected ($23.52)
Seat 3: favete lin (button) (small blind) folded on the Turn


PokerStars Hand #175570372237:  Hold'em Limit ($3/$6 USD) - 2017/09/12 19:48:43 ET
Table 'Troilus' 6-max Seat #1 is the button
Seat 1: Mackeral ($126.60 in chips)
Seat 3: favete lin ($224.10 in chips)
Mackeral: posts small blind $1
favete lin: posts big blind $3
*** HOLE CARDS ***
Mackeral: raises $3 to $6
favete lin: calls $3
*** FLOP *** [Qs Td 9c]
favete lin: checks
Mackeral: bets $3
favete lin: raises $3 to $6
Mackeral: calls $3
*** TURN *** [Qs Td 9c] [5c]
favete lin: bets $6
Mackeral: calls $6
*** RIVER *** [Qs Td 9c 5c] [2s]
favete lin: bets $6
Mackeral: folds
Uncalled bet ($6) returned to favete lin
favete lin collected $35.50 from pot
favete lin: doesn't show hand
*** SUMMARY ***
Total pot $36 | Rake $0.50
Board [Qs Td 9c 5c 2s]
Seat 1: Mackeral (button) (small blind) folded on the River
Seat 3: favete lin (big blind) collected ($35.50)


PokerStars Hand #175570423913:  Hold'em Limit ($3/$6 USD) - 2017/09/12 19:50:20 ET
Table 'Troilus' 6-max Seat #3 is the button
Seat 1: Mackeral ($96.12 in chips)
Seat 3: favete lin ($253.10 in chips)
favete lin: posts small blind $1
Mackeral: posts big blind $3
*** HOLE CARDS ***
favete lin: raises $3 to $6
Mackeral: raises $3 to $9
favete lin: calls $3
*** FLOP *** [7d As Qs]
Mackeral: bets $3
favete lin: calls $3
*** TURN *** [7d As Qs] [Ah]
Mackeral: checks
favete lin: checks
*** RIVER *** [7d As Qs Ah] [Kh]
Mackeral: bets $6
favete lin: calls $6
*** SHOW DOWN ***
Mackeral: shows [9s Kc] (two pair, Aces and Kings)
favete lin: mucks hand
Mackeral collected $35.50 from pot
*** SUMMARY ***
Total pot $36 | Rake $0.50
Board [7d As Qs Ah Kh]
Seat 1: Mackeral (big blind) showed [9s Kc] and won ($35.50) with two pair, Aces and Kings
Seat 3: favete lin (button) (small blind) mucked


PokerStars Hand #175570435818:  Hold'em Limit ($3/$6 USD) - 2017/09/12 19:50:43 ET
Table 'Troilus' 6-max Seat #1 is the button
Seat 1: Mackeral ($113.62 in chips)
Seat 3: favete lin ($235.10 in chips)
Mackeral: posts small blind $1
favete lin: posts big blind $3
*** HOLE CARDS ***
Mackeral: raises $3 to $6
favete lin: calls $3
*** FLOP *** [7c 2s 9h]
favete lin: checks
Mackeral: bets $3
favete lin: raises $3 to $6
Mackeral: calls $3
*** TURN *** [7c 2s 9h] [Qd]
favete lin: bets $6
Mackeral: calls $6
*** RIVER *** [7c 2s 9h Qd] [Ts]
favete lin: checks
Mackeral: checks
*** SHOW DOWN ***
favete lin: shows [9s 5d] (a pair of Nines)
Mackeral: mucks hand
favete lin collected $35.50 from pot
*** SUMMARY ***
Total pot $36 | Rake $0.50
Board [7c 2s 9h Qd Ts]
Seat 1: Mackeral (button) (small blind) mucked
Seat 3: favete lin (big blind) showed [9s 5d] and won ($35.50) with a pair of Nines


PokerStars Hand #175570403896:  Hold'em Limit ($3/$6 USD) - 2017/09/12 19:49:42 ET
Table 'Troilus' 6-max Seat #1 is the button
Seat 1: Mackeral ($120.12 in chips)
Seat 3: favete lin ($229.60 in chips)
Mackeral: posts small blind $1
favete lin: posts big blind $3
*** HOLE CARDS ***
Mackeral: raises $3 to $6
favete lin: calls $3
*** FLOP *** [2h 4c Ts]
favete lin: checks
Mackeral: checks
*** TURN *** [2h 4c Ts] [4h]
favete lin: bets $6
Mackeral: raises $6 to $12
favete lin: calls $6
*** RIVER *** [2h 4c Ts 4h] [9s]
favete lin: checks
Mackeral: bets $6
favete lin: calls $6
*** SHOW DOWN ***
Mackeral: shows [7d Qs] (a pair of Fours)
favete lin: shows [7h As] (a pair of Fours - Ace kicker)
favete lin collected $47.50 from pot
*** SUMMARY ***
Total pot $48 | Rake $0.50
Board [2h 4c Ts 4h 9s]
Seat 1: Mackeral (button) (small blind) showed [7d Qs] and lost with a pair of Fours
Seat 3: favete lin (big blind) showed [7h As] and won ($47.50) with a pair of Fours


PokerStars Hand #175570464701:  Hold'em Limit ($3/$6 USD) - 2017/09/12 19:51:39 ET
Table 'Troilus' 6-max Seat #3 is the button
Seat 1: Mackeral ($85.62 in chips)
Seat 3: favete lin ($262.24 in chips)
favete lin: posts small blind $1
Mackeral: posts big blind $3
*** HOLE CARDS ***
favete lin: raises $3 to $6
Mackeral: folds
Uncalled bet ($3) returned to favete lin
favete lin collected $6 from pot
favete lin: doesn't show hand
*** SUMMARY ***
Total pot $6 | Rake $0
Seat 1: Mackeral (big blind) folded before Flop
Seat 3: favete lin (button) (small blind) collected ($6)


PokerStars Hand #175570461357:  Hold'em Limit ($3/$6 USD) - 2017/09/12 19:51:32 ET
Table 'Troilus' 6-max Seat #1 is the button
Seat 1: Mackeral ($86.62 in chips)
Seat 3: favete lin ($261.24 in chips)
Mackeral: posts small blind $1
favete lin: posts big blind $3
*** HOLE CARDS ***
Mackeral: folds
Uncalled bet ($2) returned to favete lin
favete lin collected $2 from pot
favete lin: doesn't show hand
*** SUMMARY ***
Total pot $2 | Rake $0
Seat 1: Mackeral (button) (small blind) folded before Flop
Seat 3: favete lin (big blind) collected ($2)


PokerStars Hand #175570448054:  Hold'em Limit ($3/$6 USD) - 2017/09/12 19:51:07 ET
Table 'Troilus' 6-max Seat #3 is the button
Seat 1: Mackeral ($95.62 in chips)
Seat 3: favete lin ($252.60 in chips)
favete lin: posts small blind $1
Mackeral: posts big blind $3
*** HOLE CARDS ***
favete lin: raises $3 to $6
Mackeral: calls $3
*** FLOP *** [2d 4h 8c]
Mackeral: checks
favete lin: bets $3
Mackeral: calls $3
*** TURN *** [2d 4h 8c] [5c]
Mackeral: checks
favete lin: bets $6
Mackeral: folds
Uncalled bet ($6) returned to favete lin
favete lin collected $17.64 from pot
favete lin: doesn't show hand
*** SUMMARY ***
Total pot $18 | Rake $0.36
Board [2d 4h 8c 5c]
Seat 1: Mackeral (big blind) folded on the Turn
Seat 3: favete lin (button) (small blind) collected ($17.64)


PokerStars Hand #175570478619:  Hold'em Limit ($3/$6 USD) - 2017/09/12 19:52:06 ET
Table 'Troilus' 6-max Seat #3 is the button
Seat 1: Mackeral ($85.62 in chips)
Seat 3: favete lin ($262.24 in chips)
favete lin: posts small blind $1
Mackeral: posts big blind $3
*** HOLE CARDS ***
favete lin: folds
Uncalled bet ($2) returned to Mackeral
Mackeral collected $2 from pot
Mackeral: doesn't show hand
*** SUMMARY ***
Total pot $2 | Rake $0
Seat 1: Mackeral (big blind) collected ($2)
Seat 3: favete lin (button) (small blind) folded before Flop


PokerStars Hand #175570474671:  Hold'em Limit ($3/$6 USD) - 2017/09/12 19:51:58 ET
Table 'Troilus' 6-max Seat #1 is the button
Seat 1: Mackeral ($82.62 in chips)
Seat 3: favete lin ($265.24 in chips)
Mackeral: posts small blind $1
favete lin: posts big blind $3
*** HOLE CARDS ***
Mackeral: raises $3 to $6
favete lin: folds
Uncalled bet ($3) returned to Mackeral
Mackeral collected $6 from pot
Mackeral: doesn't show hand
*** SUMMARY ***
Total pot $6 | Rake $0
Seat 1: Mackeral (button) (small blind) collected ($6)
Seat 3: favete lin (big blind) folded before Flop


PokerStars Hand #175570482319:  Hold'em Limit ($3/$6 USD) - 2017/09/12 19:52:13 ET
Table 'Troilus' 6-max Seat #1 is the button
Seat 1: Mackeral ($86.62 in chips)
Seat 3: favete lin ($261.24 in chips)
Mackeral: posts small blind $1
favete lin: posts big blind $3
*** HOLE CARDS ***
Mackeral: raises $3 to $6
favete lin: calls $3
*** FLOP *** [6d 3d 3c]
favete lin: checks
Mackeral: bets $3
favete lin: raises $3 to $6
Mackeral: raises $3 to $9
favete lin: calls $3
*** TURN *** [6d 3d 3c] [9c]
favete lin: checks
Mackeral: bets $6
favete lin: calls $6
*** RIVER *** [6d 3d 3c 9c] [4s]
favete lin: checks
Mackeral: bets $6
favete lin: calls $6
*** SHOW DOWN ***
Mackeral: shows [Qc Qh] (two pair, Queens and Threes)
favete lin: mucks hand
Mackeral collected $53.50 from pot
*** SUMMARY ***
Total pot $54 | Rake $0.50
Board [6d 3d 3c 9c 4s]
Seat 1: Mackeral (button) (small blind) showed [Qc Qh] and won ($53.50) with two pair, Queens and Threes
Seat 3: favete lin (big blind) mucked


PokerStars Hand #175570522472:  Hold'em Limit ($3/$6 USD) - 2017/09/12 19:53:31 ET
Table 'Troilus' 6-max Seat #3 is the button
Seat 1: Mackeral ($130.40 in chips)
Seat 3: favete lin ($216.24 in chips)
favete lin: posts small blind $1
Mackeral: posts big blind $3
*** HOLE CARDS ***
favete lin: raises $3 to $6
Mackeral: calls $3
*** FLOP *** [7s 5h Jd]
Mackeral: checks
favete lin: bets $3
Mackeral: calls $3
*** TURN *** [7s 5h Jd] [As]
Mackeral: checks
favete lin: bets $6
Mackeral: calls $6
*** RIVER *** [7s 5h Jd As] [9d]
Mackeral: checks
favete lin: bets $6
Mackeral: calls $6
*** SHOW DOWN ***
favete lin: shows [7h Jh] (two pair, Jacks and Sevens)
Mackeral: mucks hand
favete lin collected $41.50 from pot
*** SUMMARY ***
Total pot $42 | Rake $0.50
Board [7s 5h Jd As 9d]
Seat 1: Mackeral (big blind) mucked
Seat 3: favete lin (button) (small blind) showed [7h Jh] and won ($41.50) with two pair, Jacks and Sevens


PokerStars Hand #175570500384:  Hold'em Limit ($3/$6 USD) - 2017/09/12 19:52:48 ET
Table 'Troilus' 6-max Seat #3 is the button
Seat 1: Mackeral ($113.12 in chips)
Seat 3: favete lin ($234.24 in chips)
favete lin: posts small blind $1
Mackeral: posts big blind $3
*** HOLE CARDS ***
favete lin: raises $3 to $6
Mackeral: raises $3 to $9
favete lin: calls $3
*** FLOP *** [2c 8h Qd]
Mackeral: bets $3
favete lin: calls $3
*** TURN *** [2c 8h Qd] [2d]
Mackeral: bets $6
favete lin: folds
Uncalled bet ($6) returned to Mackeral
Mackeral collected $23.52 from pot
Mackeral: doesn't show hand
*** SUMMARY ***
Total pot $24 | Rake $0.48
Board [2c 8h Qd 2d]
Seat 1: Mackeral (big blind) collected ($23.52)
Seat 3: favete lin (button) (small blind) folded on the Turn


PokerStars Hand #175570517246:  Hold'em Limit ($3/$6 USD) - 2017/09/12 19:53:21 ET
Table 'Troilus' 6-max Seat #1 is the button
Seat 1: Mackeral ($124.64 in chips)
Seat 3: favete lin ($222.24 in chips)
Mackeral: posts small blind $1
favete lin: posts big blind $3
*** HOLE CARDS ***
Mackeral: raises $3 to $6
favete lin: calls $3
*** FLOP *** [Qh 9c 2h]
favete lin: checks
Mackeral: bets $3
favete lin: folds
Uncalled bet ($3) returned to Mackeral
Mackeral collected $11.76 from pot
Mackeral: doesn't show hand
*** SUMMARY ***
Total pot $12 | Rake $0.24
Board [Qh 9c 2h]
Seat 1: Mackeral (button) (small blind) collected ($11.76)
Seat 3: favete lin (big blind) folded on the Flop


PokerStars Hand #175570538955:  Hold'em Limit ($3/$6 USD) - 2017/09/12 19:54:03 ET
Table 'Troilus' 6-max Seat #1 is the button
Seat 1: Mackeral ($109.40 in chips)
Seat 3: favete lin ($236.74 in chips)
Mackeral: posts small blind $1
favete lin: posts big blind $3
*** HOLE CARDS ***
Mackeral: raises $3 to $6
favete lin: calls $3
*** FLOP *** [9h Tc Ad]
favete lin: checks
Mackeral: bets $3
favete lin: calls $3
*** TURN *** [9h Tc Ad] [4h]
favete lin: checks
Mackeral: checks
*** RIVER *** [9h Tc Ad 4h] [5d]
favete lin: bets $6
Mackeral: folds
Uncalled bet ($6) returned to favete lin
favete lin collected $17.64 from pot
favete lin: doesn't show hand
*** SUMMARY ***
Total pot $18 | Rake $0.36
Board [9h Tc Ad 4h 5d]
Seat 1: Mackeral (button) (small blind) folded on the River
Seat 3: favete lin (big blind) collected ($17.64)


PokerStars Hand #175570560747:  Hold'em Limit ($3/$6 USD) - 2017/09/12 19:54:46 ET
Table 'Troilus' 6-max Seat #1 is the button
Seat 1: Mackeral ($94.40 in chips)
Seat 3: favete lin ($251.14 in chips)
Mackeral: posts small blind $1
favete lin: posts big blind $3
*** HOLE CARDS ***
Mackeral: folds
Uncalled bet ($2) returned to favete lin
favete lin collected $2 from pot
favete lin: doesn't show hand
*** SUMMARY ***
Total pot $2 | Rake $0
Seat 1: Mackeral (button) (small blind) folded before Flop
Seat 3: favete lin (big blind) collected ($2)


PokerStars Hand #175570551345:  Hold'em Limit ($3/$6 USD) - 2017/09/12 19:54:27 ET
Table 'Troilus' 6-max Seat #3 is the button
Seat 1: Mackeral ($100.40 in chips)
Seat 3: favete lin ($245.38 in chips)
favete lin: posts small blind $1
Mackeral: posts big blind $3
*** HOLE CARDS ***
favete lin: raises $3 to $6
Mackeral: calls $3
*** FLOP *** [2h 7s As]
Mackeral: checks
favete lin: bets $3
Mackeral: folds
Uncalled bet ($3) returned to favete lin
favete lin collected $11.76 from pot
favete lin: doesn't show hand
*** SUMMARY ***
Total pot $12 | Rake $0.24
Board [2h 7s As]
Seat 1: Mackeral (big blind) folded on the Flop
Seat 3: favete lin (button) (small blind) collected ($11.76)


PokerStars Hand #175570564210:  Hold'em Limit ($3/$6 USD) - 2017/09/12 19:54:53 ET
Table 'Troilus' 6-max Seat #3 is the button
Seat 1: Mackeral ($93.40 in chips)
Seat 3: favete lin ($252.14 in chips)
favete lin: posts small blind $1
Mackeral: posts big blind $3
*** HOLE CARDS ***
favete lin: raises $3 to $6
Mackeral: folds
Uncalled bet ($3) returned to favete lin
favete lin collected $6 from pot
favete lin: doesn't show hand
*** SUMMARY ***
Total pot $6 | Rake $0
Seat 1: Mackeral (big blind) folded before Flop
Seat 3: favete lin (button) (small blind) collected ($6)


PokerStars Hand #175570567243:  Hold'em Limit ($3/$6 USD) - 2017/09/12 19:54:59 ET
Table 'Troilus' 6-max Seat #1 is the button
Seat 1: Mackeral ($90.40 in chips)
Seat 3: favete lin ($255.14 in chips)
Mackeral: posts small blind $1
favete lin: posts big blind $3
*** HOLE CARDS ***
Mackeral: raises $3 to $6
favete lin: raises $3 to $9
Mackeral: calls $3
*** FLOP *** [5h Th 3c]
cwcarr joins the table at seat #2
favete lin: bets $3
Mackeral: calls $3
*** TURN *** [5h Th 3c] [2h]
favete lin: bets $6
Mackeral: calls $6
*** RIVER *** [5h Th 3c 2h] [6d]
favete lin: bets $6
Mackeral: calls $6
*** SHOW DOWN ***
favete lin: shows [Td 8d] (a pair of Tens)
Mackeral: mucks hand
favete lin collected $47.50 from pot
*** SUMMARY ***
Total pot $48 | Rake $0.50
Board [5h Th 3c 2h 6d]
Seat 1: Mackeral (button) (small blind) mucked
Seat 3: favete lin (big blind) showed [Td 8d] and won ($47.50) with a pair of Tens


PokerStars Hand #175570577434:  Hold'em Limit ($3/$6 USD) - 2017/09/12 19:55:21 ET
Table 'Troilus' 6-max Seat #3 is the button
Seat 1: Mackeral ($66.40 in chips)
Seat 3: favete lin ($278.64 in chips)
favete lin: posts small blind $1
Mackeral: posts big blind $3
*** HOLE CARDS ***
favete lin: folds
Uncalled bet ($2) returned to Mackeral
Mackeral collected $2 from pot
Mackeral: doesn't show hand
*** SUMMARY ***
Total pot $2 | Rake $0
Seat 1: Mackeral (big blind) collected ($2)
Seat 3: favete lin (button) (small blind) folded before Flop


