PokerStars Hand #154206241478:  Hold'em Limit ($3/$6 USD) - 2016/06/02 18:09:51 ET
Table 'Troilus' 6-max Seat #1 is the button
Seat 1: Velbor107 ($287 in chips)
Seat 3: NiktheDon ($124.20 in chips)
Velbor107: posts small blind $1
NiktheDon: posts big blind $3
*** HOLE CARDS ***
Velbor107: raises $3 to $6
NiktheDon: calls $3
*** FLOP *** [Jh 3h 8s]
NiktheDon: bets $3
Velbor107: calls $3
*** TURN *** [Jh 3h 8s] [3d]
NiktheDon: bets $6
Velbor107: calls $6
*** RIVER *** [Jh 3h 8s 3d] [4s]
NiktheDon: bets $6
Velbor107: calls $6
*** SHOW DOWN ***
NiktheDon: shows [Js Qh] (two pair, Jacks and Threes)
Velbor107: mucks hand
NiktheDon collected $41.50 from pot
*** SUMMARY ***
Total pot $42 | Rake $0.50
Board [Jh 3h 8s 3d 4s]
Seat 1: Velbor107 (button) (small blind) mucked
Seat 3: NiktheDon (big blind) showed [Js Qh] and won ($41.50) with two pair, Jacks and Threes


PokerStars Hand #154206222731:  Hold'em Limit ($3/$6 USD) - 2016/06/02 18:09:27 ET
Table 'Troilus' 6-max Seat #3 is the button
Seat 1: Velbor107 ($299 in chips)
Seat 3: NiktheDon ($112.68 in chips)
NiktheDon: posts small blind $1
Velbor107: posts big blind $3
*** HOLE CARDS ***
NiktheDon: calls $2
Velbor107: checks
*** FLOP *** [9c 2c 4d]
Velbor107: checks
NiktheDon: bets $3
Velbor107: calls $3
*** TURN *** [9c 2c 4d] [Tc]
Velbor107: checks
NiktheDon: checks
*** RIVER *** [9c 2c 4d Tc] [7d]
Velbor107: checks
NiktheDon: bets $6
Velbor107: calls $6
*** SHOW DOWN ***
NiktheDon: shows [9s Qs] (a pair of Nines)
Velbor107: mucks hand
NiktheDon collected $23.52 from pot
*** SUMMARY ***
Total pot $24 | Rake $0.48
Board [9c 2c 4d Tc 7d]
Seat 1: Velbor107 (big blind) mucked
Seat 3: NiktheDon (button) (small blind) showed [9s Qs] and won ($23.52) with a pair of Nines


PokerStars Hand #154206280938:  Hold'em Limit ($3/$6 USD) - 2016/06/02 18:10:43 ET
Table 'Troilus' 6-max Seat #1 is the button
Seat 1: Velbor107 ($260 in chips)
Seat 3: NiktheDon ($150.46 in chips)
Velbor107: posts small blind $1
NiktheDon: posts big blind $3
*** HOLE CARDS ***
Velbor107: raises $3 to $6
NiktheDon: calls $3
*** FLOP *** [Jc Qd 4c]
NiktheDon: checks
Velbor107: bets $3
NiktheDon: folds
Uncalled bet ($3) returned to Velbor107
Velbor107 collected $11.76 from pot
*** SUMMARY ***
Total pot $12 | Rake $0.24
Board [Jc Qd 4c]
Seat 1: Velbor107 (button) (small blind) collected ($11.76)
Seat 3: NiktheDon (big blind) folded on the Flop


PokerStars Hand #154206266302:  Hold'em Limit ($3/$6 USD) - 2016/06/02 18:10:24 ET
Table 'Troilus' 6-max Seat #3 is the button
Seat 1: Velbor107 ($266 in chips)
Seat 3: NiktheDon ($144.70 in chips)
NiktheDon: posts small blind $1
Velbor107: posts big blind $3
*** HOLE CARDS ***
NiktheDon: raises $3 to $6
Velbor107: calls $3
*** FLOP *** [2s Kh Qc]
Velbor107: checks
NiktheDon: bets $3
vestimokrec joins the table at seat #4
Velbor107: folds
Uncalled bet ($3) returned to NiktheDon
NiktheDon collected $11.76 from pot
NiktheDon: doesn't show hand
*** SUMMARY ***
Total pot $12 | Rake $0.24
Board [2s Kh Qc]
Seat 1: Velbor107 (big blind) folded on the Flop
Seat 3: NiktheDon (button) (small blind) collected ($11.76)


