PokerStars Hand #172643272406:  Hold'em Limit ($3/$6 USD) - 2017/07/05 13:56:31 ET
Table 'Tros' 6-max Seat #3 is the button
Seat 3: sim5sim5 ($72 in chips)
Seat 5: belik555 ($90 in chips)
EVBET will be allowed to play after the button
sim5sim5: posts small blind $1
belik555: posts big blind $3
*** HOLE CARDS ***
sim5sim5: raises $3 to $6
Aragorn ll leaves the table
belik555: raises $3 to $9
sim5sim5: calls $3
*** FLOP *** [4d 5h Jc]
belik555: bets $3
sim5sim5: raises $3 to $6
belik555: calls $3
*** TURN *** [4d 5h Jc] [8h]
belik555: checks
sim5sim5: bets $6
belik555: calls $6
*** RIVER *** [4d 5h Jc 8h] [8c]
belik555: checks
sim5sim5: checks
*** SHOW DOWN ***
belik555: shows [9d 9s] (two pair, Nines and Eights)
sim5sim5: mucks hand
belik555 collected $41.50 from pot
*** SUMMARY ***
Total pot $42 | Rake $0.50
Board [4d 5h Jc 8h 8c]
Seat 3: sim5sim5 (button) (small blind) mucked
Seat 5: belik555 (big blind) showed [9d 9s] and won ($41.50) with two pair, Nines and Eights


PokerStars Hand #172643308049:  Hold'em Limit ($3/$6 USD) - 2017/07/05 13:57:35 ET
Table 'Tros' 6-max Seat #6 is the button
Seat 5: belik555 ($113.50 in chips)
Seat 6: EVBET ($297 in chips)
EVBET: posts small blind $1
sim5sim5: is sitting out
belik555: posts big blind $3
*** HOLE CARDS ***
sim5sim5 leaves the table
EVBET: folds
Uncalled bet ($2) returned to belik555
belik555 collected $2 from pot
belik555: doesn't show hand
*** SUMMARY ***
Total pot $2 | Rake $0
Seat 5: belik555 (big blind) collected ($2)
Seat 6: EVBET (button) (small blind) folded before Flop


