PokerStars Hand #148401002487:  Hold'em Limit ($3/$6 USD) - 2016/02/07 13:04:41 ET
Table 'Tros' 6-max Seat #1 is the button
Seat 1: zeelogic666 ($52.37 in chips)
Seat 4: BuzovaPro ($72 in chips)
zeelogic666: posts small blind $1
BuzovaPro: posts big blind $3
*** HOLE CARDS ***
zeelogic666: folds
Uncalled bet ($2) returned to BuzovaPro
BuzovaPro collected $2 from pot
BuzovaPro: doesn't show hand
*** SUMMARY ***
Total pot $2 | Rake $0
Seat 1: zeelogic666 (button) (small blind) folded before Flop
Seat 4: BuzovaPro (big blind) collected ($2)


PokerStars Hand #148400971455:  Hold'em Limit ($3/$6 USD) - 2016/02/07 13:04:14 ET
Table 'Tros' 6-max Seat #4 is the button
Seat 1: zeelogic666 ($37.87 in chips)
Seat 4: BuzovaPro ($72 in chips)
BuzovaPro: posts small blind $1
zeelogic666: posts big blind $3
*** HOLE CARDS ***
BuzovaPro: raises $3 to $6
zeelogic666: calls $3
*** FLOP *** [6h 4h 5d]
zeelogic666: bets $3
BuzovaPro: calls $3
*** TURN *** [6h 4h 5d] [4c]
zeelogic666: bets $6
Pokali joins the table at seat #2
BuzovaPro: calls $6
*** RIVER *** [6h 4h 5d 4c] [3c]
zeelogic666: checks
BuzovaPro: checks
*** SHOW DOWN ***
zeelogic666: shows [Ks 6c] (two pair, Sixes and Fours)
BuzovaPro: mucks hand
zeelogic666 collected $29.50 from pot
*** SUMMARY ***
Total pot $30 | Rake $0.50
Board [6h 4h 5d 4c 3c]
Seat 1: zeelogic666 (big blind) showed [Ks 6c] and won ($29.50) with two pair, Sixes and Fours
Seat 4: BuzovaPro (button) (small blind) mucked


PokerStars Hand #148400923875:  Hold'em Limit ($3/$6 USD) - 2016/02/07 13:03:32 ET
Table 'Tros' 6-max Seat #1 is the button
Seat 1: zeelogic666 ($34.99 in chips)
Seat 4: BuzovaPro ($72 in chips)
zeelogic666: posts small blind $1
BuzovaPro: posts big blind $3
*** HOLE CARDS ***
zeelogic666: calls $2
BuzovaPro: checks
*** FLOP *** [Kh 3d 6h]
BuzovaPro: checks
zeelogic666: checks
*** TURN *** [Kh 3d 6h] [4d]
BuzovaPro: checks
zeelogic666: checks
*** RIVER *** [Kh 3d 6h 4d] [Ts]
BuzovaPro: checks
zeelogic666: checks
*** SHOW DOWN ***
BuzovaPro: shows [2h 8d] (high card King)
zeelogic666: shows [2c 9c] (high card King - Ten+Nine kicker)
zeelogic666 collected $5.88 from pot
*** SUMMARY ***
Total pot $6 | Rake $0.12
Board [Kh 3d 6h 4d Ts]
Seat 1: zeelogic666 (button) (small blind) showed [2c 9c] and won ($5.88) with high card King
Seat 4: BuzovaPro (big blind) showed [2h 8d] and lost with high card King


PokerStars Hand #148401196925:  Hold'em Limit ($3/$6 USD) - 2016/02/07 13:07:29 ET
Table 'Tros' 6-max Seat #4 is the button
Seat 4: BuzovaPro ($82.64 in chips)
Seat 5: laapin ($110 in chips)
BuzovaPro: posts small blind $1
laapin: posts big blind $3
*** HOLE CARDS ***
BuzovaPro: raises $3 to $6
laapin: raises $3 to $9
BuzovaPro: calls $3
*** FLOP *** [4c 5h 9h]
laapin: bets $3
BuzovaPro: calls $3
*** TURN *** [4c 5h 9h] [9d]
laapin: bets $6
BuzovaPro: folds
Uncalled bet ($6) returned to laapin
laapin collected $23.52 from pot
laapin: doesn't show hand
*** SUMMARY ***
Total pot $24 | Rake $0.48
Board [4c 5h 9h 9d]
Seat 4: BuzovaPro (button) (small blind) folded on the Turn
Seat 5: laapin (big blind) collected ($23.52)


PokerStars Hand #148401191172:  Hold'em Limit ($3/$6 USD) - 2016/02/07 13:07:24 ET
Table 'Tros' 6-max Seat #5 is the button
Seat 4: BuzovaPro ($81.64 in chips)
Seat 5: laapin ($111 in chips)
laapin: posts small blind $1
BuzovaPro: posts big blind $3
*** HOLE CARDS ***
laapin: folds
Uncalled bet ($2) returned to BuzovaPro
BuzovaPro collected $2 from pot
BuzovaPro: doesn't show hand
*** SUMMARY ***
Total pot $2 | Rake $0
Seat 4: BuzovaPro (big blind) collected ($2)
Seat 5: laapin (button) (small blind) folded before Flop


PokerStars Hand #148401163267:  Hold'em Limit ($3/$6 USD) - 2016/02/07 13:07:00 ET
Table 'Tros' 6-max Seat #4 is the button
Seat 4: BuzovaPro ($73 in chips)
Seat 5: laapin ($120 in chips)
BuzovaPro: posts small blind $1
laapin: posts big blind $3
*** HOLE CARDS ***
BuzovaPro: raises $3 to $6
laapin: calls $3
*** FLOP *** [4d 7s Jd]
laapin: checks
BuzovaPro: bets $3
laapin: calls $3
*** TURN *** [4d 7s Jd] [3d]
laapin: checks
BuzovaPro: bets $6
laapin: folds
Uncalled bet ($6) returned to BuzovaPro
BuzovaPro collected $17.64 from pot
BuzovaPro: doesn't show hand
*** SUMMARY ***
Total pot $18 | Rake $0.36
Board [4d 7s Jd 3d]
Seat 4: BuzovaPro (button) (small blind) collected ($17.64)
Seat 5: laapin (big blind) folded on the Turn


PokerStars Hand #148401271374:  Hold'em Limit ($3/$6 USD) - 2016/02/07 13:08:34 ET
Table 'Tros' 6-max Seat #5 is the button
Seat 4: BuzovaPro ($90.28 in chips)
Seat 5: laapin ($108.28 in chips)
laapin: posts small blind $1
BuzovaPro: posts big blind $3
*** HOLE CARDS ***
laapin: raises $3 to $6
BuzovaPro: folds
Uncalled bet ($3) returned to laapin
laapin collected $6 from pot
laapin: doesn't show hand
*** SUMMARY ***
Total pot $6 | Rake $0
Seat 4: BuzovaPro (big blind) folded before Flop
Seat 5: laapin (button) (small blind) collected ($6)


PokerStars Hand #148401248273:  Hold'em Limit ($3/$6 USD) - 2016/02/07 13:08:14 ET
Table 'Tros' 6-max Seat #4 is the button
Seat 4: BuzovaPro ($78.76 in chips)
Seat 5: laapin ($120.28 in chips)
BuzovaPro: posts small blind $1
laapin: posts big blind $3
*** HOLE CARDS ***
BuzovaPro: raises $3 to $6
laapin: raises $3 to $9
BuzovaPro: calls $3
*** FLOP *** [2s Js 2d]
laapin: bets $3
BuzovaPro: calls $3
*** TURN *** [2s Js 2d] [9c]
laapin: checks
BuzovaPro: checks
*** RIVER *** [2s Js 2d 9c] [Td]
laapin: checks
BuzovaPro: checks
*** SHOW DOWN ***
laapin: shows [8d 6h] (a pair of Deuces)
BuzovaPro: shows [Kc 7d] (a pair of Deuces - King kicker)
BuzovaPro collected $23.52 from pot
*** SUMMARY ***
Total pot $24 | Rake $0.48
Board [2s Js 2d 9c Td]
Seat 4: BuzovaPro (button) (small blind) showed [Kc 7d] and won ($23.52) with a pair of Deuces
Seat 5: laapin (big blind) showed [8d 6h] and lost with a pair of Deuces


PokerStars Hand #148401242997:  Hold'em Limit ($3/$6 USD) - 2016/02/07 13:08:09 ET
Table 'Tros' 6-max Seat #5 is the button
Seat 4: BuzovaPro ($77.76 in chips)
Seat 5: laapin ($121.28 in chips)
laapin: posts small blind $1
BuzovaPro: posts big blind $3
*** HOLE CARDS ***
laapin: folds
Uncalled bet ($2) returned to BuzovaPro
BuzovaPro collected $2 from pot
BuzovaPro: doesn't show hand
*** SUMMARY ***
Total pot $2 | Rake $0
Seat 4: BuzovaPro (big blind) collected ($2)
Seat 5: laapin (button) (small blind) folded before Flop


PokerStars Hand #148401228656:  Hold'em Limit ($3/$6 USD) - 2016/02/07 13:07:57 ET
Table 'Tros' 6-max Seat #4 is the button
Seat 4: BuzovaPro ($72 in chips)
Seat 5: laapin ($127.28 in chips)
BuzovaPro: posts small blind $1
laapin: posts big blind $3
*** HOLE CARDS ***
BuzovaPro: raises $3 to $6
laapin: calls $3
*** FLOP *** [Ks 2s Jh]
laapin: checks
BuzovaPro: bets $3
laapin: folds
Uncalled bet ($3) returned to BuzovaPro
BuzovaPro collected $11.76 from pot
BuzovaPro: doesn't show hand
*** SUMMARY ***
Total pot $12 | Rake $0.24
Board [Ks 2s Jh]
Seat 4: BuzovaPro (button) (small blind) collected ($11.76)
Seat 5: laapin (big blind) folded on the Flop


PokerStars Hand #148401214509:  Hold'em Limit ($3/$6 USD) - 2016/02/07 13:07:45 ET
Table 'Tros' 6-max Seat #5 is the button
Seat 4: BuzovaPro ($72 in chips)
Seat 5: laapin ($121.52 in chips)
laapin: posts small blind $1
BuzovaPro: posts big blind $3
*** HOLE CARDS ***
laapin: raises $3 to $6
BuzovaPro: calls $3
*** FLOP *** [Td Ad Jh]
BuzovaPro: checks
laapin: bets $3
BuzovaPro: folds
Uncalled bet ($3) returned to laapin
laapin collected $11.76 from pot
laapin: doesn't show hand
*** SUMMARY ***
Total pot $12 | Rake $0.24
Board [Td Ad Jh]
Seat 4: BuzovaPro (big blind) folded on the Flop
Seat 5: laapin (button) (small blind) collected ($11.76)


PokerStars Hand #148401314875:  Hold'em Limit ($3/$6 USD) - 2016/02/07 13:09:11 ET
Table 'Tros' 6-max Seat #4 is the button
Seat 4: BuzovaPro ($73 in chips)
Seat 5: laapin ($139.78 in chips)
BuzovaPro: posts small blind $1
laapin: posts big blind $3
*** HOLE CARDS ***
BuzovaPro: folds
Uncalled bet ($2) returned to laapin
laapin collected $2 from pot
laapin: doesn't show hand
*** SUMMARY ***
Total pot $2 | Rake $0
Seat 4: BuzovaPro (button) (small blind) folded before Flop
Seat 5: laapin (big blind) collected ($2)


PokerStars Hand #148401283671:  Hold'em Limit ($3/$6 USD) - 2016/02/07 13:08:44 ET
Table 'Tros' 6-max Seat #4 is the button
Seat 4: BuzovaPro ($87.28 in chips)
Seat 5: laapin ($111.28 in chips)
BuzovaPro: posts small blind $1
laapin: posts big blind $3
*** HOLE CARDS ***
BuzovaPro: raises $3 to $6
laapin: raises $3 to $9
BuzovaPro: calls $3
*** FLOP *** [8h Ac 7d]
laapin: bets $3
BuzovaPro: calls $3
*** TURN *** [8h Ac 7d] [Kc]
laapin: checks
BuzovaPro: bets $6
laapin: raises $6 to $12
BuzovaPro: calls $6
*** RIVER *** [8h Ac 7d Kc] [6d]
laapin: bets $6
BuzovaPro: calls $6
*** SHOW DOWN ***
laapin: shows [Ah Tc] (a pair of Aces)
BuzovaPro: mucks hand
laapin collected $59.50 from pot
*** SUMMARY ***
Total pot $60 | Rake $0.50
Board [8h Ac 7d Kc 6d]
Seat 4: BuzovaPro (button) (small blind) mucked
Seat 5: laapin (big blind) showed [Ah Tc] and won ($59.50) with a pair of Aces


PokerStars Hand #148401369938:  Hold'em Limit ($3/$6 USD) - 2016/02/07 13:10:00 ET
Table 'Tros' 6-max Seat #4 is the button
Seat 4: BuzovaPro ($72 in chips)
Seat 5: laapin ($164.28 in chips)
BuzovaPro: posts small blind $1
laapin: posts big blind $3
*** HOLE CARDS ***
BuzovaPro: raises $3 to $6
laapin: calls $3
*** FLOP *** [8h 7d Jc]
laapin: checks
BuzovaPro: bets $3
laapin: calls $3
*** TURN *** [8h 7d Jc] [Kh]
laapin: checks
BuzovaPro: bets $6
laapin: folds
Uncalled bet ($6) returned to BuzovaPro
BuzovaPro collected $17.64 from pot
BuzovaPro: doesn't show hand
*** SUMMARY ***
Total pot $18 | Rake $0.36
Board [8h 7d Jc Kh]
Seat 4: BuzovaPro (button) (small blind) collected ($17.64)
Seat 5: laapin (big blind) folded on the Turn


PokerStars Hand #148401322243:  Hold'em Limit ($3/$6 USD) - 2016/02/07 13:09:18 ET
Table 'Tros' 6-max Seat #5 is the button
Seat 4: BuzovaPro ($72 in chips)
Seat 5: laapin ($140.78 in chips)
laapin: posts small blind $1
BuzovaPro: posts big blind $3
*** HOLE CARDS ***
laapin: raises $3 to $6
BuzovaPro: raises $3 to $9
laapin: calls $3
*** FLOP *** [7h 8c 9h]
BuzovaPro: bets $3
laapin: calls $3
*** TURN *** [7h 8c 9h] [Jc]
BuzovaPro: checks
laapin: bets $6
BuzovaPro: calls $6
*** RIVER *** [7h 8c 9h Jc] [9d]
BuzovaPro: checks
laapin: bets $6
BuzovaPro: calls $6
*** SHOW DOWN ***
laapin: shows [Ts 8s] (a straight, Seven to Jack)
BuzovaPro: mucks hand
laapin collected $47.50 from pot
*** SUMMARY ***
Total pot $48 | Rake $0.50
Board [7h 8c 9h Jc 9d]
Seat 4: BuzovaPro (big blind) mucked
Seat 5: laapin (button) (small blind) showed [Ts 8s] and won ($47.50) with a straight, Seven to Jack


PokerStars Hand #148401477153:  Hold'em Limit ($3/$6 USD) - 2016/02/07 13:11:33 ET
Table 'Tros' 6-max Seat #4 is the button
Seat 4: BuzovaPro ($73 in chips)
Seat 5: laapin ($193.28 in chips)
BuzovaPro: posts small blind $1
laapin: posts big blind $3
*** HOLE CARDS ***
BuzovaPro: raises $3 to $6
laapin: raises $3 to $9
BuzovaPro: calls $3
*** FLOP *** [Kc Kh 4h]
laapin: bets $3
Mika9510 joins the table at seat #3
BuzovaPro: calls $3
*** TURN *** [Kc Kh 4h] [Kd]
laapin: bets $6
BuzovaPro: folds
Uncalled bet ($6) returned to laapin
laapin collected $23.52 from pot
laapin: doesn't show hand
*** SUMMARY ***
Total pot $24 | Rake $0.48
Board [Kc Kh 4h Kd]
Seat 4: BuzovaPro (button) (small blind) folded on the Turn
Seat 5: laapin (big blind) collected ($23.52)


PokerStars Hand #148401471372:  Hold'em Limit ($3/$6 USD) - 2016/02/07 13:11:28 ET
Table 'Tros' 6-max Seat #5 is the button
Seat 4: BuzovaPro ($72 in chips)
Seat 5: laapin ($194.28 in chips)
laapin: posts small blind $1
BuzovaPro: posts big blind $3
*** HOLE CARDS ***
laapin: folds
Uncalled bet ($2) returned to BuzovaPro
BuzovaPro collected $2 from pot
BuzovaPro: doesn't show hand
*** SUMMARY ***
Total pot $2 | Rake $0
Seat 4: BuzovaPro (big blind) collected ($2)
Seat 5: laapin (button) (small blind) folded before Flop


PokerStars Hand #148401444826:  Hold'em Limit ($3/$6 USD) - 2016/02/07 13:11:05 ET
Table 'Tros' 6-max Seat #4 is the button
Seat 4: BuzovaPro ($73 in chips)
Seat 5: laapin ($170.78 in chips)
BuzovaPro: posts small blind $1
laapin: posts big blind $3
*** HOLE CARDS ***
BuzovaPro: raises $3 to $6
laapin: raises $3 to $9
BuzovaPro: calls $3
*** FLOP *** [2c 3s Qd]
laapin: bets $3
BuzovaPro: calls $3
*** TURN *** [2c 3s Qd] [Ad]
laapin: checks
BuzovaPro: bets $6
laapin: calls $6
*** RIVER *** [2c 3s Qd Ad] [7d]
laapin: checks
BuzovaPro: bets $6
laapin: calls $6
*** SHOW DOWN ***
BuzovaPro: shows [6d 5h] (high card Ace)
laapin: shows [8h 8d] (a pair of Eights)
laapin collected $47.50 from pot
*** SUMMARY ***
Total pot $48 | Rake $0.50
Board [2c 3s Qd Ad 7d]
Seat 4: BuzovaPro (button) (small blind) showed [6d 5h] and lost with high card Ace
Seat 5: laapin (big blind) showed [8h 8d] and won ($47.50) with a pair of Eights


PokerStars Hand #148401399323:  Hold'em Limit ($3/$6 USD) - 2016/02/07 13:10:25 ET
Table 'Tros' 6-max Seat #4 is the button
Seat 4: BuzovaPro ($81.64 in chips)
Seat 5: laapin ($154.28 in chips)
BuzovaPro: posts small blind $1
laapin: posts big blind $3
*** HOLE CARDS ***
BuzovaPro: raises $3 to $6
laapin: raises $3 to $9
BuzovaPro: calls $3
*** FLOP *** [7c Th Td]
laapin: bets $3
BuzovaPro: calls $3
*** TURN *** [7c Th Td] [Ac]
laapin: checks
BuzovaPro: checks
*** RIVER *** [7c Th Td Ac] [9s]
laapin: checks
BuzovaPro: bets $6
laapin: calls $6
*** SHOW DOWN ***
BuzovaPro: shows [6s Jc] (a pair of Tens)
laapin: shows [Js 7d] (two pair, Tens and Sevens)
laapin collected $35.50 from pot
*** SUMMARY ***
Total pot $36 | Rake $0.50
Board [7c Th Td Ac 9s]
Seat 4: BuzovaPro (button) (small blind) showed [6s Jc] and lost with a pair of Tens
Seat 5: laapin (big blind) showed [Js 7d] and won ($35.50) with two pair, Tens and Sevens


PokerStars Hand #148401886272:  Hold'em Limit ($3/$6 USD) - 2016/02/07 13:17:35 ET
Table 'Tros' 6-max Seat #1 is the button
Seat 1: Pokali ($87.01 in chips)
Seat 5: laapin ($204.13 in chips)
Pokali: posts small blind $1
BuzovaPro: is sitting out
laapin: posts big blind $3
*** HOLE CARDS ***
Pokali: raises $3 to $6
laapin: raises $3 to $9
Pokali: calls $3
*** FLOP *** [4h Ah 7h]
laapin: bets $3
Pokali: folds
Uncalled bet ($3) returned to laapin
laapin collected $17.64 from pot
laapin: doesn't show hand
*** SUMMARY ***
Total pot $18 | Rake $0.36
Board [4h Ah 7h]
Seat 1: Pokali (button) (small blind) folded on the Flop
Seat 5: laapin (big blind) collected ($17.64)


PokerStars Hand #148401897039:  Hold'em Limit ($3/$6 USD) - 2016/02/07 13:17:45 ET
Table 'Tros' 6-max Seat #5 is the button
Seat 1: Pokali ($78.01 in chips)
Seat 5: laapin ($212.77 in chips)
laapin: posts small blind $1
Pokali: posts big blind $3
*** HOLE CARDS ***
laapin: raises $3 to $6
Pokali: calls $3
*** FLOP *** [7s As Ks]
Pokali: checks
laapin: bets $3
Pokali: calls $3
*** TURN *** [7s As Ks] [9h]
Pokali: checks
laapin: bets $6
Pokali: folds
Uncalled bet ($6) returned to laapin
laapin collected $17.64 from pot
laapin: doesn't show hand
*** SUMMARY ***
Total pot $18 | Rake $0.36
Board [7s As Ks 9h]
Seat 1: Pokali (big blind) folded on the Turn
Seat 5: laapin (button) (small blind) collected ($17.64)


