PokerStars Hand #145507771952:  Hold'em Limit ($3/$6 USD) - 2015/12/17 18:51:32 ET
Table 'Tros' 6-max Seat #4 is the button
Seat 1: AndrewCan ($103 in chips)
Seat 4: AzureCaper ($88.16 in chips)
AzureCaper: posts small blind $1
AndrewCan: posts big blind $3
*** HOLE CARDS ***
AzureCaper: folds
Uncalled bet ($2) returned to AndrewCan
AndrewCan collected $2 from pot
AndrewCan: doesn't show hand
*** SUMMARY ***
Total pot $2 | Rake $0
Seat 1: AndrewCan (big blind) collected ($2)
Seat 4: AzureCaper (button) (small blind) folded before Flop


PokerStars Hand #145507767506:  Hold'em Limit ($3/$6 USD) - 2015/12/17 18:51:26 ET
Table 'Tros' 6-max Seat #1 is the button
Seat 1: AndrewCan ($100 in chips)
Seat 4: AzureCaper ($91.16 in chips)
AndrewCan: posts small blind $1
AzureCaper: posts big blind $3
*** HOLE CARDS ***
AndrewCan: raises $3 to $6
AzureCaper: folds
Uncalled bet ($3) returned to AndrewCan
AndrewCan collected $6 from pot
AndrewCan: doesn't show hand
*** SUMMARY ***
Total pot $6 | Rake $0
Seat 1: AndrewCan (button) (small blind) collected ($6)
Seat 4: AzureCaper (big blind) folded before Flop


PokerStars Hand #145507764443:  Hold'em Limit ($3/$6 USD) - 2015/12/17 18:51:21 ET
Table 'Tros' 6-max Seat #4 is the button
Seat 1: AndrewCan ($99 in chips)
Seat 4: AzureCaper ($92.16 in chips)
AzureCaper: posts small blind $1
AndrewCan: posts big blind $3
*** HOLE CARDS ***
AzureCaper: folds
Uncalled bet ($2) returned to AndrewCan
AndrewCan collected $2 from pot
AndrewCan: doesn't show hand
*** SUMMARY ***
Total pot $2 | Rake $0
Seat 1: AndrewCan (big blind) collected ($2)
Seat 4: AzureCaper (button) (small blind) folded before Flop


PokerStars Hand #145507760168:  Hold'em Limit ($3/$6 USD) - 2015/12/17 18:51:15 ET
Table 'Tros' 6-max Seat #1 is the button
Seat 1: AndrewCan ($100 in chips)
Seat 4: AzureCaper ($91.16 in chips)
AndrewCan: posts small blind $1
AzureCaper: posts big blind $3
*** HOLE CARDS ***
AndrewCan: folds
Uncalled bet ($2) returned to AzureCaper
AzureCaper collected $2 from pot
AzureCaper: doesn't show hand
*** SUMMARY ***
Total pot $2 | Rake $0
Seat 1: AndrewCan (button) (small blind) folded before Flop
Seat 4: AzureCaper (big blind) collected ($2)


PokerStars Hand #145507748873:  Hold'em Limit ($3/$6 USD) - 2015/12/17 18:51:00 ET
Table 'Tros' 6-max Seat #4 is the button
Seat 1: AndrewCan ($106 in chips)
Seat 4: AzureCaper ($85.40 in chips)
AzureCaper: posts small blind $1
AndrewCan: posts big blind $3
*** HOLE CARDS ***
AzureCaper: raises $3 to $6
AndrewCan: calls $3
*** FLOP *** [8s 7d 2s]
AndrewCan: checks
AzureCaper: bets $3
AndrewCan: folds
Uncalled bet ($3) returned to AzureCaper
AzureCaper collected $11.76 from pot
AzureCaper: doesn't show hand
*** SUMMARY ***
Total pot $12 | Rake $0.24
Board [8s 7d 2s]
Seat 1: AndrewCan (big blind) folded on the Flop
Seat 4: AzureCaper (button) (small blind) collected ($11.76)


PokerStars Hand #145507740692:  Hold'em Limit ($3/$6 USD) - 2015/12/17 18:50:48 ET
Table 'Tros' 6-max Seat #1 is the button
Seat 1: AndrewCan ($112 in chips)
Seat 4: AzureCaper ($79.64 in chips)
AndrewCan: posts small blind $1
AzureCaper: posts big blind $3
*** HOLE CARDS ***
AndrewCan: calls $2
AzureCaper: raises $3 to $6
AndrewCan: calls $3
*** FLOP *** [9d 2h 5d]
AzureCaper: bets $3
AndrewCan: folds
Uncalled bet ($3) returned to AzureCaper
AzureCaper collected $11.76 from pot
AzureCaper: doesn't show hand
*** SUMMARY ***
Total pot $12 | Rake $0.24
Board [9d 2h 5d]
Seat 1: AndrewCan (button) (small blind) folded on the Flop
Seat 4: AzureCaper (big blind) collected ($11.76)


PokerStars Hand #145507814835:  Hold'em Limit ($3/$6 USD) - 2015/12/17 18:52:32 ET
Table 'Tros' 6-max Seat #4 is the button
Seat 1: AndrewCan ($97.40 in chips)
Seat 4: AzureCaper ($92.66 in chips)
AzureCaper: posts small blind $1
AndrewCan: posts big blind $3
*** HOLE CARDS ***
AzureCaper: folds
Uncalled bet ($2) returned to AndrewCan
AndrewCan collected $2 from pot
AndrewCan: doesn't show hand
*** SUMMARY ***
Total pot $2 | Rake $0
Seat 1: AndrewCan (big blind) collected ($2)
Seat 4: AzureCaper (button) (small blind) folded before Flop


PokerStars Hand #145507798784:  Hold'em Limit ($3/$6 USD) - 2015/12/17 18:52:10 ET
Table 'Tros' 6-max Seat #1 is the button
Seat 1: AndrewCan ($88.76 in chips)
Seat 4: AzureCaper ($101.66 in chips)
AndrewCan: posts small blind $1
AzureCaper: posts big blind $3
*** HOLE CARDS ***
AndrewCan: calls $2
AzureCaper: checks
*** FLOP *** [2s 4d Qh]
AzureCaper: checks
AndrewCan: checks
*** TURN *** [2s 4d Qh] [Qc]
AzureCaper: checks
AndrewCan: checks
*** RIVER *** [2s 4d Qh Qc] [6h]
AzureCaper: bets $6
AndrewCan: raises $6 to $12
AzureCaper: folds
Uncalled bet ($6) returned to AndrewCan
AndrewCan collected $17.64 from pot
AndrewCan: doesn't show hand
*** SUMMARY ***
Total pot $18 | Rake $0.36
Board [2s 4d Qh Qc 6h]
Seat 1: AndrewCan (button) (small blind) collected ($17.64)
Seat 4: AzureCaper (big blind) folded on the River


PokerStars Hand #145507783835:  Hold'em Limit ($3/$6 USD) - 2015/12/17 18:51:49 ET
Table 'Tros' 6-max Seat #4 is the button
Seat 1: AndrewCan ($109.76 in chips)
Seat 4: AzureCaper ($81.16 in chips)
AzureCaper: posts small blind $1
AndrewCan: posts big blind $3
*** HOLE CARDS ***
AzureCaper: raises $3 to $6
AndrewCan: calls $3
*** FLOP *** [Qs 3d 9h]
AndrewCan: bets $3
AzureCaper: calls $3
*** TURN *** [Qs 3d 9h] [4s]
AndrewCan: bets $6
vestimokrec joins the table at seat #2
AzureCaper: calls $6
*** RIVER *** [Qs 3d 9h 4s] [7d]
AndrewCan: bets $6
AzureCaper: calls $6
*** SHOW DOWN ***
AndrewCan: shows [2s 8h] (high card Queen)
AzureCaper: shows [9s 6c] (a pair of Nines)
AzureCaper collected $41.50 from pot
*** SUMMARY ***
Total pot $42 | Rake $0.50
Board [Qs 3d 9h 4s 7d]
Seat 1: AndrewCan (big blind) showed [2s 8h] and lost with high card Queen
Seat 4: AzureCaper (button) (small blind) showed [9s 6c] and won ($41.50) with a pair of Nines


PokerStars Hand #145507774951:  Hold'em Limit ($3/$6 USD) - 2015/12/17 18:51:36 ET
Table 'Tros' 6-max Seat #1 is the button
Seat 1: AndrewCan ($104 in chips)
Seat 4: AzureCaper ($87.16 in chips)
AndrewCan: posts small blind $1
AzureCaper: posts big blind $3
*** HOLE CARDS ***
AndrewCan: raises $3 to $6
AzureCaper: calls $3
*** FLOP *** [6h Ac As]
AzureCaper: checks
AndrewCan: bets $3
AzureCaper: folds
Uncalled bet ($3) returned to AndrewCan
AndrewCan collected $11.76 from pot
AndrewCan: doesn't show hand
*** SUMMARY ***
Total pot $12 | Rake $0.24
Board [6h Ac As]
Seat 1: AndrewCan (button) (small blind) collected ($11.76)
Seat 4: AzureCaper (big blind) folded on the Flop


