PokerStars Hand #151290244262:  Hold'em Limit ($3/$6 USD) - 2016/04/01 18:38:02 ET
Table 'Tros II' 6-max Seat #1 is the button
Seat 1: Grieserix ($115.64 in chips)
Seat 4: AzureCaper ($84.52 in chips)
Grieserix: posts small blind $1
AzureCaper: posts big blind $3
*** HOLE CARDS ***
Grieserix: raises $3 to $6
AzureCaper: calls $3
*** FLOP *** [9d 6c 4d]
AzureCaper: checks
Grieserix: bets $3
AzureCaper: calls $3
*** TURN *** [9d 6c 4d] [2d]
AzureCaper: checks
Grieserix: bets $6
AzureCaper: calls $6
*** RIVER *** [9d 6c 4d 2d] [Ac]
AzureCaper: bets $6
Grieserix: calls $6
*** SHOW DOWN ***
AzureCaper: shows [Ah 6h] (two pair, Aces and Sixes)
Grieserix: mucks hand
AzureCaper collected $41.50 from pot
broilerfmr77 joins the table at seat #3
*** SUMMARY ***
Total pot $42 | Rake $0.50
Board [9d 6c 4d 2d Ac]
Seat 1: Grieserix (button) (small blind) mucked
Seat 4: AzureCaper (big blind) showed [Ah 6h] and won ($41.50) with two pair, Aces and Sixes


PokerStars Hand #151290237316:  Hold'em Limit ($3/$6 USD) - 2016/04/01 18:37:53 ET
Table 'Tros II' 6-max Seat #4 is the button
Seat 1: Grieserix ($121.64 in chips)
Seat 4: AzureCaper ($78.76 in chips)
AzureCaper: posts small blind $1
Grieserix: posts big blind $3
*** HOLE CARDS ***
AzureCaper: raises $3 to $6
Grieserix: calls $3
*** FLOP *** [6d Kd 9h]
Grieserix: checks
AzureCaper: bets $3
Grieserix: folds
Uncalled bet ($3) returned to AzureCaper
AzureCaper collected $11.76 from pot
AzureCaper: doesn't show hand
*** SUMMARY ***
Total pot $12 | Rake $0.24
Board [6d Kd 9h]
Seat 1: Grieserix (big blind) folded on the Flop
Seat 4: AzureCaper (button) (small blind) collected ($11.76)


PokerStars Hand #151290233694:  Hold'em Limit ($3/$6 USD) - 2016/04/01 18:37:48 ET
Table 'Tros II' 6-max Seat #1 is the button
Seat 1: Grieserix ($122.64 in chips)
Seat 4: AzureCaper ($77.76 in chips)
Grieserix: posts small blind $1
AzureCaper: posts big blind $3
*** HOLE CARDS ***
Grieserix: folds
Uncalled bet ($2) returned to AzureCaper
AzureCaper collected $2 from pot
AzureCaper: doesn't show hand
*** SUMMARY ***
Total pot $2 | Rake $0
Seat 1: Grieserix (button) (small blind) folded before Flop
Seat 4: AzureCaper (big blind) collected ($2)


PokerStars Hand #151290226334:  Hold'em Limit ($3/$6 USD) - 2016/04/01 18:37:39 ET
Table 'Tros II' 6-max Seat #4 is the button
Seat 1: Grieserix ($128.64 in chips)
Seat 4: AzureCaper ($72 in chips)
AzureCaper: posts small blind $1
Grieserix: posts big blind $3
*** HOLE CARDS ***
AzureCaper: raises $3 to $6
Grieserix: calls $3
*** FLOP *** [7s As 3d]
Grieserix: checks
AzureCaper: bets $3
Grieserix: folds
Uncalled bet ($3) returned to AzureCaper
AzureCaper collected $11.76 from pot
AzureCaper: doesn't show hand
*** SUMMARY ***
Total pot $12 | Rake $0.24
Board [7s As 3d]
Seat 1: Grieserix (big blind) folded on the Flop
Seat 4: AzureCaper (button) (small blind) collected ($11.76)


PokerStars Hand #151290196184:  Hold'em Limit ($3/$6 USD) - 2016/04/01 18:37:00 ET
Table 'Tros II' 6-max Seat #1 is the button
Seat 1: Grieserix ($120 in chips)
Seat 4: AzureCaper ($72 in chips)
Grieserix: posts small blind $1
AzureCaper: posts big blind $3
*** HOLE CARDS ***
Grieserix: calls $2
AzureCaper: raises $3 to $6
Grieserix: calls $3
*** FLOP *** [8c 7c 6h]
AzureCaper: checks
Grieserix: bets $3
AzureCaper: calls $3
*** TURN *** [8c 7c 6h] [Ks]
AzureCaper: checks
Grieserix: bets $6
AzureCaper: folds
Uncalled bet ($6) returned to Grieserix
Grieserix collected $17.64 from pot
Grieserix: doesn't show hand
*** SUMMARY ***
Total pot $18 | Rake $0.36
Board [8c 7c 6h Ks]
Seat 1: Grieserix (button) (small blind) collected ($17.64)
Seat 4: AzureCaper (big blind) folded on the Turn


PokerStars Hand #151290255310:  Hold'em Limit ($3/$6 USD) - 2016/04/01 18:38:16 ET
Table 'Tros II' 6-max Seat #4 is the button
Seat 1: Grieserix ($94.64 in chips)
Seat 4: AzureCaper ($105.02 in chips)
AzureCaper: posts small blind $1
Grieserix: posts big blind $3
*** HOLE CARDS ***
AzureCaper: raises $3 to $6
Grieserix: raises $3 to $9
AzureCaper: calls $3
*** FLOP *** [7c Jd 4h]
Grieserix: checks
AzureCaper: checks
*** TURN *** [7c Jd 4h] [9s]
Grieserix: bets $6
AzureCaper: folds
Uncalled bet ($6) returned to Grieserix
Grieserix collected $17.64 from pot
Grieserix: doesn't show hand
*** SUMMARY ***
Total pot $18 | Rake $0.36
Board [7c Jd 4h 9s]
Seat 1: Grieserix (big blind) collected ($17.64)
Seat 4: AzureCaper (button) (small blind) folded on the Turn


PokerStars Hand #151290529996:  Hold'em Limit ($3/$6 USD) - 2016/04/01 18:44:13 ET
Table 'Tros II' 6-max Seat #4 is the button
Seat 4: AzureCaper ($122.02 in chips)
Seat 5: vakar1masz ($87.10 in chips)
AzureCaper: posts small blind $1
vakar1masz: posts big blind $3
*** HOLE CARDS ***
AzureCaper: folds
Uncalled bet ($2) returned to vakar1masz
vakar1masz collected $2 from pot
vakar1masz leaves the table
*** SUMMARY ***
Total pot $2 | Rake $0
Seat 4: AzureCaper (button) (small blind) folded before Flop
Seat 5: vakar1masz (big blind) collected ($2)


PokerStars Hand #151290519004:  Hold'em Limit ($3/$6 USD) - 2016/04/01 18:43:59 ET
Table 'Tros II' 6-max Seat #5 is the button
Seat 4: AzureCaper ($119.14 in chips)
Seat 5: vakar1masz ($90.10 in chips)
vakar1masz: posts small blind $1
AzureCaper: posts big blind $3
*** HOLE CARDS ***
vakar1masz: calls $2
AzureCaper: checks
*** FLOP *** [Ts 2s 4c]
AzureCaper: checks
vakar1masz: checks
*** TURN *** [Ts 2s 4c] [Qd]
AzureCaper: bets $6
vakar1masz: folds
Uncalled bet ($6) returned to AzureCaper
AzureCaper collected $5.88 from pot
AzureCaper: doesn't show hand
*** SUMMARY ***
Total pot $6 | Rake $0.12
Board [Ts 2s 4c Qd]
Seat 4: AzureCaper (big blind) collected ($5.88)
Seat 5: vakar1masz (button) (small blind) folded on the Turn


