PokerStars Hand #147651336287:  Hold'em Limit ($3/$6 USD) - 2016/01/25 9:53:17 ET
Table 'Tros II' 6-max Seat #4 is the button
Seat 3: Grycak ($82.46 in chips)
Seat 4: kolaz03 ($72 in chips)
kolaz03: posts small blind $1
Grycak: posts big blind $3
*** HOLE CARDS ***
kolaz03: raises $3 to $6
Grycak: calls $3
*** FLOP *** [Qs 5c 8d]
Grycak: checks
kolaz03: bets $3
Grycak: calls $3
*** TURN *** [Qs 5c 8d] [3h]
Grycak: checks
kolaz03: bets $6
Grycak: calls $6
*** RIVER *** [Qs 5c 8d 3h] [5s]
Grycak: checks
kolaz03: bets $6
Grycak: calls $6
*** SHOW DOWN ***
kolaz03: shows [7h Qc] (two pair, Queens and Fives)
Grycak: mucks hand
kolaz03 collected $41.50 from pot
*** SUMMARY ***
Total pot $42 | Rake $0.50
Board [Qs 5c 8d 3h 5s]
Seat 3: Grycak (big blind) mucked
Seat 4: kolaz03 (button) (small blind) showed [7h Qc] and won ($41.50) with two pair, Queens and Fives


PokerStars Hand #147651395923:  Hold'em Limit ($3/$6 USD) - 2016/01/25 9:54:38 ET
Table 'Tros II' 6-max Seat #4 is the button
Seat 3: Grycak ($72.46 in chips)
Seat 4: kolaz03 ($80.50 in chips)
kolaz03: posts small blind $1
Grycak: posts big blind $3
*** HOLE CARDS ***
kolaz03: folds
Uncalled bet ($2) returned to Grycak
Grycak collected $2 from pot
Grycak: doesn't show hand
*** SUMMARY ***
Total pot $2 | Rake $0
Seat 3: Grycak (big blind) collected ($2)
Seat 4: kolaz03 (button) (small blind) folded before Flop


PokerStars Hand #147651382463:  Hold'em Limit ($3/$6 USD) - 2016/01/25 9:54:20 ET
Table 'Tros II' 6-max Seat #3 is the button
Seat 3: Grycak ($54.96 in chips)
Seat 4: kolaz03 ($98.50 in chips)
Grycak: posts small blind $1
kolaz03: posts big blind $3
*** HOLE CARDS ***
Grycak: calls $2
kolaz03: checks
*** FLOP *** [4c 6c 5s]
kolaz03: bets $3
Grycak: calls $3
*** TURN *** [4c 6c 5s] [9c]
kolaz03: bets $6
Grycak: calls $6
*** RIVER *** [4c 6c 5s 9c] [Ts]
kolaz03: bets $6
Grycak: calls $6
*** SHOW DOWN ***
kolaz03: shows [3d 8c] (high card Ten)
Grycak: shows [9s Kd] (a pair of Nines)
Grycak collected $35.50 from pot
*** SUMMARY ***
Total pot $36 | Rake $0.50
Board [4c 6c 5s 9c Ts]
Seat 3: Grycak (button) (small blind) showed [9s Kd] and won ($35.50) with a pair of Nines
Seat 4: kolaz03 (big blind) showed [3d 8c] and lost with high card Ten


PokerStars Hand #147651370079:  Hold'em Limit ($3/$6 USD) - 2016/01/25 9:54:02 ET
Table 'Tros II' 6-max Seat #4 is the button
Seat 3: Grycak ($81.96 in chips)
Seat 4: kolaz03 ($72 in chips)
kolaz03: posts small blind $1
Grycak: posts big blind $3
*** HOLE CARDS ***
kolaz03: raises $3 to $6
Grycak: calls $3
*** FLOP *** [Jc Qd Js]
Grycak: bets $3
kolaz03: calls $3
*** TURN *** [Jc Qd Js] [3h]
Grycak: bets $6
kolaz03: calls $6
*** RIVER *** [Jc Qd Js 3h] [Qc]
Grycak: bets $6
kolaz03: raises $6 to $12
Grycak: calls $6
*** SHOW DOWN ***
kolaz03: shows [Qh Kc] (a full house, Queens full of Jacks)
Grycak: mucks hand
kolaz03 collected $53.50 from pot
*** SUMMARY ***
Total pot $54 | Rake $0.50
Board [Jc Qd Js 3h Qc]
Seat 3: Grycak (big blind) mucked
Seat 4: kolaz03 (button) (small blind) showed [Qh Kc] and won ($53.50) with a full house, Queens full of Jacks


PokerStars Hand #147651350223:  Hold'em Limit ($3/$6 USD) - 2016/01/25 9:53:35 ET
Table 'Tros II' 6-max Seat #3 is the button
Seat 3: Grycak ($61.46 in chips)
Seat 4: kolaz03 ($92.50 in chips)
Grycak: posts small blind $1
kolaz03: posts big blind $3
*** HOLE CARDS ***
Grycak: calls $2
kolaz03: raises $3 to $6
Grycak: calls $3
*** FLOP *** [Qc 9h As]
kolaz03: bets $3
Grycak: calls $3
*** TURN *** [Qc 9h As] [3s]
kolaz03: bets $6
Grycak: calls $6
*** RIVER *** [Qc 9h As 3s] [3d]
kolaz03: checks
Grycak: bets $6
kolaz03: calls $6
*** SHOW DOWN ***
Grycak: shows [Ah 7d] (two pair, Aces and Threes)
kolaz03: mucks hand
Grycak collected $41.50 from pot
*** SUMMARY ***
Total pot $42 | Rake $0.50
Board [Qc 9h As 3s 3d]
Seat 3: Grycak (button) (small blind) showed [Ah 7d] and won ($41.50) with two pair, Aces and Threes
Seat 4: kolaz03 (big blind) mucked


PokerStars Hand #147651399048:  Hold'em Limit ($3/$6 USD) - 2016/01/25 9:54:42 ET
Table 'Tros II' 6-max Seat #3 is the button
Seat 3: Grycak ($73.46 in chips)
Seat 4: kolaz03 ($79.50 in chips)
Grycak: posts small blind $1
kolaz03: posts big blind $3
*** HOLE CARDS ***
Chessnok joins the table at seat #5
Grycak: calls $2
kolaz03: raises $3 to $6
Grycak: calls $3
*** FLOP *** [Ah Ac Kd]
kolaz03: bets $3
Grycak: folds
Uncalled bet ($3) returned to kolaz03
kolaz03 collected $11.76 from pot
kolaz03: doesn't show hand
*** SUMMARY ***
Total pot $12 | Rake $0.24
Board [Ah Ac Kd]
Seat 3: Grycak (button) (small blind) folded on the Flop
Seat 4: kolaz03 (big blind) collected ($11.76)


