PokerStars Hand #145906507202:  Hold'em Limit ($3/$6 USD) - 2015/12/25 14:41:09 ET
Table 'Trusanda' 6-max Seat #6 is the button
Seat 4: MTails ($126.76 in chips)
Seat 6: ChawkDee ($113 in chips)
ChawkDee: posts small blind $1
MTails: posts big blind $3
*** HOLE CARDS ***
ChawkDee: calls $2
MTails: raises $3 to $6
ChawkDee: calls $3
*** FLOP *** [3d 4h 3h]
MTails: bets $3
ChawkDee: folds
Uncalled bet ($3) returned to MTails
MTails collected $11.76 from pot
*** SUMMARY ***
Total pot $12 | Rake $0.24
Board [3d 4h 3h]
Seat 4: MTails (big blind) collected ($11.76)
Seat 6: ChawkDee (button) (small blind) folded on the Flop


PokerStars Hand #145906458395:  Hold'em Limit ($3/$6 USD) - 2015/12/25 14:40:13 ET
Table 'Trusanda' 6-max Seat #4 is the button
Seat 4: MTails ($121 in chips)
Seat 6: ChawkDee ($119 in chips)
MTails: posts small blind $1
ChawkDee: posts big blind $3
*** HOLE CARDS ***
MTails: raises $3 to $6
ChawkDee: calls $3
*** FLOP *** [4h Js 9d]
ChawkDee: checks
MTails: bets $3
ChawkDee: folds
Uncalled bet ($3) returned to MTails
MTails collected $11.76 from pot
*** SUMMARY ***
Total pot $12 | Rake $0.24
Board [4h Js 9d]
Seat 4: MTails (button) (small blind) collected ($11.76)
Seat 6: ChawkDee (big blind) folded on the Flop


PokerStars Hand #145906530626:  Hold'em Limit ($3/$6 USD) - 2015/12/25 14:41:36 ET
Table 'Trusanda' 6-max Seat #4 is the button
Seat 4: MTails ($132.52 in chips)
Seat 6: ChawkDee ($107 in chips)
MTails: posts small blind $1
ChawkDee: posts big blind $3
*** HOLE CARDS ***
MTails: raises $3 to $6
ChawkDee said, "why the long pause then raise?"
ChawkDee: calls $3
*** FLOP *** [Ks Th Ac]
ChawkDee: checks
MTails: bets $3
ChawkDee: calls $3
*** TURN *** [Ks Th Ac] [2h]
ChawkDee: checks
MTails: checks
*** RIVER *** [Ks Th Ac 2h] [Kd]
ChawkDee: checks
MTails: checks
*** SHOW DOWN ***
ChawkDee: shows [As 3h] (two pair, Aces and Kings)
MTails: mucks hand
ChawkDee collected $17.64 from pot
*** SUMMARY ***
Total pot $18 | Rake $0.36
Board [Ks Th Ac 2h Kd]
Seat 4: MTails (button) (small blind) mucked
Seat 6: ChawkDee (big blind) showed [As 3h] and won ($17.64) with two pair, Aces and Kings


PokerStars Hand #145906593752:  Hold'em Limit ($3/$6 USD) - 2015/12/25 14:42:48 ET
Table 'Trusanda' 6-max Seat #6 is the button
Seat 4: MTails ($123.52 in chips)
Seat 6: ChawkDee ($115.64 in chips)
ChawkDee: posts small blind $1
MTails: posts big blind $3
*** HOLE CARDS ***
ChawkDee: calls $2
MTails: raises $3 to $6
ChawkDee: calls $3
*** FLOP *** [8s 2s Ah]
MTails: bets $3
ChawkDee: folds
Uncalled bet ($3) returned to MTails
MTails collected $11.76 from pot
*** SUMMARY ***
Total pot $12 | Rake $0.24
Board [8s 2s Ah]
Seat 4: MTails (big blind) collected ($11.76)
Seat 6: ChawkDee (button) (small blind) folded on the Flop


PokerStars Hand #145906608455:  Hold'em Limit ($3/$6 USD) - 2015/12/25 14:43:04 ET
Table 'Trusanda' 6-max Seat #4 is the button
Seat 4: MTails ($129.28 in chips)
Seat 6: ChawkDee ($109.64 in chips)
MTails: posts small blind $1
ChawkDee: posts big blind $3
*** HOLE CARDS ***
MTails: raises $3 to $6
ChawkDee: raises $3 to $9
MTails: calls $3
*** FLOP *** [7h 6h 2s]
ChawkDee: bets $3
MTails: calls $3
*** TURN *** [7h 6h 2s] [Ah]
ChawkDee: bets $6
MTails: calls $6
*** RIVER *** [7h 6h 2s Ah] [Qc]
ChawkDee: bets $6
MTails: folds
Uncalled bet ($6) returned to ChawkDee
ChawkDee collected $35.50 from pot
ChawkDee: doesn't show hand
*** SUMMARY ***
Total pot $36 | Rake $0.50
Board [7h 6h 2s Ah Qc]
Seat 4: MTails (button) (small blind) folded on the River
Seat 6: ChawkDee (big blind) collected ($35.50)


PokerStars Hand #145906659294:  Hold'em Limit ($3/$6 USD) - 2015/12/25 14:44:03 ET
Table 'Trusanda' 6-max Seat #6 is the button
Seat 4: MTails ($111.28 in chips)
Seat 6: ChawkDee ($127.14 in chips)
ChawkDee: posts small blind $1
MTails: posts big blind $3
*** HOLE CARDS ***
ChawkDee: raises $3 to $6
MTails: calls $3
*** FLOP *** [3d 7s Jc]
MTails: checks
ChawkDee: bets $3
MTails: calls $3
*** TURN *** [3d 7s Jc] [Qd]
MTails: bets $6
ChawkDee: calls $6
*** RIVER *** [3d 7s Jc Qd] [6c]
MTails: checks
ChawkDee: checks
*** SHOW DOWN ***
MTails: shows [Ah Tc] (high card Ace)
ChawkDee: shows [7c 8s] (a pair of Sevens)
ChawkDee collected $29.50 from pot
*** SUMMARY ***
Total pot $30 | Rake $0.50
Board [3d 7s Jc Qd 6c]
Seat 4: MTails (big blind) showed [Ah Tc] and lost with high card Ace
Seat 6: ChawkDee (button) (small blind) showed [7c 8s] and won ($29.50) with a pair of Sevens


PokerStars Hand #145906703839:  Hold'em Limit ($3/$6 USD) - 2015/12/25 14:44:54 ET
Table 'Trusanda' 6-max Seat #4 is the button
Seat 4: MTails ($96.28 in chips)
Seat 6: ChawkDee ($141.64 in chips)
MTails: posts small blind $1
ChawkDee: posts big blind $3
*** HOLE CARDS ***
MTails: raises $3 to $6
ChawkDee: calls $3
*** FLOP *** [8s Kc 4d]
ChawkDee: checks
MTails: bets $3
ChawkDee: calls $3
*** TURN *** [8s Kc 4d] [Ah]
ChawkDee: checks
MTails: bets $6
ChawkDee: calls $6
*** RIVER *** [8s Kc 4d Ah] [3h]
ChawkDee: checks
MTails: bets $6
ChawkDee: calls $6
*** SHOW DOWN ***
MTails: shows [8h 8c] (three of a kind, Eights)
ChawkDee: mucks hand
MTails collected $41.50 from pot
*** SUMMARY ***
Total pot $42 | Rake $0.50
Board [8s Kc 4d Ah 3h]
Seat 4: MTails (button) (small blind) showed [8h 8c] and won ($41.50) with three of a kind, Eights
Seat 6: ChawkDee (big blind) mucked


PokerStars Hand #145906748361:  Hold'em Limit ($3/$6 USD) - 2015/12/25 14:45:52 ET
Table 'Trusanda' 6-max Seat #6 is the button
Seat 4: MTails ($116.78 in chips)
Seat 6: ChawkDee ($120.64 in chips)
ChawkDee: posts small blind $1
MTails: posts big blind $3
*** HOLE CARDS ***
ChawkDee: raises $3 to $6
MTails: calls $3
*** FLOP *** [Tc 2s 7d]
MTails: checks
ChawkDee: bets $3
ChawkDee said, "my god"
MTails: calls $3
*** TURN *** [Tc 2s 7d] [Ac]
MTails: checks
ChawkDee: bets $6
MTails: folds
Uncalled bet ($6) returned to ChawkDee
ChawkDee collected $17.64 from pot
ChawkDee: doesn't show hand
*** SUMMARY ***
Total pot $18 | Rake $0.36
Board [Tc 2s 7d Ac]
Seat 4: MTails (big blind) folded on the Turn
Seat 6: ChawkDee (button) (small blind) collected ($17.64)


PokerStars Hand #145906829916:  Hold'em Limit ($3/$6 USD) - 2015/12/25 14:47:18 ET
Table 'Trusanda' 6-max Seat #4 is the button
Seat 4: MTails ($107.78 in chips)
Seat 6: ChawkDee ($129.28 in chips)
MTails: posts small blind $1
ChawkDee: posts big blind $3
*** HOLE CARDS ***
MTails: raises $3 to $6
ChawkDee: calls $3
*** FLOP *** [5d Ts 7s]
ChawkDee: checks
MTails: bets $3
ChawkDee: raises $3 to $6
MTails: folds
Uncalled bet ($3) returned to ChawkDee
ChawkDee collected $17.64 from pot
ChawkDee: doesn't show hand
*** SUMMARY ***
Total pot $18 | Rake $0.36
Board [5d Ts 7s]
Seat 4: MTails (button) (small blind) folded on the Flop
Seat 6: ChawkDee (big blind) collected ($17.64)


PokerStars Hand #145906868286:  Hold'em Limit ($3/$6 USD) - 2015/12/25 14:47:57 ET
Table 'Trusanda' 6-max Seat #6 is the button
Seat 4: MTails ($98.78 in chips)
Seat 6: ChawkDee ($137.92 in chips)
ChawkDee: posts small blind $1
MTails: posts big blind $3
*** HOLE CARDS ***
ChawkDee: raises $3 to $6
MTails: calls $3
*** FLOP *** [9d 6s 8s]
MTails: checks
ChawkDee: bets $3
MTails: folds
Uncalled bet ($3) returned to ChawkDee
ChawkDee collected $11.76 from pot
ChawkDee: doesn't show hand
*** SUMMARY ***
Total pot $12 | Rake $0.24
Board [9d 6s 8s]
Seat 4: MTails (big blind) folded on the Flop
Seat 6: ChawkDee (button) (small blind) collected ($11.76)


PokerStars Hand #145906883917:  Hold'em Limit ($3/$6 USD) - 2015/12/25 14:48:12 ET
Table 'Trusanda' 6-max Seat #4 is the button
Seat 4: MTails ($92.78 in chips)
Seat 6: ChawkDee ($143.68 in chips)
MTails: posts small blind $1
ChawkDee: posts big blind $3
*** HOLE CARDS ***
MTails: raises $3 to $6
ChawkDee: calls $3
*** FLOP *** [Tc 5h 5d]
ChawkDee: checks
MTails: bets $3
ChawkDee: raises $3 to $6
MTails: calls $3
*** TURN *** [Tc 5h 5d] [2s]
ChawkDee: bets $6
MTails: calls $6
*** RIVER *** [Tc 5h 5d 2s] [3h]
ChawkDee: bets $6
MTails: folds
Uncalled bet ($6) returned to ChawkDee
ChawkDee collected $35.50 from pot
ChawkDee: doesn't show hand
*** SUMMARY ***
Total pot $36 | Rake $0.50
Board [Tc 5h 5d 2s 3h]
Seat 4: MTails (button) (small blind) folded on the River
Seat 6: ChawkDee (big blind) collected ($35.50)


PokerStars Hand #145906921303:  Hold'em Limit ($3/$6 USD) - 2015/12/25 14:48:48 ET
Table 'Trusanda' 6-max Seat #6 is the button
Seat 4: MTails ($74.78 in chips)
Seat 6: ChawkDee ($161.18 in chips)
ChawkDee: posts small blind $1
MTails: posts big blind $3
*** HOLE CARDS ***
ChawkDee: raises $3 to $6
MTails: calls $3
*** FLOP *** [4s Qh 6c]
MTails: checks
ChawkDee: bets $3
MTails: calls $3
*** TURN *** [4s Qh 6c] [5s]
MTails: bets $6
ChawkDee: calls $6
*** RIVER *** [4s Qh 6c 5s] [Kd]
MTails: checks
ChawkDee: checks
*** SHOW DOWN ***
MTails: shows [Kc 6d] (two pair, Kings and Sixes)
ChawkDee: mucks hand
MTails collected $29.50 from pot
*** SUMMARY ***
Total pot $30 | Rake $0.50
Board [4s Qh 6c 5s Kd]
Seat 4: MTails (big blind) showed [Kc 6d] and won ($29.50) with two pair, Kings and Sixes
Seat 6: ChawkDee (button) (small blind) mucked


PokerStars Hand #145906975279:  Hold'em Limit ($3/$6 USD) - 2015/12/25 14:49:40 ET
Table 'Trusanda' 6-max Seat #4 is the button
Seat 4: MTails ($89.28 in chips)
Seat 6: ChawkDee ($146.18 in chips)
MTails: posts small blind $1
ChawkDee: posts big blind $3
*** HOLE CARDS ***
ChawkDee said, "lol"
MTails: raises $3 to $6
ChawkDee: raises $3 to $9
MTails: calls $3
*** FLOP *** [8h 5c Ac]
ChawkDee said, "unreal"
ChawkDee: bets $3
MTails said, "true"
MTails: calls $3
*** TURN *** [8h 5c Ac] [6c]
ChawkDee: bets $6
MTails: folds
Uncalled bet ($6) returned to ChawkDee
ChawkDee collected $23.52 from pot
ChawkDee: doesn't show hand
*** SUMMARY ***
Total pot $24 | Rake $0.48
Board [8h 5c Ac 6c]
Seat 4: MTails (button) (small blind) folded on the Turn
Seat 6: ChawkDee (big blind) collected ($23.52)


PokerStars Hand #145907007634:  Hold'em Limit ($3/$6 USD) - 2015/12/25 14:50:12 ET
Table 'Trusanda' 6-max Seat #4 is the button
Seat 4: MTails ($78.28 in chips)
Seat 6: ChawkDee ($156.70 in chips)
MTails: posts small blind $1
ChawkDee: posts big blind $3
*** HOLE CARDS ***
MTails: raises $3 to $6
ChawkDee: calls $3
*** FLOP *** [Ks 4c 3c]
ChawkDee: checks
MTails: bets $3
ChawkDee: calls $3
*** TURN *** [Ks 4c 3c] [8c]
ChawkDee: checks
MTails: bets $6
ChawkDee: folds
Uncalled bet ($6) returned to MTails
MTails collected $17.64 from pot
*** SUMMARY ***
Total pot $18 | Rake $0.36
Board [Ks 4c 3c 8c]
Seat 4: MTails (button) (small blind) collected ($17.64)
Seat 6: ChawkDee (big blind) folded on the Turn


PokerStars Hand #145907039425:  Hold'em Limit ($3/$6 USD) - 2015/12/25 14:50:43 ET
Table 'Trusanda' 6-max Seat #6 is the button
Seat 4: MTails ($86.92 in chips)
Seat 6: ChawkDee ($147.70 in chips)
ChawkDee: posts small blind $1
MTails: posts big blind $3
*** HOLE CARDS ***
ChawkDee: raises $3 to $6
MTails: folds
Uncalled bet ($3) returned to ChawkDee
ChawkDee collected $6 from pot
ChawkDee: doesn't show hand
*** SUMMARY ***
Total pot $6 | Rake $0
Seat 4: MTails (big blind) folded before Flop
Seat 6: ChawkDee (button) (small blind) collected ($6)


PokerStars Hand #145907047522:  Hold'em Limit ($3/$6 USD) - 2015/12/25 14:50:51 ET
Table 'Trusanda' 6-max Seat #4 is the button
Seat 4: MTails ($83.92 in chips)
Seat 6: ChawkDee ($150.70 in chips)
MTails: posts small blind $1
ChawkDee: posts big blind $3
*** HOLE CARDS ***
MTails: raises $3 to $6
ChawkDee: raises $3 to $9
MTails: calls $3
*** FLOP *** [Qd 6s Jc]
ChawkDee: bets $3
MTails: folds
Uncalled bet ($3) returned to ChawkDee
ChawkDee collected $17.64 from pot
ChawkDee: doesn't show hand
*** SUMMARY ***
Total pot $18 | Rake $0.36
Board [Qd 6s Jc]
Seat 4: MTails (button) (small blind) folded on the Flop
Seat 6: ChawkDee (big blind) collected ($17.64)


PokerStars Hand #145907067362:  Hold'em Limit ($3/$6 USD) - 2015/12/25 14:51:10 ET
Table 'Trusanda' 6-max Seat #6 is the button
Seat 4: MTails ($74.92 in chips)
Seat 6: ChawkDee ($159.34 in chips)
ChawkDee: posts small blind $1
MTails: posts big blind $3
*** HOLE CARDS ***
ChawkDee: raises $3 to $6
MTails: raises $3 to $9
ChawkDee: calls $3
*** FLOP *** [2d 6d 9s]
MTails: bets $3
ChawkDee: calls $3
*** TURN *** [2d 6d 9s] [3s]
MTails: bets $6
ChawkDee: folds
Uncalled bet ($6) returned to MTails
MTails collected $23.52 from pot
*** SUMMARY ***
Total pot $24 | Rake $0.48
Board [2d 6d 9s 3s]
Seat 4: MTails (big blind) collected ($23.52)
Seat 6: ChawkDee (button) (small blind) folded on the Turn


PokerStars Hand #145907088103:  Hold'em Limit ($3/$6 USD) - 2015/12/25 14:51:30 ET
Table 'Trusanda' 6-max Seat #4 is the button
Seat 4: MTails ($86.44 in chips)
Seat 6: ChawkDee ($147.34 in chips)
MTails: posts small blind $1
ChawkDee: posts big blind $3
*** HOLE CARDS ***
MTails: raises $3 to $6
ChawkDee: calls $3
*** FLOP *** [3d 8s Kc]
ChawkDee: checks
MTails: bets $3
ChawkDee: calls $3
*** TURN *** [3d 8s Kc] [2c]
ChawkDee: checks
MTails: checks
*** RIVER *** [3d 8s Kc 2c] [Qh]
ChawkDee: checks
MTails: bets $6
ChawkDee: calls $6
*** SHOW DOWN ***
MTails: shows [9d Qc] (a pair of Queens)
ChawkDee: shows [Js Qd] (a pair of Queens - King+Jack kicker)
ChawkDee collected $29.50 from pot
*** SUMMARY ***
Total pot $30 | Rake $0.50
Board [3d 8s Kc 2c Qh]
Seat 4: MTails (button) (small blind) showed [9d Qc] and lost with a pair of Queens
Seat 6: ChawkDee (big blind) showed [Js Qd] and won ($29.50) with a pair of Queens


PokerStars Hand #145907115517:  Hold'em Limit ($3/$6 USD) - 2015/12/25 14:51:57 ET
Table 'Trusanda' 6-max Seat #6 is the button
Seat 4: MTails ($71.44 in chips)
Seat 6: ChawkDee ($161.84 in chips)
ChawkDee: posts small blind $1
MTails: posts big blind $3
*** HOLE CARDS ***
ChawkDee: raises $3 to $6
MTails: calls $3
*** FLOP *** [9c Jd Qh]
MTails: checks
ChawkDee: checks
*** TURN *** [9c Jd Qh] [5d]
MTails: bets $6
ChawkDee: folds
Uncalled bet ($6) returned to MTails
MTails collected $11.76 from pot
*** SUMMARY ***
Total pot $12 | Rake $0.24
Board [9c Jd Qh 5d]
Seat 4: MTails (big blind) collected ($11.76)
Seat 6: ChawkDee (button) (small blind) folded on the Turn


PokerStars Hand #145907135178:  Hold'em Limit ($3/$6 USD) - 2015/12/25 14:52:17 ET
Table 'Trusanda' 6-max Seat #4 is the button
Seat 4: MTails ($77.20 in chips)
Seat 6: ChawkDee ($155.84 in chips)
MTails: posts small blind $1
ChawkDee: posts big blind $3
*** HOLE CARDS ***
MTails: raises $3 to $6
ChawkDee: calls $3
*** FLOP *** [Ks 5d Kh]
ChawkDee: checks
MTails: bets $3
ChawkDee: raises $3 to $6
MTails: calls $3
*** TURN *** [Ks 5d Kh] [Kc]
ChawkDee: bets $6
MTails: raises $6 to $12
ChawkDee: calls $6
*** RIVER *** [Ks 5d Kh Kc] [Qh]
ChawkDee: checks
MTails: bets $6
ChawkDee: calls $6
*** SHOW DOWN ***
MTails: shows [Kd 8h] (four of a kind, Kings)
ChawkDee: mucks hand
MTails collected $59.50 from pot
*** SUMMARY ***
Total pot $60 | Rake $0.50
Board [Ks 5d Kh Kc Qh]
Seat 4: MTails (button) (small blind) showed [Kd 8h] and won ($59.50) with four of a kind, Kings
Seat 6: ChawkDee (big blind) mucked


PokerStars Hand #145907188151:  Hold'em Limit ($3/$6 USD) - 2015/12/25 14:53:09 ET
Table 'Trusanda' 6-max Seat #4 is the button
Seat 4: MTails ($115.34 in chips)
Seat 6: ChawkDee ($116.84 in chips)
MTails: posts small blind $1
ChawkDee: posts big blind $3
*** HOLE CARDS ***
MTails: raises $3 to $6
ChawkDee: folds
Uncalled bet ($3) returned to MTails
MTails collected $6 from pot
*** SUMMARY ***
Total pot $6 | Rake $0
Seat 4: MTails (button) (small blind) collected ($6)
Seat 6: ChawkDee (big blind) folded before Flop


PokerStars Hand #145907167063:  Hold'em Limit ($3/$6 USD) - 2015/12/25 14:52:48 ET
Table 'Trusanda' 6-max Seat #6 is the button
Seat 4: MTails ($106.70 in chips)
Seat 6: ChawkDee ($125.84 in chips)
ChawkDee: posts small blind $1
MTails: posts big blind $3
*** HOLE CARDS ***
ChawkDee: raises $3 to $6
MTails: calls $3
*** FLOP *** [6h 7c As]
MTails: checks
ChawkDee: bets $3
MTails: raises $3 to $6
ChawkDee: folds
Uncalled bet ($3) returned to MTails
MTails collected $17.64 from pot
*** SUMMARY ***
Total pot $18 | Rake $0.36
Board [6h 7c As]
Seat 4: MTails (big blind) collected ($17.64)
Seat 6: ChawkDee (button) (small blind) folded on the Flop


PokerStars Hand #145907240356:  Hold'em Limit ($3/$6 USD) - 2015/12/25 14:54:01 ET
Table 'Trusanda' 6-max Seat #4 is the button
Seat 4: MTails ($132.84 in chips)
Seat 6: ChawkDee ($98.84 in chips)
MTails: posts small blind $1
ChawkDee: posts big blind $3
*** HOLE CARDS ***
MTails said, "poor tilted fish"
MTails: raises $3 to $6
ChawkDee: calls $3
*** FLOP *** [Kc 9s 8s]
ChawkDee: checks
MTails: bets $3
ChawkDee: calls $3
*** TURN *** [Kc 9s 8s] [Ah]
ChawkDee: checks
MTails: bets $6
ChawkDee: calls $6
*** RIVER *** [Kc 9s 8s Ah] [4c]
ChawkDee: checks
MTails: bets $6
ChawkDee: folds
Uncalled bet ($6) returned to MTails
MTails collected $29.50 from pot
*** SUMMARY ***
Total pot $30 | Rake $0.50
Board [Kc 9s 8s Ah 4c]
Seat 4: MTails (button) (small blind) collected ($29.50)
Seat 6: ChawkDee (big blind) folded on the River


PokerStars Hand #145907195056:  Hold'em Limit ($3/$6 USD) - 2015/12/25 14:53:16 ET
Table 'Trusanda' 6-max Seat #6 is the button
Seat 4: MTails ($118.34 in chips)
Seat 6: ChawkDee ($113.84 in chips)
ChawkDee: posts small blind $1
MTails: posts big blind $3
*** HOLE CARDS ***
ChawkDee: raises $3 to $6
MTails: calls $3
*** FLOP *** [Qd Jc 6c]
ChawkDee said, "if ybetter stop tilting"
MTails said, "what do u mean"
MTails: checks
ChawkDee said, "you made me tilt"
ChawkDee: bets $3
MTails: calls $3
*** TURN *** [Qd Jc 6c] [7d]
MTails said, "poor u"
MTails: checks
ChawkDee: bets $6
MTails: calls $6
*** RIVER *** [Qd Jc 6c 7d] [4c]
ChawkDee said, "?"
MTails: checks
ChawkDee: checks
*** SHOW DOWN ***
MTails: shows [4h 6s] (two pair, Sixes and Fours)
ChawkDee: mucks hand
MTails collected $29.50 from pot
*** SUMMARY ***
Total pot $30 | Rake $0.50
Board [Qd Jc 6c 7d 4c]
Seat 4: MTails (big blind) showed [4h 6s] and won ($29.50) with two pair, Sixes and Fours
Seat 6: ChawkDee (button) (small blind) mucked


PokerStars Hand #145907269116:  Hold'em Limit ($3/$6 USD) - 2015/12/25 14:54:29 ET
Table 'Trusanda' 6-max Seat #6 is the button
Seat 4: MTails ($147.34 in chips)
Seat 6: ChawkDee ($83.84 in chips)
ChawkDee: posts small blind $1
MTails: posts big blind $3
*** HOLE CARDS ***
ChawkDee: raises $3 to $6
MTails: calls $3
*** FLOP *** [5d Ac 4h]
MTails: checks
ChawkDee: checks
*** TURN *** [5d Ac 4h] [9s]
MTails: bets $6
ChawkDee: raises $6 to $12
MTails: folds
Uncalled bet ($6) returned to ChawkDee
ChawkDee collected $23.52 from pot
ChawkDee: doesn't show hand
*** SUMMARY ***
Total pot $24 | Rake $0.48
Board [5d Ac 4h 9s]
Seat 4: MTails (big blind) folded on the Turn
Seat 6: ChawkDee (button) (small blind) collected ($23.52)


PokerStars Hand #145907293239:  Hold'em Limit ($3/$6 USD) - 2015/12/25 14:54:53 ET
Table 'Trusanda' 6-max Seat #4 is the button
Seat 4: MTails ($135.34 in chips)
Seat 6: ChawkDee ($95.36 in chips)
MTails: posts small blind $1
ChawkDee: posts big blind $3
*** HOLE CARDS ***
MTails: raises $3 to $6
ChawkDee: calls $3
*** FLOP *** [Td 5s 9d]
ChawkDee: checks
MTails: bets $3
ChawkDee: calls $3
*** TURN *** [Td 5s 9d] [5c]
ChawkDee: checks
MTails: checks
*** RIVER *** [Td 5s 9d 5c] [4d]
ChawkDee: checks
MTails: checks
*** SHOW DOWN ***
ChawkDee: shows [3c Ad] (a pair of Fives)
MTails: shows [As 6s] (a pair of Fives)
ChawkDee collected $8.82 from pot
MTails collected $8.82 from pot
*** SUMMARY ***
Total pot $18 | Rake $0.36
Board [Td 5s 9d 5c 4d]
Seat 4: MTails (button) (small blind) showed [As 6s] and won ($8.82) with a pair of Fives
Seat 6: ChawkDee (big blind) showed [3c Ad] and won ($8.82) with a pair of Fives


PokerStars Hand #145907311011:  Hold'em Limit ($3/$6 USD) - 2015/12/25 14:55:10 ET
Table 'Trusanda' 6-max Seat #6 is the button
Seat 4: MTails ($135.16 in chips)
Seat 6: ChawkDee ($95.18 in chips)
ChawkDee: posts small blind $1
MTails: posts big blind $3
*** HOLE CARDS ***
ChawkDee: folds
Uncalled bet ($2) returned to MTails
MTails collected $2 from pot
*** SUMMARY ***
Total pot $2 | Rake $0
Seat 4: MTails (big blind) collected ($2)
Seat 6: ChawkDee (button) (small blind) folded before Flop


PokerStars Hand #145907316043:  Hold'em Limit ($3/$6 USD) - 2015/12/25 14:55:16 ET
Table 'Trusanda' 6-max Seat #4 is the button
Seat 4: MTails ($136.16 in chips)
Seat 6: ChawkDee ($94.18 in chips)
MTails: posts small blind $1
ChawkDee: posts big blind $3
*** HOLE CARDS ***
MTails: raises $3 to $6
ChawkDee: calls $3
*** FLOP *** [Qs 9d Ac]
ChawkDee: checks
MTails: bets $3
ChawkDee: folds
Uncalled bet ($3) returned to MTails
MTails collected $11.76 from pot
*** SUMMARY ***
Total pot $12 | Rake $0.24
Board [Qs 9d Ac]
Seat 4: MTails (button) (small blind) collected ($11.76)
Seat 6: ChawkDee (big blind) folded on the Flop


PokerStars Hand #145907325749:  Hold'em Limit ($3/$6 USD) - 2015/12/25 14:55:30 ET
Table 'Trusanda' 6-max Seat #6 is the button
Seat 4: MTails ($141.92 in chips)
Seat 6: ChawkDee ($88.18 in chips)
ChawkDee: posts small blind $1
MTails: posts big blind $3
*** HOLE CARDS ***
ChawkDee: folds
Uncalled bet ($2) returned to MTails
MTails collected $2 from pot
*** SUMMARY ***
Total pot $2 | Rake $0
Seat 4: MTails (big blind) collected ($2)
Seat 6: ChawkDee (button) (small blind) folded before Flop


PokerStars Hand #145907329581:  Hold'em Limit ($3/$6 USD) - 2015/12/25 14:55:36 ET
Table 'Trusanda' 6-max Seat #4 is the button
Seat 4: MTails ($142.92 in chips)
Seat 6: ChawkDee ($87.18 in chips)
MTails: posts small blind $1
ChawkDee: posts big blind $3
*** HOLE CARDS ***
MTails: raises $3 to $6
ChawkDee: calls $3
*** FLOP *** [9h 8h 7c]
ChawkDee: checks
MTails: bets $3
ChawkDee: raises $3 to $6
MTails: calls $3
*** TURN *** [9h 8h 7c] [Jd]
ChawkDee: checks
MTails: bets $6
ChawkDee: calls $6
*** RIVER *** [9h 8h 7c Jd] [9s]
ChawkDee: checks
MTails: bets $6
ChawkDee: calls $6
*** SHOW DOWN ***
MTails: shows [Js Qs] (two pair, Jacks and Nines)
ChawkDee: mucks hand
MTails collected $47.50 from pot
*** SUMMARY ***
Total pot $48 | Rake $0.50
Board [9h 8h 7c Jd 9s]
Seat 4: MTails (button) (small blind) showed [Js Qs] and won ($47.50) with two pair, Jacks and Nines
Seat 6: ChawkDee (big blind) mucked


PokerStars Hand #145907348437:  Hold'em Limit ($3/$6 USD) - 2015/12/25 14:56:03 ET
Table 'Trusanda' 6-max Seat #6 is the button
Seat 4: MTails ($166.42 in chips)
Seat 6: ChawkDee ($63.18 in chips)
ChawkDee: posts small blind $1
MTails: posts big blind $3
*** HOLE CARDS ***
ChawkDee: calls $2
MTails: raises $3 to $6
ChawkDee: calls $3
*** FLOP *** [Jc Qc 8s]
MTails: bets $3
ChawkDee: folds
Uncalled bet ($3) returned to MTails
MTails collected $11.76 from pot
*** SUMMARY ***
Total pot $12 | Rake $0.24
Board [Jc Qc 8s]
Seat 4: MTails (big blind) collected ($11.76)
Seat 6: ChawkDee (button) (small blind) folded on the Flop


PokerStars Hand #145907357970:  Hold'em Limit ($3/$6 USD) - 2015/12/25 14:56:18 ET
Table 'Trusanda' 6-max Seat #4 is the button
Seat 4: MTails ($172.18 in chips)
Seat 6: ChawkDee ($57.18 in chips)
MTails: posts small blind $1
ChawkDee: posts big blind $3
*** HOLE CARDS ***
MTails: raises $3 to $6
ChawkDee: raises $3 to $9
MTails: calls $3
*** FLOP *** [Jc Ad 9s]
ChawkDee: bets $3
MTails: calls $3
*** TURN *** [Jc Ad 9s] [7c]
ChawkDee: bets $6
MTails: raises $6 to $12
ChawkDee: calls $6
*** RIVER *** [Jc Ad 9s 7c] [4s]
ChawkDee: checks
MTails: bets $6
ChawkDee: calls $6
*** SHOW DOWN ***
MTails: shows [6s As] (a pair of Aces)
ChawkDee: mucks hand
MTails collected $59.50 from pot
*** SUMMARY ***
Total pot $60 | Rake $0.50
Board [Jc Ad 9s 7c 4s]
Seat 4: MTails (button) (small blind) showed [6s As] and won ($59.50) with a pair of Aces
Seat 6: ChawkDee (big blind) mucked


PokerStars Hand #145907375736:  Hold'em Limit ($3/$6 USD) - 2015/12/25 14:56:43 ET
Table 'Trusanda' 6-max Seat #6 is the button
Seat 4: MTails ($201.68 in chips)
Seat 6: ChawkDee ($27.18 in chips)
ChawkDee: posts small blind $1
MTails: posts big blind $3
*** HOLE CARDS ***
ChawkDee: folds
Uncalled bet ($2) returned to MTails
MTails collected $2 from pot
*** SUMMARY ***
Total pot $2 | Rake $0
Seat 4: MTails (big blind) collected ($2)
Seat 6: ChawkDee (button) (small blind) folded before Flop


PokerStars Hand #145907379460:  Hold'em Limit ($3/$6 USD) - 2015/12/25 14:56:48 ET
Table 'Trusanda' 6-max Seat #4 is the button
Seat 4: MTails ($202.68 in chips)
Seat 6: ChawkDee ($26.18 in chips)
MTails: posts small blind $1
ChawkDee: posts big blind $3
*** HOLE CARDS ***
MTails: raises $3 to $6
ChawkDee: raises $3 to $9
MTails: calls $3
*** FLOP *** [4s Jh 5c]
ChawkDee: bets $3
MTails: calls $3
*** TURN *** [4s Jh 5c] [6d]
ChawkDee: bets $6
MTails: calls $6
*** RIVER *** [4s Jh 5c 6d] [2s]
ChawkDee: checks
MTails: bets $6
ChawkDee: calls $6
*** SHOW DOWN ***
MTails: shows [3s Kc] (a straight, Deuce to Six)
ChawkDee: mucks hand
MTails collected $47.50 from pot
*** SUMMARY ***
Total pot $48 | Rake $0.50
Board [4s Jh 5c 6d 2s]
Seat 4: MTails (button) (small blind) showed [3s Kc] and won ($47.50) with a straight, Deuce to Six
Seat 6: ChawkDee (big blind) mucked


