PokerStars Hand #164364116024:  Hold'em Limit ($3/$6 USD) - 2017/01/10 15:16:58 ET
Table 'Trusanda' 6-max Seat #2 is the button
Seat 1: LifeisagameX ($113.02 in chips)
Seat 2: luxsheriff ($90 in chips)
luxsheriff: posts small blind $1
LifeisagameX: posts big blind $3
*** HOLE CARDS ***
luxsheriff: folds
Uncalled bet ($2) returned to LifeisagameX
LifeisagameX collected $2 from pot
LifeisagameX: doesn't show hand
*** SUMMARY ***
Total pot $2 | Rake $0
Seat 1: LifeisagameX (big blind) collected ($2)
Seat 2: luxsheriff (button) (small blind) folded before Flop


PokerStars Hand #164364099643:  Hold'em Limit ($3/$6 USD) - 2017/01/10 15:16:44 ET
Table 'Trusanda' 6-max Seat #1 is the button
Seat 1: LifeisagameX ($107.26 in chips)
Seat 2: luxsheriff ($96 in chips)
LifeisagameX: posts small blind $1
luxsheriff: posts big blind $3
*** HOLE CARDS ***
LifeisagameX: raises $3 to $6
luxsheriff: calls $3
*** FLOP *** [Qc Ks Qh]
luxsheriff: checks
LifeisagameX: checks
*** TURN *** [Qc Ks Qh] [2d]
luxsheriff: checks
LifeisagameX: bets $6
luxsheriff: folds
Uncalled bet ($6) returned to LifeisagameX
LifeisagameX collected $11.76 from pot
LifeisagameX: doesn't show hand
*** SUMMARY ***
Total pot $12 | Rake $0.24
Board [Qc Ks Qh 2d]
Seat 1: LifeisagameX (button) (small blind) collected ($11.76)
Seat 2: luxsheriff (big blind) folded on the Turn


PokerStars Hand #164364072932:  Hold'em Limit ($3/$6 USD) - 2017/01/10 15:16:20 ET
Table 'Trusanda' 6-max Seat #2 is the button
Seat 1: LifeisagameX ($89.76 in chips)
Seat 2: luxsheriff ($114 in chips)
luxsheriff: posts small blind $1
LifeisagameX: posts big blind $3
*** HOLE CARDS ***
luxsheriff: raises $3 to $6
LifeisagameX: raises $3 to $9
luxsheriff: calls $3
*** FLOP *** [6d 7h 2h]
LifeisagameX: bets $3
luxsheriff: calls $3
*** TURN *** [6d 7h 2h] [Jd]
LifeisagameX: checks
luxsheriff: checks
*** RIVER *** [6d 7h 2h Jd] [9d]
LifeisagameX: checks
luxsheriff: bets $6
LifeisagameX: raises $6 to $12
luxsheriff: folds
Uncalled bet ($6) returned to LifeisagameX
LifeisagameX collected $35.50 from pot
LifeisagameX: doesn't show hand
*** SUMMARY ***
Total pot $36 | Rake $0.50
Board [6d 7h 2h Jd 9d]
Seat 1: LifeisagameX (big blind) collected ($35.50)
Seat 2: luxsheriff (button) (small blind) folded on the River


PokerStars Hand #164364051649:  Hold'em Limit ($3/$6 USD) - 2017/01/10 15:16:01 ET
Table 'Trusanda' 6-max Seat #1 is the button
Seat 1: LifeisagameX ($84 in chips)
Seat 2: luxsheriff ($120 in chips)
LifeisagameX: posts small blind $1
luxsheriff: posts big blind $3
*** HOLE CARDS ***
LifeisagameX: raises $3 to $6
luxsheriff: calls $3
*** FLOP *** [Kc Js 8s]
luxsheriff: checks
LifeisagameX: bets $3
luxsheriff: folds
Uncalled bet ($3) returned to LifeisagameX
LifeisagameX collected $11.76 from pot
LifeisagameX: doesn't show hand
*** SUMMARY ***
Total pot $12 | Rake $0.24
Board [Kc Js 8s]
Seat 1: LifeisagameX (button) (small blind) collected ($11.76)
Seat 2: luxsheriff (big blind) folded on the Flop


PokerStars Hand #164364167073:  Hold'em Limit ($3/$6 USD) - 2017/01/10 15:17:43 ET
Table 'Trusanda' 6-max Seat #1 is the button
Seat 1: LifeisagameX ($147.52 in chips)
Seat 2: luxsheriff ($55 in chips)
LifeisagameX: posts small blind $1
luxsheriff: posts big blind $3
*** HOLE CARDS ***
LifeisagameX: raises $3 to $6
luxsheriff: calls $3
*** FLOP *** [7h 7c 2d]
luxsheriff: checks
LifeisagameX: bets $3
luxsheriff: calls $3
*** TURN *** [7h 7c 2d] [7s]
luxsheriff: checks
LifeisagameX: bets $6
luxsheriff: raises $6 to $12
LifeisagameX: calls $6
*** RIVER *** [7h 7c 2d 7s] [Td]
luxsheriff: bets $6
LifeisagameX: calls $6
*** SHOW DOWN ***
luxsheriff: shows [2h 5d] (a full house, Sevens full of Deuces)
LifeisagameX: mucks hand
luxsheriff collected $53.50 from pot
*** SUMMARY ***
Total pot $54 | Rake $0.50
Board [7h 7c 2d 7s Td]
Seat 1: LifeisagameX (button) (small blind) mucked
Seat 2: luxsheriff (big blind) showed [2h 5d] and won ($53.50) with a full house, Sevens full of Deuces


PokerStars Hand #164364161288:  Hold'em Limit ($3/$6 USD) - 2017/01/10 15:17:38 ET
Table 'Trusanda' 6-max Seat #2 is the button
Seat 1: LifeisagameX ($146.52 in chips)
Seat 2: luxsheriff ($56 in chips)
luxsheriff: posts small blind $1
LifeisagameX: posts big blind $3
*** HOLE CARDS ***
luxsheriff: folds
Uncalled bet ($2) returned to LifeisagameX
LifeisagameX collected $2 from pot
LifeisagameX: doesn't show hand
*** SUMMARY ***
Total pot $2 | Rake $0
Seat 1: LifeisagameX (big blind) collected ($2)
Seat 2: luxsheriff (button) (small blind) folded before Flop


PokerStars Hand #164364122363:  Hold'em Limit ($3/$6 USD) - 2017/01/10 15:17:03 ET
Table 'Trusanda' 6-max Seat #1 is the button
Seat 1: LifeisagameX ($114.02 in chips)
Seat 2: luxsheriff ($89 in chips)
LifeisagameX: posts small blind $1
luxsheriff: posts big blind $3
*** HOLE CARDS ***
LifeisagameX: raises $3 to $6
luxsheriff: calls $3
*** FLOP *** [7s 6c 7d]
luxsheriff: checks
LifeisagameX: bets $3
luxsheriff: calls $3
*** TURN *** [7s 6c 7d] [Ts]
luxsheriff: checks
LifeisagameX: bets $6
luxsheriff: raises $6 to $12
LifeisagameX: raises $6 to $18
luxsheriff: calls $6
*** RIVER *** [7s 6c 7d Ts] [Qc]
luxsheriff: checks
LifeisagameX: bets $6
luxsheriff: calls $6
*** SHOW DOWN ***
LifeisagameX: shows [5c 7c] (three of a kind, Sevens)
luxsheriff: mucks hand
LifeisagameX collected $65.50 from pot
*** SUMMARY ***
Total pot $66 | Rake $0.50
Board [7s 6c 7d Ts Qc]
Seat 1: LifeisagameX (button) (small blind) showed [5c 7c] and won ($65.50) with three of a kind, Sevens
Seat 2: luxsheriff (big blind) mucked


PokerStars Hand #164364222024:  Hold'em Limit ($3/$6 USD) - 2017/01/10 15:18:31 ET
Table 'Trusanda' 6-max Seat #1 is the button
Seat 1: LifeisagameX ($131.16 in chips)
Seat 2: luxsheriff ($70.50 in chips)
LifeisagameX: posts small blind $1
luxsheriff: posts big blind $3
*** HOLE CARDS ***
LifeisagameX: raises $3 to $6
luxsheriff: calls $3
*** FLOP *** [7s Js 3h]
ErikBerik joins the table at seat #3
luxsheriff: checks
LifeisagameX: bets $3
luxsheriff: calls $3
*** TURN *** [7s Js 3h] [9s]
luxsheriff: checks
LifeisagameX: bets $6
luxsheriff: calls $6
*** RIVER *** [7s Js 3h 9s] [3c]
luxsheriff: checks
LifeisagameX: checks
*** SHOW DOWN ***
luxsheriff: shows [4c 7d] (two pair, Sevens and Threes)
LifeisagameX: mucks hand
luxsheriff collected $29.50 from pot
*** SUMMARY ***
Total pot $30 | Rake $0.50
Board [7s Js 3h 9s 3c]
Seat 1: LifeisagameX (button) (small blind) mucked
Seat 2: luxsheriff (big blind) showed [4c 7d] and won ($29.50) with two pair, Sevens and Threes


PokerStars Hand #164364216577:  Hold'em Limit ($3/$6 USD) - 2017/01/10 15:18:27 ET
Table 'Trusanda' 6-max Seat #2 is the button
Seat 1: LifeisagameX ($130.16 in chips)
Seat 2: luxsheriff ($71.50 in chips)
luxsheriff: posts small blind $1
LifeisagameX: posts big blind $3
*** HOLE CARDS ***
luxsheriff: folds
Uncalled bet ($2) returned to LifeisagameX
LifeisagameX collected $2 from pot
LifeisagameX: doesn't show hand
*** SUMMARY ***
Total pot $2 | Rake $0
Seat 1: LifeisagameX (big blind) collected ($2)
Seat 2: luxsheriff (button) (small blind) folded before Flop


PokerStars Hand #164364198153:  Hold'em Limit ($3/$6 USD) - 2017/01/10 15:18:10 ET
Table 'Trusanda' 6-max Seat #1 is the button
Seat 1: LifeisagameX ($121.52 in chips)
Seat 2: luxsheriff ($80.50 in chips)
LifeisagameX: posts small blind $1
luxsheriff: posts big blind $3
*** HOLE CARDS ***
LifeisagameX: raises $3 to $6
luxsheriff: calls $3
*** FLOP *** [6s 5h Qh]
luxsheriff: checks
LifeisagameX: bets $3
luxsheriff: calls $3
*** TURN *** [6s 5h Qh] [Qc]
luxsheriff: checks
LifeisagameX: bets $6
luxsheriff: folds
Uncalled bet ($6) returned to LifeisagameX
LifeisagameX collected $17.64 from pot
LifeisagameX: doesn't show hand
*** SUMMARY ***
Total pot $18 | Rake $0.36
Board [6s 5h Qh Qc]
Seat 1: LifeisagameX (button) (small blind) collected ($17.64)
Seat 2: luxsheriff (big blind) folded on the Turn


PokerStars Hand #164364191372:  Hold'em Limit ($3/$6 USD) - 2017/01/10 15:18:04 ET
Table 'Trusanda' 6-max Seat #2 is the button
Seat 1: LifeisagameX ($120.52 in chips)
Seat 2: luxsheriff ($81.50 in chips)
luxsheriff: posts small blind $1
LifeisagameX: posts big blind $3
*** HOLE CARDS ***
luxsheriff: folds
Uncalled bet ($2) returned to LifeisagameX
LifeisagameX collected $2 from pot
LifeisagameX: doesn't show hand
*** SUMMARY ***
Total pot $2 | Rake $0
Seat 1: LifeisagameX (big blind) collected ($2)
Seat 2: luxsheriff (button) (small blind) folded before Flop


PokerStars Hand #164364310234:  Hold'em Limit ($3/$6 USD) - 2017/01/10 15:19:49 ET
Table 'Trusanda' 6-max Seat #2 is the button
Seat 2: luxsheriff ($69.43 in chips)
Seat 3: ErikBerik ($79.70 in chips)
luxsheriff: posts small blind $1
ErikBerik: posts big blind $3
*** HOLE CARDS ***
luxsheriff: folds
Uncalled bet ($2) returned to ErikBerik
ErikBerik collected $2 from pot
ErikBerik: doesn't show hand
*** SUMMARY ***
Total pot $2 | Rake $0
Seat 2: luxsheriff (button) (small blind) folded before Flop
Seat 3: ErikBerik (big blind) collected ($2)


PokerStars Hand #164364367835:  Hold'em Limit ($3/$6 USD) - 2017/01/10 15:20:40 ET
Table 'Trusanda' 6-max Seat #2 is the button
Seat 2: luxsheriff ($85.13 in chips)
Seat 3: ErikBerik ($89.20 in chips)
luxsheriff: posts small blind $1
ErikBerik: posts big blind $3
*** HOLE CARDS ***
luxsheriff: raises $3 to $6
ErikBerik: raises $3 to $9
luxsheriff: calls $3
*** FLOP *** [6d 2d Qd]
ErikBerik: bets $3
luxsheriff: calls $3
*** TURN *** [6d 2d Qd] [8c]
ErikBerik: checks
luxsheriff: bets $6
ErikBerik: folds
Uncalled bet ($6) returned to luxsheriff
luxsheriff collected $23.52 from pot
luxsheriff: doesn't show hand
*** SUMMARY ***
Total pot $24 | Rake $0.48
Board [6d 2d Qd 8c]
Seat 2: luxsheriff (button) (small blind) collected ($23.52)
Seat 3: ErikBerik (big blind) folded on the Turn


PokerStars Hand #164364350677:  Hold'em Limit ($3/$6 USD) - 2017/01/10 15:20:25 ET
Table 'Trusanda' 6-max Seat #3 is the button
Seat 2: luxsheriff ($79.37 in chips)
Seat 3: ErikBerik ($95.20 in chips)
ErikBerik: posts small blind $1
luxsheriff: posts big blind $3
*** HOLE CARDS ***
ErikBerik: raises $3 to $6
luxsheriff: calls $3
*** FLOP *** [3c Jd 2h]
luxsheriff: checks
ErikBerik: checks
*** TURN *** [3c Jd 2h] [Tc]
luxsheriff: bets $6
ErikBerik: folds
Uncalled bet ($6) returned to luxsheriff
luxsheriff collected $11.76 from pot
luxsheriff: doesn't show hand
*** SUMMARY ***
Total pot $12 | Rake $0.24
Board [3c Jd 2h Tc]
Seat 2: luxsheriff (big blind) collected ($11.76)
Seat 3: ErikBerik (button) (small blind) folded on the Turn


PokerStars Hand #164364337790:  Hold'em Limit ($3/$6 USD) - 2017/01/10 15:20:14 ET
Table 'Trusanda' 6-max Seat #2 is the button
Seat 2: luxsheriff ($50.43 in chips)
Seat 3: ErikBerik ($98.20 in chips)
luxsheriff: posts small blind $1
ErikBerik: posts big blind $3
*** HOLE CARDS ***
luxsheriff: raises $3 to $6
ErikBerik: folds
Uncalled bet ($3) returned to luxsheriff
luxsheriff collected $6 from pot
luxsheriff: doesn't show hand
*** SUMMARY ***
Total pot $6 | Rake $0
Seat 2: luxsheriff (button) (small blind) collected ($6)
Seat 3: ErikBerik (big blind) folded before Flop


PokerStars Hand #164364316102:  Hold'em Limit ($3/$6 USD) - 2017/01/10 15:19:54 ET
Table 'Trusanda' 6-max Seat #3 is the button
Seat 2: luxsheriff ($68.43 in chips)
Seat 3: ErikBerik ($80.70 in chips)
ErikBerik: posts small blind $1
luxsheriff: posts big blind $3
*** HOLE CARDS ***
ErikBerik: raises $3 to $6
luxsheriff: calls $3
*** FLOP *** [5c Kh 2h]
luxsheriff: checks
ErikBerik: checks
*** TURN *** [5c Kh 2h] [5d]
luxsheriff: bets $6
ErikBerik: calls $6
*** RIVER *** [5c Kh 2h 5d] [2d]
luxsheriff: bets $6
ErikBerik: calls $6
*** SHOW DOWN ***
luxsheriff: shows [4s Td] (two pair, Fives and Deuces)
ErikBerik: shows [8c 8d] (two pair, Eights and Fives)
ErikBerik collected $35.50 from pot
*** SUMMARY ***
Total pot $36 | Rake $0.50
Board [5c Kh 2h 5d 2d]
Seat 2: luxsheriff (big blind) showed [4s Td] and lost with two pair, Fives and Deuces
Seat 3: ErikBerik (button) (small blind) showed [8c 8d] and won ($35.50) with two pair, Eights and Fives


PokerStars Hand #164364433220:  Hold'em Limit ($3/$6 USD) - 2017/01/10 15:21:38 ET
Table 'Trusanda' 6-max Seat #3 is the button
Seat 2: luxsheriff ($97.65 in chips)
Seat 3: ErikBerik ($75.96 in chips)
ErikBerik: posts small blind $1
luxsheriff: posts big blind $3
*** HOLE CARDS ***
ErikBerik: raises $3 to $6
luxsheriff: calls $3
*** FLOP *** [5d Js 3h]
luxsheriff: checks
ErikBerik: bets $3
luxsheriff: calls $3
*** TURN *** [5d Js 3h] [Kc]
luxsheriff: checks
ErikBerik: checks
*** RIVER *** [5d Js 3h Kc] [2d]
luxsheriff: bets $6
ErikBerik: folds
Uncalled bet ($6) returned to luxsheriff
luxsheriff collected $17.64 from pot
luxsheriff: doesn't show hand
*** SUMMARY ***
Total pot $18 | Rake $0.36
Board [5d Js 3h Kc 2d]
Seat 2: luxsheriff (big blind) collected ($17.64)
Seat 3: ErikBerik (button) (small blind) folded on the River


PokerStars Hand #164364425352:  Hold'em Limit ($3/$6 USD) - 2017/01/10 15:21:31 ET
Table 'Trusanda' 6-max Seat #2 is the button
Seat 2: luxsheriff ($94.65 in chips)
Seat 3: ErikBerik ($78.96 in chips)
luxsheriff: posts small blind $1
ErikBerik: posts big blind $3
*** HOLE CARDS ***
luxsheriff: raises $3 to $6
ErikBerik: folds
Uncalled bet ($3) returned to luxsheriff
luxsheriff collected $6 from pot
luxsheriff: doesn't show hand
*** SUMMARY ***
Total pot $6 | Rake $0
Seat 2: luxsheriff (button) (small blind) collected ($6)
Seat 3: ErikBerik (big blind) folded before Flop


PokerStars Hand #164364411575:  Hold'em Limit ($3/$6 USD) - 2017/01/10 15:21:19 ET
Table 'Trusanda' 6-max Seat #3 is the button
Seat 2: luxsheriff ($100.65 in chips)
Seat 3: ErikBerik ($73.20 in chips)
ErikBerik: posts small blind $1
luxsheriff: posts big blind $3
*** HOLE CARDS ***
ErikBerik: raises $3 to $6
luxsheriff: calls $3
*** FLOP *** [Ah 7d Tc]
luxsheriff: checks
ErikBerik: bets $3
luxsheriff: folds
Uncalled bet ($3) returned to ErikBerik
ErikBerik collected $11.76 from pot
ErikBerik: doesn't show hand
*** SUMMARY ***
Total pot $12 | Rake $0.24
Board [Ah 7d Tc]
Seat 2: luxsheriff (big blind) folded on the Flop
Seat 3: ErikBerik (button) (small blind) collected ($11.76)


PokerStars Hand #164364402968:  Hold'em Limit ($3/$6 USD) - 2017/01/10 15:21:11 ET
Table 'Trusanda' 6-max Seat #2 is the button
Seat 2: luxsheriff ($97.65 in chips)
Seat 3: ErikBerik ($76.20 in chips)
luxsheriff: posts small blind $1
ErikBerik: posts big blind $3
*** HOLE CARDS ***
luxsheriff: raises $3 to $6
ErikBerik: folds
Uncalled bet ($3) returned to luxsheriff
luxsheriff collected $6 from pot
luxsheriff: doesn't show hand
*** SUMMARY ***
Total pot $6 | Rake $0
Seat 2: luxsheriff (button) (small blind) collected ($6)
Seat 3: ErikBerik (big blind) folded before Flop


PokerStars Hand #164364395707:  Hold'em Limit ($3/$6 USD) - 2017/01/10 15:21:05 ET
Table 'Trusanda' 6-max Seat #3 is the button
Seat 2: luxsheriff ($96.65 in chips)
Seat 3: ErikBerik ($77.20 in chips)
ErikBerik: posts small blind $1
luxsheriff: posts big blind $3
*** HOLE CARDS ***
ErikBerik: folds
Uncalled bet ($2) returned to luxsheriff
luxsheriff collected $2 from pot
luxsheriff: doesn't show hand
*** SUMMARY ***
Total pot $2 | Rake $0
Seat 2: luxsheriff (big blind) collected ($2)
Seat 3: ErikBerik (button) (small blind) folded before Flop


PokerStars Hand #164364454718:  Hold'em Limit ($3/$6 USD) - 2017/01/10 15:21:57 ET
Table 'Trusanda' 6-max Seat #2 is the button
Seat 2: luxsheriff ($106.29 in chips)
Seat 3: ErikBerik ($66.96 in chips)
luxsheriff: posts small blind $1
ErikBerik: posts big blind $3
*** HOLE CARDS ***
luxsheriff: raises $3 to $6
ErikBerik: raises $3 to $9
luxsheriff: calls $3
*** FLOP *** [5c Qh 3d]
Great_Kang joins the table at seat #4
ErikBerik: checks
luxsheriff: checks
*** TURN *** [5c Qh 3d] [8c]
ErikBerik: bets $6
luxsheriff: calls $6
*** RIVER *** [5c Qh 3d 8c] [Ts]
ErikBerik: bets $6
luxsheriff: folds
Uncalled bet ($6) returned to ErikBerik
ErikBerik collected $29.50 from pot
ErikBerik: doesn't show hand
*** SUMMARY ***
Total pot $30 | Rake $0.50
Board [5c Qh 3d 8c Ts]
Seat 2: luxsheriff (button) (small blind) folded on the River
Seat 3: ErikBerik (big blind) collected ($29.50)


PokerStars Hand #164368872467:  Hold'em Limit ($3/$6 USD) - 2017/01/10 16:31:24 ET
Table 'Trusanda' 6-max Seat #4 is the button
Seat 4: Great_Kang ($134.51 in chips)
Seat 5: Chessnok ($165.64 in chips)
Great_Kang: posts small blind $1
Chessnok: posts big blind $3
*** HOLE CARDS ***
Great_Kang: raises $3 to $6
Chessnok: raises $3 to $9
ionellu joins the table at seat #3
Great_Kang: calls $3
*** FLOP *** [7d 8h Jd]
Chessnok: bets $3
Great_Kang: folds
Uncalled bet ($3) returned to Chessnok
Chessnok collected $17.64 from pot
Chessnok: doesn't show hand
*** SUMMARY ***
Total pot $18 | Rake $0.36
Board [7d 8h Jd]
Seat 4: Great_Kang (button) (small blind) folded on the Flop
Seat 5: Chessnok (big blind) collected ($17.64)


PokerStars Hand #164368933204:  Hold'em Limit ($3/$6 USD) - 2017/01/10 16:32:23 ET
Table 'Trusanda' 6-max Seat #3 is the button
Seat 3: ionellu ($124.64 in chips)
Seat 4: Great_Kang ($121.51 in chips)
ionellu: posts small blind $1
Great_Kang: posts big blind $3
*** HOLE CARDS ***
ionellu: folds
Uncalled bet ($2) returned to Great_Kang
Great_Kang collected $2 from pot
Great_Kang: doesn't show hand
*** SUMMARY ***
Total pot $2 | Rake $0
Seat 3: ionellu (button) (small blind) folded before Flop
Seat 4: Great_Kang (big blind) collected ($2)


PokerStars Hand #164368916075:  Hold'em Limit ($3/$6 USD) - 2017/01/10 16:32:06 ET
Table 'Trusanda' 6-max Seat #4 is the button
Seat 3: ionellu ($116 in chips)
Seat 4: Great_Kang ($130.51 in chips)
Great_Kang: posts small blind $1
Chessnok: is sitting out
ionellu: posts big blind $3
*** HOLE CARDS ***
Great_Kang: raises $3 to $6
ionellu: raises $3 to $9
Great_Kang: calls $3
*** FLOP *** [Td 2h Kh]
ionellu: bets $3
Great_Kang: folds
Uncalled bet ($3) returned to ionellu
ionellu collected $17.64 from pot
*** SUMMARY ***
Total pot $18 | Rake $0.36
Board [Td 2h Kh]
Seat 3: ionellu (big blind) collected ($17.64)
Seat 4: Great_Kang (button) (small blind) folded on the Flop


