PokerStars Hand #148009713613:  Hold'em Limit ($3/$6 USD) - 2016/01/31 14:33:56 ET
Table 'Trusanda' 2-max Seat #1 is the button
Seat 1: TheU10 ($121 in chips)
Seat 2: Psychic_90 ($119 in chips)
TheU10: posts small blind $1
Psychic_90: posts big blind $3
*** HOLE CARDS ***
TheU10: raises $3 to $6
Psychic_90: calls $3
*** FLOP *** [Kh 9s As]
Psychic_90: checks
TheU10: bets $3
Psychic_90: calls $3
*** TURN *** [Kh 9s As] [Qs]
Psychic_90: checks
TheU10: bets $6
Psychic_90: calls $6
*** RIVER *** [Kh 9s As Qs] [2h]
Psychic_90: checks
TheU10: bets $6
Psychic_90: calls $6
*** SHOW DOWN ***
TheU10: shows [Ad Jh] (a pair of Aces)
Psychic_90: mucks hand
TheU10 collected $41.50 from pot
*** SUMMARY ***
Total pot $42 | Rake $0.50
Board [Kh 9s As Qs 2h]
Seat 1: TheU10 (button) (small blind) showed [Ad Jh] and won ($41.50) with a pair of Aces
Seat 2: Psychic_90 (big blind) mucked


PokerStars Hand #148009791864:  Hold'em Limit ($3/$6 USD) - 2016/01/31 14:34:59 ET
Table 'Trusanda' 2-max Seat #1 is the button
Seat 1: TheU10 ($157 in chips)
Seat 2: Psychic_90 ($81.76 in chips)
TheU10: posts small blind $1
Psychic_90: posts big blind $3
*** HOLE CARDS ***
TheU10: raises $3 to $6
Psychic_90: raises $3 to $9
TheU10: calls $3
*** FLOP *** [4s 5s 5h]
Psychic_90: bets $3
TheU10: folds
Uncalled bet ($3) returned to Psychic_90
Psychic_90 collected $17.64 from pot
Psychic_90: doesn't show hand
*** SUMMARY ***
Total pot $18 | Rake $0.36
Board [4s 5s 5h]
Seat 1: TheU10 (button) (small blind) folded on the Flop
Seat 2: Psychic_90 (big blind) collected ($17.64)


PokerStars Hand #148009763420:  Hold'em Limit ($3/$6 USD) - 2016/01/31 14:34:36 ET
Table 'Trusanda' 2-max Seat #2 is the button
Seat 1: TheU10 ($163 in chips)
Seat 2: Psychic_90 ($76 in chips)
Psychic_90: posts small blind $1
TheU10: posts big blind $3
*** HOLE CARDS ***
Psychic_90: raises $3 to $6
TheU10: calls $3
*** FLOP *** [6c Ks 9c]
TheU10: checks
Psychic_90: bets $3
TheU10: folds
Uncalled bet ($3) returned to Psychic_90
Psychic_90 collected $11.76 from pot
Psychic_90: doesn't show hand
*** SUMMARY ***
Total pot $12 | Rake $0.24
Board [6c Ks 9c]
Seat 1: TheU10 (big blind) folded on the Flop
Seat 2: Psychic_90 (button) (small blind) collected ($11.76)


PokerStars Hand #148009744423:  Hold'em Limit ($3/$6 USD) - 2016/01/31 14:34:21 ET
Table 'Trusanda' 2-max Seat #1 is the button
Seat 1: TheU10 ($142.50 in chips)
Seat 2: Psychic_90 ($97 in chips)
TheU10: posts small blind $1
Psychic_90: posts big blind $3
*** HOLE CARDS ***
TheU10: raises $3 to $6
Psychic_90: calls $3
*** FLOP *** [Kd 6d 9h]
Psychic_90: bets $3
TheU10: calls $3
*** TURN *** [Kd 6d 9h] [Ah]
Psychic_90: bets $6
TheU10: calls $6
*** RIVER *** [Kd 6d 9h Ah] [7h]
Psychic_90: bets $6
TheU10: calls $6
*** SHOW DOWN ***
Psychic_90: shows [Qc 7s] (a pair of Sevens)
TheU10: shows [4c Ks] (a pair of Kings)
TheU10 collected $41.50 from pot
*** SUMMARY ***
Total pot $42 | Rake $0.50
Board [Kd 6d 9h Ah 7h]
Seat 1: TheU10 (button) (small blind) showed [4c Ks] and won ($41.50) with a pair of Kings
Seat 2: Psychic_90 (big blind) showed [Qc 7s] and lost with a pair of Sevens


PokerStars Hand #148009738476:  Hold'em Limit ($3/$6 USD) - 2016/01/31 14:34:16 ET
Table 'Trusanda' 2-max Seat #2 is the button
Seat 1: TheU10 ($141.50 in chips)
Seat 2: Psychic_90 ($98 in chips)
Psychic_90: posts small blind $1
TheU10: posts big blind $3
*** HOLE CARDS ***
Psychic_90: folds
Uncalled bet ($2) returned to TheU10
TheU10 collected $2 from pot
TheU10: doesn't show hand
*** SUMMARY ***
Total pot $2 | Rake $0
Seat 1: TheU10 (big blind) collected ($2)
Seat 2: Psychic_90 (button) (small blind) folded before Flop


PokerStars Hand #148009868223:  Hold'em Limit ($3/$6 USD) - 2016/01/31 14:36:00 ET
Table 'Trusanda' 2-max Seat #2 is the button
Seat 1: TheU10 ($201 in chips)
Seat 2: Psychic_90 ($36.40 in chips)
Psychic_90: posts small blind $1
TheU10: posts big blind $3
*** HOLE CARDS ***
Psychic_90: folds
Uncalled bet ($2) returned to TheU10
TheU10 collected $2 from pot
TheU10: doesn't show hand
*** SUMMARY ***
Total pot $2 | Rake $0
Seat 1: TheU10 (big blind) collected ($2)
Seat 2: Psychic_90 (button) (small blind) folded before Flop


PokerStars Hand #148009838431:  Hold'em Limit ($3/$6 USD) - 2016/01/31 14:35:36 ET
Table 'Trusanda' 2-max Seat #1 is the button
Seat 1: TheU10 ($171.50 in chips)
Seat 2: Psychic_90 ($66.40 in chips)
TheU10: posts small blind $1
Psychic_90: posts big blind $3
*** HOLE CARDS ***
TheU10: raises $3 to $6
Psychic_90: raises $3 to $9
TheU10: calls $3
*** FLOP *** [7h 9d Qd]
Psychic_90: bets $3
TheU10: calls $3
*** TURN *** [7h 9d Qd] [5s]
Psychic_90: bets $6
TheU10: raises $6 to $12
Psychic_90: calls $6
*** RIVER *** [7h 9d Qd 5s] [5d]
Psychic_90: checks
TheU10: bets $6
Psychic_90: calls $6
*** SHOW DOWN ***
TheU10: shows [7d 9c] (two pair, Nines and Sevens)
Psychic_90: mucks hand
TheU10 collected $59.50 from pot
*** SUMMARY ***
Total pot $60 | Rake $0.50
Board [7h 9d Qd 5s 5d]
Seat 1: TheU10 (button) (small blind) showed [7d 9c] and won ($59.50) with two pair, Nines and Sevens
Seat 2: Psychic_90 (big blind) mucked


PokerStars Hand #148009803271:  Hold'em Limit ($3/$6 USD) - 2016/01/31 14:35:08 ET
Table 'Trusanda' 2-max Seat #2 is the button
Seat 1: TheU10 ($148 in chips)
Seat 2: Psychic_90 ($90.40 in chips)
Psychic_90: posts small blind $1
TheU10: posts big blind $3
*** HOLE CARDS ***
Psychic_90: raises $3 to $6
TheU10: calls $3
*** FLOP *** [6c Tc 8d]
TheU10: checks
Psychic_90: bets $3
TheU10: raises $3 to $6
Psychic_90: calls $3
*** TURN *** [6c Tc 8d] [Qc]
TheU10: bets $6
Psychic_90: calls $6
*** RIVER *** [6c Tc 8d Qc] [3c]
TheU10: checks
Psychic_90: bets $6
TheU10: calls $6
*** SHOW DOWN ***
Psychic_90: shows [2h 6s] (a pair of Sixes)
TheU10: shows [7c Td] (a flush, Queen high)
TheU10 collected $47.50 from pot
*** SUMMARY ***
Total pot $48 | Rake $0.50
Board [6c Tc 8d Qc 3c]
Seat 1: TheU10 (big blind) showed [7c Td] and won ($47.50) with a flush, Queen high
Seat 2: Psychic_90 (button) (small blind) showed [2h 6s] and lost with a pair of Sixes


PokerStars Hand #148009926856:  Hold'em Limit ($3/$6 USD) - 2016/01/31 14:36:47 ET
Table 'Trusanda' 2-max Seat #2 is the button
Seat 1: TheU10 ($206.50 in chips)
Seat 2: Psychic_90 ($29.92 in chips)
Psychic_90: posts small blind $1
TheU10: posts big blind $3
*** HOLE CARDS ***
Psychic_90: raises $3 to $6
TheU10: raises $3 to $9
Psychic_90: calls $3
*** FLOP *** [Js Jc 6h]
TheU10: bets $3
Psychic_90: calls $3
*** TURN *** [Js Jc 6h] [Qc]
TheU10: checks
Psychic_90: checks
*** RIVER *** [Js Jc 6h Qc] [9d]
TheU10: checks
Psychic_90: bets $6
TheU10: raises $6 to $12
Psychic_90: calls $6
*** SHOW DOWN ***
TheU10: shows [As Jd] (three of a kind, Jacks)
Psychic_90: mucks hand
TheU10 collected $47.50 from pot
*** SUMMARY ***
Total pot $48 | Rake $0.50
Board [Js Jc 6h Qc 9d]
Seat 1: TheU10 (big blind) showed [As Jd] and won ($47.50) with three of a kind, Jacks
Seat 2: Psychic_90 (button) (small blind) mucked


PokerStars Hand #148009921635:  Hold'em Limit ($3/$6 USD) - 2016/01/31 14:36:43 ET
Table 'Trusanda' 2-max Seat #1 is the button
Seat 1: TheU10 ($207.50 in chips)
Seat 2: Psychic_90 ($28.92 in chips)
TheU10: posts small blind $1
Psychic_90: posts big blind $3
*** HOLE CARDS ***
TheU10: folds
Uncalled bet ($2) returned to Psychic_90
Psychic_90 collected $2 from pot
Psychic_90: doesn't show hand
*** SUMMARY ***
Total pot $2 | Rake $0
Seat 1: TheU10 (button) (small blind) folded before Flop
Seat 2: Psychic_90 (big blind) collected ($2)


PokerStars Hand #148009902797:  Hold'em Limit ($3/$6 USD) - 2016/01/31 14:36:28 ET
Table 'Trusanda' 2-max Seat #2 is the button
Seat 1: TheU10 ($190 in chips)
Seat 2: Psychic_90 ($46.92 in chips)
Psychic_90: posts small blind $1
TheU10: posts big blind $3
*** HOLE CARDS ***
Psychic_90: raises $3 to $6
TheU10: raises $3 to $9
Psychic_90: calls $3
*** FLOP *** [2c 5h 4d]
TheU10: bets $3
Psychic_90: calls $3
*** TURN *** [2c 5h 4d] [8h]
TheU10: bets $6
Psychic_90: calls $6
*** RIVER *** [2c 5h 4d 8h] [4s]
TheU10: checks
Psychic_90: checks
*** SHOW DOWN ***
TheU10: shows [9s 9h] (two pair, Nines and Fours)
Psychic_90: mucks hand
TheU10 collected $35.50 from pot
*** SUMMARY ***
Total pot $36 | Rake $0.50
Board [2c 5h 4d 8h 4s]
Seat 1: TheU10 (big blind) showed [9s 9h] and won ($35.50) with two pair, Nines and Fours
Seat 2: Psychic_90 (button) (small blind) mucked


PokerStars Hand #148009874239:  Hold'em Limit ($3/$6 USD) - 2016/01/31 14:36:04 ET
Table 'Trusanda' 2-max Seat #1 is the button
Seat 1: TheU10 ($202 in chips)
Seat 2: Psychic_90 ($35.40 in chips)
TheU10: posts small blind $1
Psychic_90: posts big blind $3
*** HOLE CARDS ***
TheU10: raises $3 to $6
Psychic_90: raises $3 to $9
TheU10: calls $3
*** FLOP *** [Qh 5c 4s]
Psychic_90: bets $3
TheU10: calls $3
*** TURN *** [Qh 5c 4s] [Qs]
Psychic_90: bets $6
TheU10: folds
Uncalled bet ($6) returned to Psychic_90
Psychic_90 collected $23.52 from pot
Psychic_90: doesn't show hand
*** SUMMARY ***
Total pot $24 | Rake $0.48
Board [Qh 5c 4s Qs]
Seat 1: TheU10 (button) (small blind) folded on the Turn
Seat 2: Psychic_90 (big blind) collected ($23.52)


PokerStars Hand #148009977239:  Hold'em Limit ($3/$6 USD) - 2016/01/31 14:37:27 ET
Table 'Trusanda' 2-max Seat #1 is the button
Seat 1: TheU10 ($225.08 in chips)
Seat 2: Psychic_90 ($10.60 in chips)
TheU10: posts small blind $1
Psychic_90: posts big blind $3
*** HOLE CARDS ***
TheU10: raises $3 to $6
Psychic_90: calls $3
*** FLOP *** [6s Jd Th]
Psychic_90: checks
TheU10: bets $3
Psychic_90: folds
Uncalled bet ($3) returned to TheU10
TheU10 collected $11.76 from pot
TheU10: doesn't show hand
*** SUMMARY ***
Total pot $12 | Rake $0.24
Board [6s Jd Th]
Seat 1: TheU10 (button) (small blind) collected ($11.76)
Seat 2: Psychic_90 (big blind) folded on the Flop


PokerStars Hand #148009971344:  Hold'em Limit ($3/$6 USD) - 2016/01/31 14:37:23 ET
Table 'Trusanda' 2-max Seat #2 is the button
Seat 1: TheU10 ($224.08 in chips)
Seat 2: Psychic_90 ($11.60 in chips)
Psychic_90: posts small blind $1
TheU10: posts big blind $3
*** HOLE CARDS ***
Psychic_90: folds
Uncalled bet ($2) returned to TheU10
TheU10 collected $2 from pot
TheU10: doesn't show hand
*** SUMMARY ***
Total pot $2 | Rake $0
Seat 1: TheU10 (big blind) collected ($2)
Seat 2: Psychic_90 (button) (small blind) folded before Flop


PokerStars Hand #148009955860:  Hold'em Limit ($3/$6 USD) - 2016/01/31 14:37:10 ET
Table 'Trusanda' 2-max Seat #1 is the button
Seat 1: TheU10 ($230 in chips)
Seat 2: Psychic_90 ($5.92 in chips)
TheU10: posts small blind $1
Psychic_90: posts big blind $3
*** HOLE CARDS ***
TheU10: raises $3 to $6
Psychic_90: calls $2.92 and is all-in
Uncalled bet ($0.08) returned to TheU10
*** FLOP *** [3s 4h 4c]
*** TURN *** [3s 4h 4c] [8c]
*** RIVER *** [3s 4h 4c 8c] [2s]
*** SHOW DOWN ***
Psychic_90: shows [Jc Ad] (a pair of Fours)
TheU10: shows [As 6h] (a pair of Fours - lower kicker)
Psychic_90 collected $11.60 from pot
*** SUMMARY ***
Total pot $11.84 | Rake $0.24
Board [3s 4h 4c 8c 2s]
Seat 1: TheU10 (button) (small blind) showed [As 6h] and lost with a pair of Fours
Seat 2: Psychic_90 (big blind) showed [Jc Ad] and won ($11.60) with a pair of Fours


PokerStars Hand #148018121711:  Hold'em Limit ($3/$6 USD) - 2016/01/31 16:33:09 ET
Table 'Trusanda' 2-max Seat #1 is the button
Seat 1: TheU10 ($233.72 in chips)
Seat 2: igmade ($117 in chips)
TheU10: posts small blind $1
igmade: posts big blind $3
*** HOLE CARDS ***
TheU10: raises $3 to $6
igmade: calls $3
*** FLOP *** [Ts 2h 6c]
igmade: bets $3
TheU10: raises $3 to $6
igmade: calls $3
*** TURN *** [Ts 2h 6c] [3d]
igmade: checks
TheU10: bets $6
igmade: folds
Uncalled bet ($6) returned to TheU10
TheU10 collected $23.52 from pot
TheU10: doesn't show hand
*** SUMMARY ***
Total pot $24 | Rake $0.48
Board [Ts 2h 6c 3d]
Seat 1: TheU10 (button) (small blind) collected ($23.52)
Seat 2: igmade (big blind) folded on the Turn


PokerStars Hand #148018139162:  Hold'em Limit ($3/$6 USD) - 2016/01/31 16:33:25 ET
Table 'Trusanda' 2-max Seat #2 is the button
Seat 1: TheU10 ($245.24 in chips)
Seat 2: igmade ($105 in chips)
igmade: posts small blind $1
TheU10: posts big blind $3
*** HOLE CARDS ***
igmade: calls $2
TheU10: checks
*** FLOP *** [3d Th 9d]
TheU10: checks
igmade: bets $3
TheU10: raises $3 to $6
igmade: folds
Uncalled bet ($3) returned to TheU10
TheU10 collected $11.76 from pot
TheU10: doesn't show hand
*** SUMMARY ***
Total pot $12 | Rake $0.24
Board [3d Th 9d]
Seat 1: TheU10 (big blind) collected ($11.76)
Seat 2: igmade (button) (small blind) folded on the Flop


PokerStars Hand #148018152042:  Hold'em Limit ($3/$6 USD) - 2016/01/31 16:33:37 ET
Table 'Trusanda' 2-max Seat #1 is the button
Seat 1: TheU10 ($251 in chips)
Seat 2: igmade ($99 in chips)
TheU10: posts small blind $1
igmade: posts big blind $3
*** HOLE CARDS ***
TheU10: raises $3 to $6
igmade: calls $3
*** FLOP *** [7d 4s Kh]
igmade: checks
TheU10: checks
*** TURN *** [7d 4s Kh] [2c]
igmade: bets $6
TheU10: folds
Uncalled bet ($6) returned to igmade
igmade collected $11.76 from pot
*** SUMMARY ***
Total pot $12 | Rake $0.24
Board [7d 4s Kh 2c]
Seat 1: TheU10 (button) (small blind) folded on the Turn
Seat 2: igmade (big blind) collected ($11.76)


PokerStars Hand #148018164916:  Hold'em Limit ($3/$6 USD) - 2016/01/31 16:33:48 ET
Table 'Trusanda' 2-max Seat #2 is the button
Seat 1: TheU10 ($245 in chips)
Seat 2: igmade ($104.76 in chips)
igmade: posts small blind $1
TheU10: posts big blind $3
*** HOLE CARDS ***
igmade: raises $3 to $6
TheU10: calls $3
*** FLOP *** [Kd 2c 2h]
TheU10: checks
igmade: bets $3
TheU10: calls $3
*** TURN *** [Kd 2c 2h] [2s]
TheU10: checks
igmade: bets $6
TheU10: calls $6
*** RIVER *** [Kd 2c 2h 2s] [Ts]
TheU10: checks
igmade: checks
*** SHOW DOWN ***
TheU10: shows [Ks Th] (a full house, Deuces full of Kings)
igmade: mucks hand
TheU10 collected $29.50 from pot
*** SUMMARY ***
Total pot $30 | Rake $0.50
Board [Kd 2c 2h 2s Ts]
Seat 1: TheU10 (big blind) showed [Ks Th] and won ($29.50) with a full house, Deuces full of Kings
Seat 2: igmade (button) (small blind) mucked


PokerStars Hand #148018184216:  Hold'em Limit ($3/$6 USD) - 2016/01/31 16:34:05 ET
Table 'Trusanda' 2-max Seat #1 is the button
Seat 1: TheU10 ($259.50 in chips)
Seat 2: igmade ($89.76 in chips)
TheU10: posts small blind $1
igmade: posts big blind $3
*** HOLE CARDS ***
TheU10: raises $3 to $6
igmade: calls $3
*** FLOP *** [Kd 3d Kc]
igmade: checks
TheU10: bets $3
igmade: calls $3
*** TURN *** [Kd 3d Kc] [7s]
igmade: checks
TheU10: bets $6
igmade: calls $6
*** RIVER *** [Kd 3d Kc 7s] [Qc]
igmade: checks
TheU10: checks
*** SHOW DOWN ***
igmade: shows [Qs 6h] (two pair, Kings and Queens)
TheU10: mucks hand
igmade collected $29.50 from pot
*** SUMMARY ***
Total pot $30 | Rake $0.50
Board [Kd 3d Kc 7s Qc]
Seat 1: TheU10 (button) (small blind) mucked
Seat 2: igmade (big blind) showed [Qs 6h] and won ($29.50) with two pair, Kings and Queens


PokerStars Hand #148018206959:  Hold'em Limit ($3/$6 USD) - 2016/01/31 16:34:26 ET
Table 'Trusanda' 2-max Seat #2 is the button
Seat 1: TheU10 ($244.50 in chips)
Seat 2: igmade ($104.26 in chips)
igmade: posts small blind $1
TheU10: posts big blind $3
*** HOLE CARDS ***
igmade: raises $3 to $6
TheU10: calls $3
*** FLOP *** [8h 5h Ts]
TheU10: checks
igmade: bets $3
TheU10: folds
Uncalled bet ($3) returned to igmade
igmade collected $11.76 from pot
*** SUMMARY ***
Total pot $12 | Rake $0.24
Board [8h 5h Ts]
Seat 1: TheU10 (big blind) folded on the Flop
Seat 2: igmade (button) (small blind) collected ($11.76)


PokerStars Hand #148018219529:  Hold'em Limit ($3/$6 USD) - 2016/01/31 16:34:37 ET
Table 'Trusanda' 2-max Seat #1 is the button
Seat 1: TheU10 ($238.50 in chips)
Seat 2: igmade ($110.02 in chips)
TheU10: posts small blind $1
igmade: posts big blind $3
*** HOLE CARDS ***
TheU10: raises $3 to $6
igmade: calls $3
*** FLOP *** [3s 7d Jc]
igmade: checks
TheU10: checks
*** TURN *** [3s 7d Jc] [7c]
igmade: bets $6
TheU10: folds
Uncalled bet ($6) returned to igmade
igmade collected $11.76 from pot
*** SUMMARY ***
Total pot $12 | Rake $0.24
Board [3s 7d Jc 7c]
Seat 1: TheU10 (button) (small blind) folded on the Turn
Seat 2: igmade (big blind) collected ($11.76)


