PokerStars Hand #169985387536:  Hold'em Limit ($3/$6 USD) - 2017/05/05 10:19:13 ET
Table 'Trusanda' 6-max Seat #3 is the button
Seat 2: cola26licht ($61.26 in chips)
Seat 3: krytalex ($156.73 in chips)
krytalex: posts small blind $1
cola26licht: posts big blind $3
*** HOLE CARDS ***
krytalex: folds
Uncalled bet ($2) returned to cola26licht
cola26licht collected $2 from pot
cola26licht: doesn't show hand
*** SUMMARY ***
Total pot $2 | Rake $0
Seat 2: cola26licht (big blind) collected ($2)
Seat 3: krytalex (button) (small blind) folded before Flop


PokerStars Hand #169985394506:  Hold'em Limit ($3/$6 USD) - 2017/05/05 10:19:24 ET
Table 'Trusanda' 6-max Seat #3 is the button
Seat 2: cola26licht ($61.26 in chips)
Seat 3: krytalex ($156.73 in chips)
krytalex: posts small blind $1
cola26licht: posts big blind $3
*** HOLE CARDS ***
krytalex: folds
Uncalled bet ($2) returned to cola26licht
cola26licht collected $2 from pot
cola26licht: doesn't show hand
*** SUMMARY ***
Total pot $2 | Rake $0
Seat 2: cola26licht (big blind) collected ($2)
Seat 3: krytalex (button) (small blind) folded before Flop


PokerStars Hand #169985418882:  Hold'em Limit ($3/$6 USD) - 2017/05/05 10:20:02 ET
Table 'Trusanda' 6-max Seat #3 is the button
Seat 2: cola26licht ($68.02 in chips)
Seat 3: krytalex ($149.73 in chips)
krytalex: posts small blind $1
oliwan was removed from the table for failing to post
cola26licht: posts big blind $3
*** HOLE CARDS ***
krytalex: raises $3 to $6
cola26licht: folds
Uncalled bet ($3) returned to krytalex
krytalex collected $6 from pot
*** SUMMARY ***
Total pot $6 | Rake $0
Seat 2: cola26licht (big blind) folded before Flop
Seat 3: krytalex (button) (small blind) collected ($6)


PokerStars Hand #169985398685:  Hold'em Limit ($3/$6 USD) - 2017/05/05 10:19:31 ET
Table 'Trusanda' 6-max Seat #2 is the button
Seat 2: cola26licht ($62.26 in chips)
Seat 3: krytalex ($155.73 in chips)
cola26licht: posts small blind $1
krytalex: posts big blind $3
*** HOLE CARDS ***
cola26licht: raises $3 to $6
krytalex: calls $3
*** FLOP *** [7s Ts Tc]
krytalex: checks
cola26licht: bets $3
krytalex: folds
Uncalled bet ($3) returned to cola26licht
cola26licht collected $11.76 from pot
cola26licht: doesn't show hand
*** SUMMARY ***
Total pot $12 | Rake $0.24
Board [7s Ts Tc]
Seat 2: cola26licht (button) (small blind) collected ($11.76)
Seat 3: krytalex (big blind) folded on the Flop


PokerStars Hand #169985391133:  Hold'em Limit ($3/$6 USD) - 2017/05/05 10:19:19 ET
Table 'Trusanda' 6-max Seat #2 is the button
Seat 2: cola26licht ($62.26 in chips)
Seat 3: krytalex ($155.73 in chips)
cola26licht: posts small blind $1
krytalex: posts big blind $3
*** HOLE CARDS ***
cola26licht: folds
Uncalled bet ($2) returned to krytalex
krytalex collected $2 from pot
*** SUMMARY ***
Total pot $2 | Rake $0
Seat 2: cola26licht (button) (small blind) folded before Flop
Seat 3: krytalex (big blind) collected ($2)


PokerStars Hand #169985465341:  Hold'em Limit ($3/$6 USD) - 2017/05/05 10:21:15 ET
Table 'Trusanda' 6-max Seat #2 is the button
Seat 2: cola26licht ($78.52 in chips)
Seat 3: krytalex ($138.73 in chips)
cola26licht: posts small blind $1
krytalex: posts big blind $3
*** HOLE CARDS ***
cola26licht: folds
Uncalled bet ($2) returned to krytalex
krytalex collected $2 from pot
*** SUMMARY ***
Total pot $2 | Rake $0
Seat 2: cola26licht (button) (small blind) folded before Flop
Seat 3: krytalex (big blind) collected ($2)


PokerStars Hand #169985446199:  Hold'em Limit ($3/$6 USD) - 2017/05/05 10:20:45 ET
Table 'Trusanda' 6-max Seat #3 is the button
Seat 2: cola26licht ($64.02 in chips)
Seat 3: krytalex ($153.73 in chips)
krytalex: posts small blind $1
cola26licht: posts big blind $3
*** HOLE CARDS ***
krytalex: raises $3 to $6
cola26licht: calls $3
*** FLOP *** [3d Qs Jc]
cola26licht: checks
krytalex: bets $3
cola26licht: calls $3
*** TURN *** [3d Qs Jc] [9d]
cola26licht: checks
krytalex: bets $6
cola26licht: calls $6
*** RIVER *** [3d Qs Jc 9d] [Kh]
cola26licht: checks
krytalex: checks
*** SHOW DOWN ***
cola26licht: shows [Ks 3c] (two pair, Kings and Threes)
krytalex: mucks hand
cola26licht collected $29.50 from pot
*** SUMMARY ***
Total pot $30 | Rake $0.50
Board [3d Qs Jc 9d Kh]
Seat 2: cola26licht (big blind) showed [Ks 3c] and won ($29.50) with two pair, Kings and Threes
Seat 3: krytalex (button) (small blind) mucked


PokerStars Hand #169985442307:  Hold'em Limit ($3/$6 USD) - 2017/05/05 10:20:39 ET
Table 'Trusanda' 6-max Seat #2 is the button
Seat 2: cola26licht ($65.02 in chips)
Seat 3: krytalex ($152.73 in chips)
cola26licht: posts small blind $1
krytalex: posts big blind $3
*** HOLE CARDS ***
cola26licht: folds
Uncalled bet ($2) returned to krytalex
krytalex collected $2 from pot
*** SUMMARY ***
Total pot $2 | Rake $0
Seat 2: cola26licht (button) (small blind) folded before Flop
Seat 3: krytalex (big blind) collected ($2)


PokerStars Hand #169985431543:  Hold'em Limit ($3/$6 USD) - 2017/05/05 10:20:22 ET
Table 'Trusanda' 6-max Seat #3 is the button
Seat 2: cola26licht ($64.02 in chips)
Seat 3: krytalex ($153.73 in chips)
krytalex: posts small blind $1
cola26licht: posts big blind $3
*** HOLE CARDS ***
krytalex: folds
Uncalled bet ($2) returned to cola26licht
cola26licht collected $2 from pot
cola26licht: doesn't show hand
*** SUMMARY ***
Total pot $2 | Rake $0
Seat 2: cola26licht (big blind) collected ($2)
Seat 3: krytalex (button) (small blind) folded before Flop


PokerStars Hand #169985426073:  Hold'em Limit ($3/$6 USD) - 2017/05/05 10:20:13 ET
Table 'Trusanda' 6-max Seat #2 is the button
Seat 2: cola26licht ($65.02 in chips)
Seat 3: krytalex ($152.73 in chips)
cola26licht: posts small blind $1
krytalex: posts big blind $3
*** HOLE CARDS ***
cola26licht: folds
Uncalled bet ($2) returned to krytalex
krytalex collected $2 from pot
*** SUMMARY ***
Total pot $2 | Rake $0
Seat 2: cola26licht (button) (small blind) folded before Flop
Seat 3: krytalex (big blind) collected ($2)


PokerStars Hand #169985468636:  Hold'em Limit ($3/$6 USD) - 2017/05/05 10:21:20 ET
Table 'Trusanda' 6-max Seat #3 is the button
Seat 2: cola26licht ($77.52 in chips)
Seat 3: krytalex ($139.73 in chips)
krytalex: posts small blind $1
cola26licht: posts big blind $3
*** HOLE CARDS ***
krytalex: raises $3 to $6
cola26licht: calls $3
*** FLOP *** [8c Kc 4c]
cola26licht: checks
krytalex: checks
*** TURN *** [8c Kc 4c] [3d]
cola26licht: checks
krytalex: bets $6
cola26licht: folds
Uncalled bet ($6) returned to krytalex
krytalex collected $11.76 from pot
*** SUMMARY ***
Total pot $12 | Rake $0.24
Board [8c Kc 4c 3d]
Seat 2: cola26licht (big blind) folded on the Turn
Seat 3: krytalex (button) (small blind) collected ($11.76)


PokerStars Hand #169985485840:  Hold'em Limit ($3/$6 USD) - 2017/05/05 10:21:48 ET
Table 'Trusanda' 6-max Seat #2 is the button
Seat 2: cola26licht ($71.52 in chips)
Seat 3: krytalex ($145.49 in chips)
cola26licht: posts small blind $1
krytalex: posts big blind $3
*** HOLE CARDS ***
cola26licht: raises $3 to $6
krytalex: raises $3 to $9
cola26licht: calls $3
*** FLOP *** [9s 8h 8d]
krytalex: bets $3
cola26licht: raises $3 to $6
krytalex: calls $3
*** TURN *** [9s 8h 8d] [Jh]
krytalex: checks
cola26licht: bets $6
krytalex: calls $6
*** RIVER *** [9s 8h 8d Jh] [5s]
krytalex: checks
cola26licht: checks
*** SHOW DOWN ***
krytalex: shows [Tc Kc] (a pair of Eights)
cola26licht: shows [5d As] (two pair, Eights and Fives)
cola26licht collected $41.50 from pot
*** SUMMARY ***
Total pot $42 | Rake $0.50
Board [9s 8h 8d Jh 5s]
Seat 2: cola26licht (button) (small blind) showed [5d As] and won ($41.50) with two pair, Eights and Fives
Seat 3: krytalex (big blind) showed [Tc Kc] and lost with a pair of Eights


PokerStars Hand #169985532716:  Hold'em Limit ($3/$6 USD) - 2017/05/05 10:23:03 ET
Table 'Trusanda' 6-max Seat #2 is the button
Seat 2: cola26licht ($71.02 in chips)
Seat 3: krytalex ($144.99 in chips)
cola26licht: posts small blind $1
krytalex: posts big blind $3
*** HOLE CARDS ***
cola26licht: raises $3 to $6
krytalex: calls $3
*** FLOP *** [9d Jd 6s]
krytalex: checks
cola26licht: bets $3
krytalex: folds
Uncalled bet ($3) returned to cola26licht
cola26licht collected $11.76 from pot
cola26licht: doesn't show hand
*** SUMMARY ***
Total pot $12 | Rake $0.24
Board [9d Jd 6s]
Seat 2: cola26licht (button) (small blind) collected ($11.76)
Seat 3: krytalex (big blind) folded on the Flop


PokerStars Hand #169985525873:  Hold'em Limit ($3/$6 USD) - 2017/05/05 10:22:52 ET
Table 'Trusanda' 6-max Seat #3 is the button
Seat 2: cola26licht ($74.02 in chips)
Seat 3: krytalex ($141.99 in chips)
krytalex: posts small blind $1
cola26licht: posts big blind $3
*** HOLE CARDS ***
krytalex: raises $3 to $6
cola26licht: folds
Uncalled bet ($3) returned to krytalex
krytalex collected $6 from pot
*** SUMMARY ***
Total pot $6 | Rake $0
Seat 2: cola26licht (big blind) folded before Flop
Seat 3: krytalex (button) (small blind) collected ($6)


PokerStars Hand #169985521971:  Hold'em Limit ($3/$6 USD) - 2017/05/05 10:22:45 ET
Table 'Trusanda' 6-max Seat #2 is the button
Seat 2: cola26licht ($71.02 in chips)
Seat 3: krytalex ($144.99 in chips)
cola26licht: posts small blind $1
krytalex: posts big blind $3
*** HOLE CARDS ***
cola26licht: raises $3 to $6
krytalex: folds
Uncalled bet ($3) returned to cola26licht
cola26licht collected $6 from pot
cola26licht: doesn't show hand
*** SUMMARY ***
Total pot $6 | Rake $0
Seat 2: cola26licht (button) (small blind) collected ($6)
Seat 3: krytalex (big blind) folded before Flop


PokerStars Hand #169985501938:  Hold'em Limit ($3/$6 USD) - 2017/05/05 10:22:13 ET
Table 'Trusanda' 6-max Seat #3 is the button
Seat 2: cola26licht ($92.02 in chips)
Seat 3: krytalex ($124.49 in chips)
krytalex: posts small blind $1
cola26licht: posts big blind $3
*** HOLE CARDS ***
krytalex: raises $3 to $6
cola26licht: calls $3
*** FLOP *** [2d 6h 9c]
cola26licht: checks
krytalex: bets $3
cola26licht: calls $3
*** TURN *** [2d 6h 9c] [Kc]
cola26licht: checks
krytalex: bets $6
cola26licht: calls $6
*** RIVER *** [2d 6h 9c Kc] [5d]
cola26licht: checks
krytalex: bets $6
cola26licht: calls $6
*** SHOW DOWN ***
krytalex: shows [4s 9s] (a pair of Nines)
cola26licht: mucks hand
krytalex collected $41.50 from pot
*** SUMMARY ***
Total pot $42 | Rake $0.50
Board [2d 6h 9c Kc 5d]
Seat 2: cola26licht (big blind) mucked
Seat 3: krytalex (button) (small blind) showed [4s 9s] and won ($41.50) with a pair of Nines


PokerStars Hand #169985562889:  Hold'em Limit ($3/$6 USD) - 2017/05/05 10:23:52 ET
Table 'Trusanda' 6-max Seat #3 is the button
Seat 2: cola26licht ($92.28 in chips)
Seat 3: krytalex ($122.99 in chips)
krytalex: posts small blind $1
cola26licht: posts big blind $3
*** HOLE CARDS ***
krytalex: folds
Uncalled bet ($2) returned to cola26licht
cola26licht collected $2 from pot
cola26licht: doesn't show hand
*** SUMMARY ***
Total pot $2 | Rake $0
Seat 2: cola26licht (big blind) collected ($2)
Seat 3: krytalex (button) (small blind) folded before Flop


PokerStars Hand #169985545036:  Hold'em Limit ($3/$6 USD) - 2017/05/05 10:23:23 ET
Table 'Trusanda' 6-max Seat #2 is the button
Seat 2: cola26licht ($77.78 in chips)
Seat 3: krytalex ($137.99 in chips)
cola26licht: posts small blind $1
krytalex: posts big blind $3
*** HOLE CARDS ***
cola26licht: raises $3 to $6
krytalex: calls $3
*** FLOP *** [Jh 9h Ah]
krytalex: checks
cola26licht: bets $3
krytalex: calls $3
*** TURN *** [Jh 9h Ah] [Kh]
krytalex: checks
cola26licht: bets $6
krytalex: calls $6
*** RIVER *** [Jh 9h Ah Kh] [7h]
krytalex: checks
cola26licht: bets $6
krytalex: folds
Uncalled bet ($6) returned to cola26licht
cola26licht collected $29.50 from pot
cola26licht: doesn't show hand
*** SUMMARY ***
Total pot $30 | Rake $0.50
Board [Jh 9h Ah Kh 7h]
Seat 2: cola26licht (button) (small blind) collected ($29.50)
Seat 3: krytalex (big blind) folded on the River


PokerStars Hand #169985541999:  Hold'em Limit ($3/$6 USD) - 2017/05/05 10:23:18 ET
Table 'Trusanda' 6-max Seat #3 is the button
Seat 2: cola26licht ($76.78 in chips)
Seat 3: krytalex ($138.99 in chips)
krytalex: posts small blind $1
cola26licht: posts big blind $3
*** HOLE CARDS ***
krytalex: folds
Uncalled bet ($2) returned to cola26licht
cola26licht collected $2 from pot
cola26licht: doesn't show hand
*** SUMMARY ***
Total pot $2 | Rake $0
Seat 2: cola26licht (big blind) collected ($2)
Seat 3: krytalex (button) (small blind) folded before Flop


PokerStars Hand #169985565820:  Hold'em Limit ($3/$6 USD) - 2017/05/05 10:23:57 ET
Table 'Trusanda' 6-max Seat #2 is the button
Seat 2: cola26licht ($93.28 in chips)
Seat 3: krytalex ($121.99 in chips)
cola26licht: posts small blind $1
krytalex: posts big blind $3
*** HOLE CARDS ***
cola26licht: raises $3 to $6
krytalex: calls $3
*** FLOP *** [Tc 8d Th]
krytalex: checks
cola26licht: bets $3
prcko18173 joins the table at seat #4
krytalex: calls $3
*** TURN *** [Tc 8d Th] [6c]
krytalex: checks
cola26licht: checks
*** RIVER *** [Tc 8d Th 6c] [7c]
krytalex: checks
cola26licht: checks
*** SHOW DOWN ***
krytalex: shows [Qd 5d] (a pair of Tens)
cola26licht: shows [Ah 5c] (a pair of Tens - Ace kicker)
cola26licht collected $17.64 from pot
*** SUMMARY ***
Total pot $18 | Rake $0.36
Board [Tc 8d Th 6c 7c]
Seat 2: cola26licht (button) (small blind) showed [Ah 5c] and won ($17.64) with a pair of Tens
Seat 3: krytalex (big blind) showed [Qd 5d] and lost with a pair of Tens


PokerStars Hand #169992870486:  Hold'em Limit ($3/$6 USD) - 2017/05/05 13:29:13 ET
Table 'Trusanda' 6-max Seat #4 is the button
Seat 1: artecris ($450 in chips)
Seat 4: rascal_319 ($157.19 in chips)
rascal_319: posts small blind $1
artecris: posts big blind $3
*** HOLE CARDS ***
rascal_319: folds
Uncalled bet ($2) returned to artecris
artecris collected $2 from pot
artecris: doesn't show hand
*** SUMMARY ***
Total pot $2 | Rake $0
Seat 1: artecris (big blind) collected ($2)
Seat 4: rascal_319 (button) (small blind) folded before Flop


PokerStars Hand #169992905410:  Hold'em Limit ($3/$6 USD) - 2017/05/05 13:29:59 ET
Table 'Trusanda' 6-max Seat #5 is the button
Seat 1: artecris ($450.75 in chips)
Seat 5: krossguard ($261.97 in chips)
krossguard: posts small blind $1
artecris: posts big blind $3
*** HOLE CARDS ***
krossguard: raises $3 to $6
artecris: calls $3
*** FLOP *** [3c Ks 9c]
artecris: bets $3
krossguard: folds
Uncalled bet ($3) returned to artecris
artecris collected $11.76 from pot
artecris: doesn't show hand
*** SUMMARY ***
Total pot $12 | Rake $0.24
Board [3c Ks 9c]
Seat 1: artecris (big blind) collected ($11.76)
Seat 5: krossguard (button) (small blind) folded on the Flop


PokerStars Hand #169992884867:  Hold'em Limit ($3/$6 USD) - 2017/05/05 13:29:32 ET
Table 'Trusanda' 6-max Seat #1 is the button
Seat 1: artecris ($451 in chips)
Seat 5: krossguard ($262.22 in chips)
artecris: posts small blind $1
krossguard: posts big blind $3
*** HOLE CARDS ***
artecris: calls $2
krossguard: checks
*** FLOP *** [7d 3h 7s]
NAV_SERGG leaves the table
krossguard: checks
artecris: checks
*** TURN *** [7d 3h 7s] [Jh]
Spriysugen leaves the table
krossguard: bets $6
artecris: raises $6 to $12
krossguard: calls $6
*** RIVER *** [7d 3h 7s Jh] [Ks]
krossguard: checks
artecris: checks
*** SHOW DOWN ***
krossguard: shows [Js 4s] (two pair, Jacks and Sevens)
artecris: shows [6h Jd] (two pair, Jacks and Sevens)
krossguard collected $14.75 from pot
artecris collected $14.75 from pot
*** SUMMARY ***
Total pot $30 | Rake $0.50
Board [7d 3h 7s Jh Ks]
Seat 1: artecris (button) (small blind) showed [6h Jd] and won ($14.75) with two pair, Jacks and Sevens
Seat 5: krossguard (big blind) showed [Js 4s] and won ($14.75) with two pair, Jacks and Sevens


PokerStars Hand #169992952154:  Hold'em Limit ($3/$6 USD) - 2017/05/05 13:31:00 ET
Table 'Trusanda' 6-max Seat #1 is the button
Seat 1: artecris ($476.86 in chips)
Seat 5: krossguard ($228.97 in chips)
tttzzz will be allowed to play after the button
artecris: posts small blind $1
rascal_319: is sitting out
krossguard: posts big blind $3
*** HOLE CARDS ***
artecris: raises $3 to $6
krossguard: calls $3
*** FLOP *** [Ad Tc 9c]
krossguard: checks
artecris: bets $3
krossguard: folds
Uncalled bet ($3) returned to artecris
artecris collected $11.76 from pot
artecris: doesn't show hand
*** SUMMARY ***
Total pot $12 | Rake $0.24
Board [Ad Tc 9c]
Seat 1: artecris (button) (small blind) collected ($11.76)
Seat 5: krossguard (big blind) folded on the Flop


PokerStars Hand #170000022652:  Hold'em Limit ($3/$6 USD) - 2017/05/05 15:55:19 ET
Table 'Trusanda' 6-max Seat #2 is the button
Seat 1: DECAlpha ($95.78 in chips)
Seat 2: Koraseg ($217.76 in chips)
Koraseg: posts small blind $1
Qvidde was removed from the table for failing to post
NAV_SERGG was removed from the table for failing to post
DECAlpha: posts big blind $3
*** HOLE CARDS ***
Koraseg: folds
Uncalled bet ($2) returned to DECAlpha
DECAlpha collected $2 from pot
DECAlpha: doesn't show hand
*** SUMMARY ***
Total pot $2 | Rake $0
Seat 1: DECAlpha (big blind) collected ($2)
Seat 2: Koraseg (button) (small blind) folded before Flop


PokerStars Hand #170000002070:  Hold'em Limit ($3/$6 USD) - 2017/05/05 15:54:54 ET
Table 'Trusanda' 6-max Seat #1 is the button
Seat 1: DECAlpha ($21.28 in chips)
Seat 2: Koraseg ($232.76 in chips)
DECAlpha: posts small blind $1
Koraseg: posts big blind $3
*** HOLE CARDS ***
DECAlpha: raises $3 to $6
Koraseg: calls $3
*** FLOP *** [7h Ks 6c]
Koraseg: checks
DECAlpha: bets $3
Koraseg: calls $3
*** TURN *** [7h Ks 6c] [9c]
Mothman995 leaves the table
Koraseg: checks
DECAlpha: bets $6
Koraseg: calls $6
*** RIVER *** [7h Ks 6c 9c] [Ah]
Koraseg: checks
DECAlpha: bets $6
Koraseg: folds
Uncalled bet ($6) returned to DECAlpha
DECAlpha collected $29.50 from pot
DECAlpha: doesn't show hand
*** SUMMARY ***
Total pot $30 | Rake $0.50
Board [7h Ks 6c 9c Ah]
Seat 1: DECAlpha (button) (small blind) collected ($29.50)
Seat 2: Koraseg (big blind) folded on the River


