PokerStars Hand #162880396132:  Hold'em Limit ($3/$6 USD) - 2016/12/13 10:52:11 ET
Table 'Tsai II' 6-max Seat #3 is the button
Seat 3: MMM 22666 ($56.59 in chips)
Seat 4: MTails ($120 in chips)
MMM 22666: posts small blind $1
MTails: posts big blind $3
*** HOLE CARDS ***
MMM 22666: calls $2
MTails: raises $3 to $6
MMM 22666: calls $3
*** FLOP *** [8c Kh 8s]
B_loJkl joins the table at seat #5
MTails: bets $3
MMM 22666: calls $3
*** TURN *** [8c Kh 8s] [Qd]
MTails: checks
MMM 22666: bets $6
MTails: folds
Uncalled bet ($6) returned to MMM 22666
MMM 22666 collected $17.64 from pot
*** SUMMARY ***
Total pot $18 | Rake $0.36
Board [8c Kh 8s Qd]
Seat 3: MMM 22666 (button) (small blind) collected ($17.64)
Seat 4: MTails (big blind) folded on the Turn


PokerStars Hand #162880542734:  Hold'em Limit ($3/$6 USD) - 2016/12/13 10:55:34 ET
Table 'Tsai II' 6-max Seat #3 is the button
Seat 3: MMM 22666 ($34.40 in chips)
Seat 6: Great_Kang ($164.03 in chips)
MMM 22666: posts small blind $1
B_loJkl: is sitting out
Great_Kang: posts big blind $3
*** HOLE CARDS ***
MMM 22666: calls $2
B_loJkl leaves the table
Great_Kang: raises $3 to $6
MMM 22666: calls $3
*** FLOP *** [Kc 5s Th]
B_loJkl joins the table at seat #4
Great_Kang: bets $3
MMM 22666: calls $3
*** TURN *** [Kc 5s Th] [9s]
Great_Kang: bets $6
rascal_319 joins the table at seat #1
MMM 22666: folds
Uncalled bet ($6) returned to Great_Kang
Great_Kang collected $17.64 from pot
Great_Kang: doesn't show hand
*** SUMMARY ***
Total pot $18 | Rake $0.36
Board [Kc 5s Th 9s]
Seat 3: MMM 22666 (button) (small blind) folded on the Turn
Seat 6: Great_Kang (big blind) collected ($17.64)


PokerStars Hand #162881709547:  Hold'em Limit ($3/$6 USD) - 2016/12/13 11:21:56 ET
Table 'Tsai II' 6-max Seat #4 is the button
Seat 3: feilinho ($104 in chips)
Seat 4: B_loJkl ($104.13 in chips)
B_loJkl: posts small blind $1
Great_Kang: is sitting out
rascal_319: is sitting out
feilinho: posts big blind $3
*** HOLE CARDS ***
B_loJkl: raises $3 to $6
feilinho: calls $3
*** FLOP *** [As 7s 9h]
Great_Kang leaves the table
feilinho: checks
B_loJkl: bets $3
feilinho: calls $3
*** TURN *** [As 7s 9h] [Jd]
feilinho: checks
B_loJkl: bets $6
feilinho: folds
Uncalled bet ($6) returned to B_loJkl
B_loJkl collected $17.64 from pot
B_loJkl: doesn't show hand
*** SUMMARY ***
Total pot $18 | Rake $0.36
Board [As 7s 9h Jd]
Seat 3: feilinho (big blind) folded on the Turn
Seat 4: B_loJkl (button) (small blind) collected ($17.64)


PokerStars Hand #162881726261:  Hold'em Limit ($3/$6 USD) - 2016/12/13 11:22:18 ET
Table 'Tsai II' 6-max Seat #3 is the button
Seat 3: feilinho ($95 in chips)
Seat 4: B_loJkl ($112.77 in chips)
feilinho: posts small blind $1
B_loJkl: posts big blind $3
*** HOLE CARDS ***
feilinho: raises $3 to $6
B_loJkl: raises $3 to $9
feilinho: calls $3
*** FLOP *** [Ks 4s 3d]
B_loJkl: bets $3
feilinho: calls $3
*** TURN *** [Ks 4s 3d] [Jd]
B_loJkl: bets $6
feilinho: calls $6
*** RIVER *** [Ks 4s 3d Jd] [Ad]
B_loJkl: checks
feilinho: bets $6
B_loJkl: folds
Uncalled bet ($6) returned to feilinho
feilinho collected $35.50 from pot
*** SUMMARY ***
Total pot $36 | Rake $0.50
Board [Ks 4s 3d Jd Ad]
Seat 3: feilinho (button) (small blind) collected ($35.50)
Seat 4: B_loJkl (big blind) folded on the River


PokerStars Hand #162888734724:  Hold'em Limit ($3/$6 USD) - 2016/12/13 13:37:19 ET
Table 'Tsai II' 6-max Seat #6 is the button
Seat 3: Bonkman05 ($78 in chips)
Seat 6: feilinho ($117 in chips)
feilinho: posts small blind $1
karambakilla: is sitting out
Bonkman05: posts big blind $3
*** HOLE CARDS ***
feilinho: folds
Uncalled bet ($2) returned to Bonkman05
Bonkman05 collected $2 from pot
Bonkman05: doesn't show hand
*** SUMMARY ***
Total pot $2 | Rake $0
Seat 3: Bonkman05 (big blind) collected ($2)
Seat 6: feilinho (button) (small blind) folded before Flop


