PokerStars Hand #160642360254:  Hold'em Limit ($3/$6 USD) - 2016/10/30 10:08:16 ET
Table 'Tsai II' 6-max Seat #1 is the button
Seat 1: LifeisagameX ($84 in chips)
Seat 2: Jesse0206 ($67.98 in chips)
LifeisagameX: posts small blind $1
Jesse0206: posts big blind $3
*** HOLE CARDS ***
LifeisagameX: raises $3 to $6
Jesse0206: folds
Uncalled bet ($3) returned to LifeisagameX
LifeisagameX collected $6 from pot
LifeisagameX: doesn't show hand
*** SUMMARY ***
Total pot $6 | Rake $0
Seat 1: LifeisagameX (button) (small blind) collected ($6)
Seat 2: Jesse0206 (big blind) folded before Flop


PokerStars Hand #160642376459:  Hold'em Limit ($3/$6 USD) - 2016/10/30 10:08:40 ET
Table 'Tsai II' 6-max Seat #2 is the button
Seat 1: LifeisagameX ($87 in chips)
Seat 2: Jesse0206 ($64.98 in chips)
Jesse0206: posts small blind $1
LifeisagameX: posts big blind $3
*** HOLE CARDS ***
Jesse0206: raises $3 to $6
LifeisagameX: raises $3 to $9
Jesse0206: calls $3
*** FLOP *** [3c 7h 8h]
LifeisagameX: bets $3
Jesse0206: raises $3 to $6
LifeisagameX: calls $3
*** TURN *** [3c 7h 8h] [6c]
LifeisagameX: checks
Jesse0206: checks
*** RIVER *** [3c 7h 8h 6c] [Ad]
LifeisagameX: checks
Jesse0206: checks
*** SHOW DOWN ***
LifeisagameX: shows [As Kd] (a pair of Aces)
Jesse0206: mucks hand
LifeisagameX collected $29.50 from pot
*** SUMMARY ***
Total pot $30 | Rake $0.50
Board [3c 7h 8h 6c Ad]
Seat 1: LifeisagameX (big blind) showed [As Kd] and won ($29.50) with a pair of Aces
Seat 2: Jesse0206 (button) (small blind) mucked


PokerStars Hand #160642429465:  Hold'em Limit ($3/$6 USD) - 2016/10/30 10:09:58 ET
Table 'Tsai II' 6-max Seat #1 is the button
Seat 1: LifeisagameX ($101.50 in chips)
Seat 2: Jesse0206 ($49.98 in chips)
LifeisagameX: posts small blind $1
Jesse0206: posts big blind $3
*** HOLE CARDS ***
LifeisagameX: raises $3 to $6
Jesse0206: calls $3
*** FLOP *** [Kc Jc Ks]
Jesse0206: checks
LifeisagameX: bets $3
Jesse0206: calls $3
*** TURN *** [Kc Jc Ks] [8h]
Jesse0206: checks
LifeisagameX: checks
*** RIVER *** [Kc Jc Ks 8h] [9c]
Jesse0206: checks
LifeisagameX: bets $6
Jesse0206: calls $6
*** SHOW DOWN ***
LifeisagameX: shows [Tc Qd] (a straight, Nine to King)
Jesse0206: mucks hand
LifeisagameX collected $29.50 from pot
*** SUMMARY ***
Total pot $30 | Rake $0.50
Board [Kc Jc Ks 8h 9c]
Seat 1: LifeisagameX (button) (small blind) showed [Tc Qd] and won ($29.50) with a straight, Nine to King
Seat 2: Jesse0206 (big blind) mucked


PokerStars Hand #160642484455:  Hold'em Limit ($3/$6 USD) - 2016/10/30 10:11:19 ET
Table 'Tsai II' 6-max Seat #2 is the button
Seat 1: LifeisagameX ($116 in chips)
Seat 2: Jesse0206 ($34.98 in chips)
Jesse0206: posts small blind $1
LifeisagameX: posts big blind $3
*** HOLE CARDS ***
Jesse0206: raises $3 to $6
LifeisagameX: raises $3 to $9
Jesse0206: raises $3 to $12
Betting is capped
LifeisagameX: calls $3
*** FLOP *** [4d 6s Ks]
LifeisagameX: checks
Jesse0206: bets $3
LifeisagameX: calls $3
*** TURN *** [4d 6s Ks] [Ad]
LifeisagameX: checks
Jesse0206: bets $6
LifeisagameX: calls $6
*** RIVER *** [4d 6s Ks Ad] [9h]
LifeisagameX: checks
Jesse0206: checks
*** SHOW DOWN ***
LifeisagameX: shows [Js Jd] (a pair of Jacks)
Jesse0206: shows [Ah 3c] (a pair of Aces)
Jesse0206 collected $41.50 from pot
*** SUMMARY ***
Total pot $42 | Rake $0.50
Board [4d 6s Ks Ad 9h]
Seat 1: LifeisagameX (big blind) showed [Js Jd] and lost with a pair of Jacks
Seat 2: Jesse0206 (button) (small blind) showed [Ah 3c] and won ($41.50) with a pair of Aces


PokerStars Hand #160642556931:  Hold'em Limit ($3/$6 USD) - 2016/10/30 10:13:06 ET
Table 'Tsai II' 6-max Seat #2 is the button
Seat 1: LifeisagameX ($84 in chips)
Seat 2: Jesse0206 ($72.98 in chips)
Jesse0206: posts small blind $1
LifeisagameX: posts big blind $3
*** HOLE CARDS ***
Jesse0206: folds
Uncalled bet ($2) returned to LifeisagameX
LifeisagameX collected $2 from pot
LifeisagameX: doesn't show hand
*** SUMMARY ***
Total pot $2 | Rake $0
Seat 1: LifeisagameX (big blind) collected ($2)
Seat 2: Jesse0206 (button) (small blind) folded before Flop


PokerStars Hand #160642525411:  Hold'em Limit ($3/$6 USD) - 2016/10/30 10:12:20 ET
Table 'Tsai II' 6-max Seat #1 is the button
Seat 1: LifeisagameX ($95 in chips)
Seat 2: Jesse0206 ($55.48 in chips)
LifeisagameX: posts small blind $1
Jesse0206: posts big blind $3
*** HOLE CARDS ***
LifeisagameX: raises $3 to $6
Jesse0206: calls $3
*** FLOP *** [2h 5d 8s]
Jesse0206: checks
LifeisagameX: checks
*** TURN *** [2h 5d 8s] [5s]
Jesse0206: bets $6
LifeisagameX: raises $6 to $12
Jesse0206: calls $6
*** RIVER *** [2h 5d 8s 5s] [Jc]
Jesse0206: bets $6
LifeisagameX: folds
Uncalled bet ($6) returned to Jesse0206
Jesse0206 collected $35.50 from pot
Jesse0206: doesn't show hand
*** SUMMARY ***
Total pot $36 | Rake $0.50
Board [2h 5d 8s 5s Jc]
Seat 1: LifeisagameX (button) (small blind) folded on the River
Seat 2: Jesse0206 (big blind) collected ($35.50)


PokerStars Hand #160642561372:  Hold'em Limit ($3/$6 USD) - 2016/10/30 10:13:13 ET
Table 'Tsai II' 6-max Seat #1 is the button
Seat 1: LifeisagameX ($85 in chips)
Seat 2: Jesse0206 ($71.98 in chips)
LifeisagameX: posts small blind $1
Jesse0206: posts big blind $3
*** HOLE CARDS ***
LifeisagameX: raises $3 to $6
Jesse0206: calls $3
*** FLOP *** [2c 4c Kd]
Jesse0206: checks
LifeisagameX: checks
*** TURN *** [2c 4c Kd] [Ac]
Jesse0206: checks
LifeisagameX: checks
*** RIVER *** [2c 4c Kd Ac] [Th]
Jesse0206: bets $6
LifeisagameX: calls $6
*** SHOW DOWN ***
Jesse0206: shows [6c Ad] (a pair of Aces)
LifeisagameX: mucks hand
Jesse0206 collected $23.52 from pot
*** SUMMARY ***
Total pot $24 | Rake $0.48
Board [2c 4c Kd Ac Th]
Seat 1: LifeisagameX (button) (small blind) mucked
Seat 2: Jesse0206 (big blind) showed [6c Ad] and won ($23.52) with a pair of Aces


PokerStars Hand #160642640021:  Hold'em Limit ($3/$6 USD) - 2016/10/30 10:15:08 ET
Table 'Tsai II' 6-max Seat #2 is the button
Seat 1: LifeisagameX ($104.50 in chips)
Seat 2: Jesse0206 ($68.26 in chips)
vitamin168 joins the table at seat #3
Jesse0206: posts small blind $1
LifeisagameX: posts big blind $3
*** HOLE CARDS ***
Jesse0206: raises $3 to $6
LifeisagameX: folds
Uncalled bet ($3) returned to Jesse0206
Jesse0206 collected $6 from pot
Jesse0206: doesn't show hand
*** SUMMARY ***
Total pot $6 | Rake $0
Seat 1: LifeisagameX (big blind) folded before Flop
Seat 2: Jesse0206 (button) (small blind) collected ($6)


PokerStars Hand #160642610656:  Hold'em Limit ($3/$6 USD) - 2016/10/30 10:14:25 ET
Table 'Tsai II' 6-max Seat #1 is the button
Seat 1: LifeisagameX ($84 in chips)
Seat 2: Jesse0206 ($89.26 in chips)
LifeisagameX: posts small blind $1
Jesse0206: posts big blind $3
*** HOLE CARDS ***
LifeisagameX: raises $3 to $6
Jesse0206: calls $3
*** FLOP *** [Qc 5c 3c]
Jesse0206: checks
LifeisagameX: bets $3
Jesse0206: calls $3
*** TURN *** [Qc 5c 3c] [Qs]
Jesse0206: checks
LifeisagameX: bets $6
Jesse0206: calls $6
*** RIVER *** [Qc 5c 3c Qs] [8c]
Jesse0206: bets $6
LifeisagameX: calls $6
*** SHOW DOWN ***
Jesse0206: shows [7c 2d] (a flush, Queen high)
LifeisagameX: shows [5d Tc] (a flush, Queen high - Ten higher)
LifeisagameX collected $41.50 from pot
*** SUMMARY ***
Total pot $42 | Rake $0.50
Board [Qc 5c 3c Qs 8c]
Seat 1: LifeisagameX (button) (small blind) showed [5d Tc] and won ($41.50) with a flush, Queen high
Seat 2: Jesse0206 (big blind) showed [7c 2d] and lost with a flush, Queen high


PokerStars Hand #160642595598:  Hold'em Limit ($3/$6 USD) - 2016/10/30 10:14:03 ET
Table 'Tsai II' 6-max Seat #2 is the button
Seat 1: LifeisagameX ($84 in chips)
Seat 2: Jesse0206 ($83.50 in chips)
Jesse0206: posts small blind $1
LifeisagameX: posts big blind $3
*** HOLE CARDS ***
Jesse0206: raises $3 to $6
LifeisagameX: calls $3
*** FLOP *** [Th 3c 2d]
LifeisagameX: checks
Jesse0206: bets $3
LifeisagameX: folds
Uncalled bet ($3) returned to Jesse0206
Jesse0206 collected $11.76 from pot
Jesse0206: doesn't show hand
*** SUMMARY ***
Total pot $12 | Rake $0.24
Board [Th 3c 2d]
Seat 1: LifeisagameX (big blind) folded on the Flop
Seat 2: Jesse0206 (button) (small blind) collected ($11.76)


PokerStars Hand #160642647934:  Hold'em Limit ($3/$6 USD) - 2016/10/30 10:15:19 ET
Table 'Tsai II' 6-max Seat #1 is the button
Seat 1: LifeisagameX ($101.50 in chips)
Seat 2: Jesse0206 ($71.26 in chips)
LifeisagameX: posts small blind $1
Jesse0206: posts big blind $3
*** HOLE CARDS ***
LifeisagameX: raises $3 to $6
Jesse0206: calls $3
*** FLOP *** [6d 2c As]
Jesse0206: checks
LifeisagameX: bets $3
Jesse0206: raises $3 to $6
LifeisagameX: folds
Uncalled bet ($3) returned to Jesse0206
Jesse0206 collected $17.64 from pot
Jesse0206: doesn't show hand
*** SUMMARY ***
Total pot $18 | Rake $0.36
Board [6d 2c As]
Seat 1: LifeisagameX (button) (small blind) folded on the Flop
Seat 2: Jesse0206 (big blind) collected ($17.64)


PokerStars Hand #160642779642:  Hold'em Limit ($3/$6 USD) - 2016/10/30 10:18:30 ET
Table 'Tsai II' 6-max Seat #2 is the button
Seat 2: Jesse0206 ($117.53 in chips)
Seat 3: vitamin168 ($93.51 in chips)
Jesse0206: posts small blind $1
vitamin168: posts big blind $3
*** HOLE CARDS ***
Jesse0206: raises $3 to $6
vitamin168: calls $3
*** FLOP *** [7d Kh Kc]
vitamin168: checks
Jesse0206: bets $3
vitamin168: folds
Uncalled bet ($3) returned to Jesse0206
Jesse0206 collected $11.76 from pot
Jesse0206: doesn't show hand
*** SUMMARY ***
Total pot $12 | Rake $0.24
Board [7d Kh Kc]
Seat 2: Jesse0206 (button) (small blind) collected ($11.76)
Seat 3: vitamin168 (big blind) folded on the Flop


PokerStars Hand #160642775418:  Hold'em Limit ($3/$6 USD) - 2016/10/30 10:18:24 ET
Table 'Tsai II' 6-max Seat #3 is the button
Seat 2: Jesse0206 ($120.53 in chips)
Seat 3: vitamin168 ($90.51 in chips)
vitamin168: posts small blind $1
Jesse0206: posts big blind $3
*** HOLE CARDS ***
LolDnkaments joins the table at seat #4
vitamin168: raises $3 to $6
Jesse0206: folds
Uncalled bet ($3) returned to vitamin168
vitamin168 collected $6 from pot
vitamin168: doesn't show hand
*** SUMMARY ***
Total pot $6 | Rake $0
Seat 2: Jesse0206 (big blind) folded before Flop
Seat 3: vitamin168 (button) (small blind) collected ($6)


PokerStars Hand #160642770738:  Hold'em Limit ($3/$6 USD) - 2016/10/30 10:18:17 ET
Table 'Tsai II' 6-max Seat #2 is the button
Seat 2: Jesse0206 ($117.53 in chips)
Seat 3: vitamin168 ($93.51 in chips)
Jesse0206: posts small blind $1
vitamin168: posts big blind $3
*** HOLE CARDS ***
LifeisagameX leaves the table
Jesse0206: raises $3 to $6
vitamin168: folds
Uncalled bet ($3) returned to Jesse0206
Jesse0206 collected $6 from pot
Jesse0206: doesn't show hand
*** SUMMARY ***
Total pot $6 | Rake $0
Seat 2: Jesse0206 (button) (small blind) collected ($6)
Seat 3: vitamin168 (big blind) folded before Flop


PokerStars Hand #160643024268:  Hold'em Limit ($3/$6 USD) - 2016/10/30 10:24:22 ET
Table 'Tsai II' 6-max Seat #4 is the button
Seat 3: vitamin168 ($9.25 in chips)
Seat 4: LolDnkaments ($160.16 in chips)
LolDnkaments: posts small blind $1
vitamin168: posts big blind $3
*** HOLE CARDS ***
LolDnkaments: raises $3 to $6
vitamin168: raises $3 to $9
LolDnkaments: raises $3 to $12
Betting is capped
vitamin168: calls $0.25 and is all-in
Uncalled bet ($2.75) returned to LolDnkaments
*** FLOP *** [9s Th 3s]
*** TURN *** [9s Th 3s] [Qc]
*** RIVER *** [9s Th 3s Qc] [5d]
*** SHOW DOWN ***
vitamin168: shows [Jd Kh] (a straight, Nine to King)
LolDnkaments: shows [Kc 7d] (high card King)
vitamin168 collected $18.13 from pot
*** SUMMARY ***
Total pot $18.50 | Rake $0.37
Board [9s Th 3s Qc 5d]
Seat 3: vitamin168 (big blind) showed [Jd Kh] and won ($18.13) with a straight, Nine to King
Seat 4: LolDnkaments (button) (small blind) showed [Kc 7d] and lost with high card King


PokerStars Hand #160643039499:  Hold'em Limit ($3/$6 USD) - 2016/10/30 10:24:44 ET
Table 'Tsai II' 6-max Seat #3 is the button
Seat 3: vitamin168 ($18.13 in chips)
Seat 4: LolDnkaments ($150.91 in chips)
vitamin168: posts small blind $1
LolDnkaments: posts big blind $3
*** HOLE CARDS ***
vitamin168: raises $3 to $6
LolDnkaments: calls $3
*** FLOP *** [2d 9h 2c]
LolDnkaments: checks
vitamin168: bets $3
LolDnkaments: calls $3
*** TURN *** [2d 9h 2c] [Ks]
LolDnkaments: checks
vitamin168: bets $6
LolDnkaments: folds
Uncalled bet ($6) returned to vitamin168
vitamin168 collected $17.64 from pot
vitamin168: doesn't show hand
*** SUMMARY ***
Total pot $18 | Rake $0.36
Board [2d 9h 2c Ks]
Seat 3: vitamin168 (button) (small blind) collected ($17.64)
Seat 4: LolDnkaments (big blind) folded on the Turn


PokerStars Hand #160643059773:  Hold'em Limit ($3/$6 USD) - 2016/10/30 10:25:13 ET
Table 'Tsai II' 6-max Seat #3 is the button
Seat 3: vitamin168 ($23.77 in chips)
Seat 4: LolDnkaments ($144.91 in chips)
vitamin168: posts small blind $1
LolDnkaments: posts big blind $3
*** HOLE CARDS ***
vitamin168: folds
Uncalled bet ($2) returned to LolDnkaments
LolDnkaments collected $2 from pot
LolDnkaments: doesn't show hand
*** SUMMARY ***
Total pot $2 | Rake $0
Seat 3: vitamin168 (button) (small blind) folded before Flop
Seat 4: LolDnkaments (big blind) collected ($2)


PokerStars Hand #160643055627:  Hold'em Limit ($3/$6 USD) - 2016/10/30 10:25:07 ET
Table 'Tsai II' 6-max Seat #4 is the button
Seat 3: vitamin168 ($26.77 in chips)
Seat 4: LolDnkaments ($141.91 in chips)
LolDnkaments: posts small blind $1
vitamin168: posts big blind $3
*** HOLE CARDS ***
LolDnkaments: raises $3 to $6
vitamin168: folds
Uncalled bet ($3) returned to LolDnkaments
LolDnkaments collected $6 from pot
LolDnkaments: doesn't show hand
*** SUMMARY ***
Total pot $6 | Rake $0
Seat 3: vitamin168 (big blind) folded before Flop
Seat 4: LolDnkaments (button) (small blind) collected ($6)


PokerStars Hand #160643063202:  Hold'em Limit ($3/$6 USD) - 2016/10/30 10:25:18 ET
Table 'Tsai II' 6-max Seat #4 is the button
Seat 3: vitamin168 ($22.77 in chips)
Seat 4: LolDnkaments ($145.91 in chips)
LolDnkaments: posts small blind $1
vitamin168: posts big blind $3
*** HOLE CARDS ***
LolDnkaments: raises $3 to $6
vitamin168: raises $3 to $9
LolDnkaments: calls $3
*** FLOP *** [Qs 6c 4d]
vitamin168: bets $3
LolDnkaments: calls $3
*** TURN *** [Qs 6c 4d] [4s]
vitamin168: bets $6
LolDnkaments: folds
Uncalled bet ($6) returned to vitamin168
vitamin168 collected $23.52 from pot
vitamin168: doesn't show hand
*** SUMMARY ***
Total pot $24 | Rake $0.48
Board [Qs 6c 4d 4s]
Seat 3: vitamin168 (big blind) collected ($23.52)
Seat 4: LolDnkaments (button) (small blind) folded on the Turn


PokerStars Hand #160643072875:  Hold'em Limit ($3/$6 USD) - 2016/10/30 10:25:32 ET
Table 'Tsai II' 6-max Seat #3 is the button
Seat 3: vitamin168 ($34.29 in chips)
Seat 4: LolDnkaments ($133.91 in chips)
vitamin168: posts small blind $1
LolDnkaments: posts big blind $3
*** HOLE CARDS ***
vitamin168: folds
Uncalled bet ($2) returned to LolDnkaments
LolDnkaments collected $2 from pot
LolDnkaments: doesn't show hand
*** SUMMARY ***
Total pot $2 | Rake $0
Seat 3: vitamin168 (button) (small blind) folded before Flop
Seat 4: LolDnkaments (big blind) collected ($2)


PokerStars Hand #160643076421:  Hold'em Limit ($3/$6 USD) - 2016/10/30 10:25:37 ET
Table 'Tsai II' 6-max Seat #4 is the button
Seat 3: vitamin168 ($33.29 in chips)
Seat 4: LolDnkaments ($134.91 in chips)
LolDnkaments: posts small blind $1
vitamin168: posts big blind $3
*** HOLE CARDS ***
LolDnkaments: raises $3 to $6
vitamin168: calls $3
*** FLOP *** [2s Jd Jc]
vitamin168: checks
LolDnkaments: bets $3
vitamin168: folds
Uncalled bet ($3) returned to LolDnkaments
LolDnkaments collected $11.76 from pot
LolDnkaments: doesn't show hand
*** SUMMARY ***
Total pot $12 | Rake $0.24
Board [2s Jd Jc]
Seat 3: vitamin168 (big blind) folded on the Flop
Seat 4: LolDnkaments (button) (small blind) collected ($11.76)


PokerStars Hand #160643087531:  Hold'em Limit ($3/$6 USD) - 2016/10/30 10:25:53 ET
Table 'Tsai II' 6-max Seat #4 is the button
Seat 3: vitamin168 ($26.29 in chips)
Seat 4: LolDnkaments ($141.67 in chips)
LolDnkaments: posts small blind $1
vitamin168: posts big blind $3
*** HOLE CARDS ***
LolDnkaments: folds
Uncalled bet ($2) returned to vitamin168
vitamin168 collected $2 from pot
vitamin168: doesn't show hand
*** SUMMARY ***
Total pot $2 | Rake $0
Seat 3: vitamin168 (big blind) collected ($2)
Seat 4: LolDnkaments (button) (small blind) folded before Flop


PokerStars Hand #160643083828:  Hold'em Limit ($3/$6 USD) - 2016/10/30 10:25:48 ET
Table 'Tsai II' 6-max Seat #3 is the button
Seat 3: vitamin168 ($27.29 in chips)
Seat 4: LolDnkaments ($140.67 in chips)
vitamin168: posts small blind $1
LolDnkaments: posts big blind $3
*** HOLE CARDS ***
vitamin168: folds
Uncalled bet ($2) returned to LolDnkaments
LolDnkaments collected $2 from pot
LolDnkaments: doesn't show hand
*** SUMMARY ***
Total pot $2 | Rake $0
Seat 3: vitamin168 (button) (small blind) folded before Flop
Seat 4: LolDnkaments (big blind) collected ($2)


PokerStars Hand #160643091330:  Hold'em Limit ($3/$6 USD) - 2016/10/30 10:25:58 ET
Table 'Tsai II' 6-max Seat #3 is the button
Seat 3: vitamin168 ($27.29 in chips)
Seat 4: LolDnkaments ($140.67 in chips)
vitamin168: posts small blind $1
LolDnkaments: posts big blind $3
*** HOLE CARDS ***
vitamin168: folds
Uncalled bet ($2) returned to LolDnkaments
LolDnkaments collected $2 from pot
LolDnkaments: doesn't show hand
*** SUMMARY ***
Total pot $2 | Rake $0
Seat 3: vitamin168 (button) (small blind) folded before Flop
Seat 4: LolDnkaments (big blind) collected ($2)


PokerStars Hand #160643094856:  Hold'em Limit ($3/$6 USD) - 2016/10/30 10:26:03 ET
Table 'Tsai II' 6-max Seat #4 is the button
Seat 3: vitamin168 ($26.29 in chips)
Seat 4: LolDnkaments ($141.67 in chips)
LolDnkaments: posts small blind $1
vitamin168: posts big blind $3
*** HOLE CARDS ***
LolDnkaments: raises $3 to $6
vitamin168: calls $3
*** FLOP *** [3c 8d 2s]
vitamin168: checks
LolDnkaments: bets $3
vitamin168: calls $3
*** TURN *** [3c 8d 2s] [Ac]
vitamin168: checks
LolDnkaments: bets $6
vitamin168: calls $6
*** RIVER *** [3c 8d 2s Ac] [7c]
vitamin168: checks
LolDnkaments: checks
*** SHOW DOWN ***
vitamin168: shows [5c Kc] (a flush, Ace high)
LolDnkaments: mucks hand
vitamin168 collected $29.50 from pot
*** SUMMARY ***
Total pot $30 | Rake $0.50
Board [3c 8d 2s Ac 7c]
Seat 3: vitamin168 (big blind) showed [5c Kc] and won ($29.50) with a flush, Ace high
Seat 4: LolDnkaments (button) (small blind) mucked


PokerStars Hand #160643108304:  Hold'em Limit ($3/$6 USD) - 2016/10/30 10:26:22 ET
Table 'Tsai II' 6-max Seat #3 is the button
Seat 3: vitamin168 ($40.79 in chips)
Seat 4: LolDnkaments ($126.67 in chips)
vitamin168: posts small blind $1
LolDnkaments: posts big blind $3
*** HOLE CARDS ***
vitamin168: folds
Uncalled bet ($2) returned to LolDnkaments
LolDnkaments collected $2 from pot
LolDnkaments: doesn't show hand
*** SUMMARY ***
Total pot $2 | Rake $0
Seat 3: vitamin168 (button) (small blind) folded before Flop
Seat 4: LolDnkaments (big blind) collected ($2)


PokerStars Hand #160643124208:  Hold'em Limit ($3/$6 USD) - 2016/10/30 10:26:45 ET
Table 'Tsai II' 6-max Seat #3 is the button
Seat 3: vitamin168 ($48.43 in chips)
Seat 4: LolDnkaments ($118.67 in chips)
vitamin168: posts small blind $1
LolDnkaments: posts big blind $3
*** HOLE CARDS ***
vitamin168: folds
Uncalled bet ($2) returned to LolDnkaments
LolDnkaments collected $2 from pot
LolDnkaments: doesn't show hand
*** SUMMARY ***
Total pot $2 | Rake $0
Seat 3: vitamin168 (button) (small blind) folded before Flop
Seat 4: LolDnkaments (big blind) collected ($2)


PokerStars Hand #160643112299:  Hold'em Limit ($3/$6 USD) - 2016/10/30 10:26:28 ET
Table 'Tsai II' 6-max Seat #4 is the button
Seat 3: vitamin168 ($39.79 in chips)
Seat 4: LolDnkaments ($127.67 in chips)
LolDnkaments: posts small blind $1
vitamin168: posts big blind $3
*** HOLE CARDS ***
LolDnkaments: raises $3 to $6
vitamin168: calls $3
*** FLOP *** [6d Kc Ad]
vitamin168: checks
LolDnkaments: bets $3
vitamin168: calls $3
*** TURN *** [6d Kc Ad] [Ac]
vitamin168: checks
LolDnkaments: checks
*** RIVER *** [6d Kc Ad Ac] [As]
vitamin168: bets $6
LolDnkaments: folds
Uncalled bet ($6) returned to vitamin168
vitamin168 collected $17.64 from pot
vitamin168: doesn't show hand
*** SUMMARY ***
Total pot $18 | Rake $0.36
Board [6d Kc Ad Ac As]
Seat 3: vitamin168 (big blind) collected ($17.64)
Seat 4: LolDnkaments (button) (small blind) folded on the River


PokerStars Hand #160643127695:  Hold'em Limit ($3/$6 USD) - 2016/10/30 10:26:50 ET
Table 'Tsai II' 6-max Seat #4 is the button
Seat 3: vitamin168 ($47.43 in chips)
Seat 4: LolDnkaments ($119.67 in chips)
LolDnkaments: posts small blind $1
vitamin168: posts big blind $3
*** HOLE CARDS ***
LolDnkaments: raises $3 to $6
vitamin168: calls $3
*** FLOP *** [5s 4d Jc]
vitamin168: checks
LolDnkaments: bets $3
vitamin168: calls $3
*** TURN *** [5s 4d Jc] [Ts]
vitamin168: checks
LolDnkaments: checks
*** RIVER *** [5s 4d Jc Ts] [2c]
vitamin168: bets $6
LolDnkaments: calls $6
*** SHOW DOWN ***
vitamin168: shows [7d 8c] (high card Jack)
LolDnkaments: shows [9h As] (high card Ace)
LolDnkaments collected $29.50 from pot
*** SUMMARY ***
Total pot $30 | Rake $0.50
Board [5s 4d Jc Ts 2c]
Seat 3: vitamin168 (big blind) showed [7d 8c] and lost with high card Jack
Seat 4: LolDnkaments (button) (small blind) showed [9h As] and won ($29.50) with high card Ace


PokerStars Hand #160643138649:  Hold'em Limit ($3/$6 USD) - 2016/10/30 10:27:06 ET
Table 'Tsai II' 6-max Seat #3 is the button
Seat 3: vitamin168 ($32.43 in chips)
Seat 4: LolDnkaments ($134.17 in chips)
vitamin168: posts small blind $1
LolDnkaments: posts big blind $3
*** HOLE CARDS ***
vitamin168: raises $3 to $6
LolDnkaments: raises $3 to $9
vitamin168: calls $3
*** FLOP *** [2c Jd 2d]
LolDnkaments: bets $3
vitamin168: calls $3
*** TURN *** [2c Jd 2d] [Qd]
LolDnkaments: bets $6
vitamin168: raises $6 to $12
LolDnkaments: calls $6
*** RIVER *** [2c Jd 2d Qd] [Td]
LolDnkaments: bets $6
vitamin168: calls $6
*** SHOW DOWN ***
LolDnkaments: shows [Kh 9d] (a flush, Queen high)
vitamin168: mucks hand
LolDnkaments collected $59.50 from pot
*** SUMMARY ***
Total pot $60 | Rake $0.50
Board [2c Jd 2d Qd Td]
Seat 3: vitamin168 (button) (small blind) mucked
Seat 4: LolDnkaments (big blind) showed [Kh 9d] and won ($59.50) with a flush, Queen high


PokerStars Hand #160643158382:  Hold'em Limit ($3/$6 USD) - 2016/10/30 10:27:34 ET
Table 'Tsai II' 6-max Seat #2 is the button
Seat 2: Jesse0206 ($99.93 in chips)
Seat 4: LolDnkaments ($166.67 in chips)
Jesse0206: posts small blind $1
LolDnkaments: posts big blind $3
*** HOLE CARDS ***
Jesse0206: folds
Uncalled bet ($2) returned to LolDnkaments
LolDnkaments collected $2 from pot
LolDnkaments: doesn't show hand
*** SUMMARY ***
Total pot $2 | Rake $0
Seat 2: Jesse0206 (button) (small blind) folded before Flop
Seat 4: LolDnkaments (big blind) collected ($2)


PokerStars Hand #160643153731:  Hold'em Limit ($3/$6 USD) - 2016/10/30 10:27:27 ET
Table 'Tsai II' 6-max Seat #4 is the button
Seat 2: Jesse0206 ($102.93 in chips)
Seat 4: LolDnkaments ($163.67 in chips)
LolDnkaments: posts small blind $1
Jesse0206: posts big blind $3
*** HOLE CARDS ***
LolDnkaments: raises $3 to $6
Jesse0206: folds
Uncalled bet ($3) returned to LolDnkaments
LolDnkaments collected $6 from pot
LolDnkaments: doesn't show hand
*** SUMMARY ***
Total pot $6 | Rake $0
Seat 2: Jesse0206 (big blind) folded before Flop
Seat 4: LolDnkaments (button) (small blind) collected ($6)


PokerStars Hand #160643162390:  Hold'em Limit ($3/$6 USD) - 2016/10/30 10:27:39 ET
Table 'Tsai II' 6-max Seat #4 is the button
Seat 2: Jesse0206 ($98.93 in chips)
Seat 4: LolDnkaments ($167.67 in chips)
LolDnkaments: posts small blind $1
Jesse0206: posts big blind $3
*** HOLE CARDS ***
LolDnkaments: raises $3 to $6
Jesse0206: folds
Uncalled bet ($3) returned to LolDnkaments
LolDnkaments collected $6 from pot
LolDnkaments: doesn't show hand
*** SUMMARY ***
Total pot $6 | Rake $0
Seat 2: Jesse0206 (big blind) folded before Flop
Seat 4: LolDnkaments (button) (small blind) collected ($6)


PokerStars Hand #160643167589:  Hold'em Limit ($3/$6 USD) - 2016/10/30 10:27:47 ET
Table 'Tsai II' 6-max Seat #2 is the button
Seat 2: Jesse0206 ($95.93 in chips)
Seat 4: LolDnkaments ($170.67 in chips)
Jesse0206: posts small blind $1
LolDnkaments: posts big blind $3
*** HOLE CARDS ***
Jesse0206: raises $3 to $6
LolDnkaments: calls $3
*** FLOP *** [8s Jd 8h]
LolDnkaments: checks
Jesse0206: checks
*** TURN *** [8s Jd 8h] [Qd]
LolDnkaments: checks
Jesse0206: checks
*** RIVER *** [8s Jd 8h Qd] [Qs]
LolDnkaments: bets $6
Jesse0206: calls $6
*** SHOW DOWN ***
LolDnkaments: shows [Js 5h] (two pair, Queens and Jacks)
Jesse0206: mucks hand
LolDnkaments collected $23.52 from pot
*** SUMMARY ***
Total pot $24 | Rake $0.48
Board [8s Jd 8h Qd Qs]
Seat 2: Jesse0206 (button) (small blind) mucked
Seat 4: LolDnkaments (big blind) showed [Js 5h] and won ($23.52) with two pair, Queens and Jacks


PokerStars Hand #160643190581:  Hold'em Limit ($3/$6 USD) - 2016/10/30 10:28:19 ET
Table 'Tsai II' 6-max Seat #4 is the button
Seat 2: Jesse0206 ($83.93 in chips)
Seat 4: LolDnkaments ($182.19 in chips)
LolDnkaments: posts small blind $1
Jesse0206: posts big blind $3
*** HOLE CARDS ***
LolDnkaments: folds
Uncalled bet ($2) returned to Jesse0206
Jesse0206 collected $2 from pot
Jesse0206: doesn't show hand
*** SUMMARY ***
Total pot $2 | Rake $0
Seat 2: Jesse0206 (big blind) collected ($2)
Seat 4: LolDnkaments (button) (small blind) folded before Flop


PokerStars Hand #160643194302:  Hold'em Limit ($3/$6 USD) - 2016/10/30 10:28:24 ET
Table 'Tsai II' 6-max Seat #2 is the button
Seat 2: Jesse0206 ($84.93 in chips)
Seat 4: LolDnkaments ($181.19 in chips)
Jesse0206: posts small blind $1
LolDnkaments: posts big blind $3
*** HOLE CARDS ***
Jesse0206: raises $3 to $6
LolDnkaments: calls $3
*** FLOP *** [Ac 2c Jc]
LolDnkaments: checks
Jesse0206: bets $3
LolDnkaments: calls $3
*** TURN *** [Ac 2c Jc] [4s]
LolDnkaments: checks
Jesse0206: checks
*** RIVER *** [Ac 2c Jc 4s] [6d]
LolDnkaments: bets $6
Jesse0206: folds
Uncalled bet ($6) returned to LolDnkaments
LolDnkaments collected $17.64 from pot
LolDnkaments: doesn't show hand
*** SUMMARY ***
Total pot $18 | Rake $0.36
Board [Ac 2c Jc 4s 6d]
Seat 2: Jesse0206 (button) (small blind) folded on the River
Seat 4: LolDnkaments (big blind) collected ($17.64)


PokerStars Hand #160643207087:  Hold'em Limit ($3/$6 USD) - 2016/10/30 10:28:42 ET
Table 'Tsai II' 6-max Seat #4 is the button
Seat 2: Jesse0206 ($75.93 in chips)
Seat 4: LolDnkaments ($189.83 in chips)
LolDnkaments: posts small blind $1
Jesse0206: posts big blind $3
*** HOLE CARDS ***
LolDnkaments: raises $3 to $6
Jesse0206: folds
Uncalled bet ($3) returned to LolDnkaments
LolDnkaments collected $6 from pot
LolDnkaments: doesn't show hand
*** SUMMARY ***
Total pot $6 | Rake $0
Seat 2: Jesse0206 (big blind) folded before Flop
Seat 4: LolDnkaments (button) (small blind) collected ($6)


PokerStars Hand #160643212565:  Hold'em Limit ($3/$6 USD) - 2016/10/30 10:28:50 ET
Table 'Tsai II' 6-max Seat #2 is the button
Seat 2: Jesse0206 ($72.93 in chips)
Seat 4: LolDnkaments ($192.83 in chips)
Jesse0206: posts small blind $1
LolDnkaments: posts big blind $3
*** HOLE CARDS ***
Jesse0206: folds
Uncalled bet ($2) returned to LolDnkaments
LolDnkaments collected $2 from pot
LolDnkaments: doesn't show hand
*** SUMMARY ***
Total pot $2 | Rake $0
Seat 2: Jesse0206 (button) (small blind) folded before Flop
Seat 4: LolDnkaments (big blind) collected ($2)


PokerStars Hand #160643216655:  Hold'em Limit ($3/$6 USD) - 2016/10/30 10:28:56 ET
Table 'Tsai II' 6-max Seat #4 is the button
Seat 2: Jesse0206 ($71.93 in chips)
Seat 4: LolDnkaments ($193.83 in chips)
LolDnkaments: posts small blind $1
Jesse0206: posts big blind $3
*** HOLE CARDS ***
LolDnkaments: raises $3 to $6
Jesse0206: folds
Uncalled bet ($3) returned to LolDnkaments
LolDnkaments collected $6 from pot
LolDnkaments: doesn't show hand
*** SUMMARY ***
Total pot $6 | Rake $0
Seat 2: Jesse0206 (big blind) folded before Flop
Seat 4: LolDnkaments (button) (small blind) collected ($6)


PokerStars Hand #160643223739:  Hold'em Limit ($3/$6 USD) - 2016/10/30 10:29:06 ET
Table 'Tsai II' 6-max Seat #2 is the button
Seat 2: Jesse0206 ($68.93 in chips)
Seat 4: LolDnkaments ($196.83 in chips)
Jesse0206: posts small blind $1
LolDnkaments: posts big blind $3
*** HOLE CARDS ***
Jesse0206: raises $3 to $6
LolDnkaments: calls $3
*** FLOP *** [Kh 9c 7c]
LolDnkaments: checks
Jesse0206: bets $3
LolDnkaments: raises $3 to $6
Jesse0206: calls $3
*** TURN *** [Kh 9c 7c] [2s]
LolDnkaments: bets $6
Jesse0206: calls $6
*** RIVER *** [Kh 9c 7c 2s] [Ah]
LolDnkaments: bets $6
Jesse0206: folds
Uncalled bet ($6) returned to LolDnkaments
LolDnkaments collected $35.50 from pot
LolDnkaments: doesn't show hand
*** SUMMARY ***
Total pot $36 | Rake $0.50
Board [Kh 9c 7c 2s Ah]
Seat 2: Jesse0206 (button) (small blind) folded on the River
Seat 4: LolDnkaments (big blind) collected ($35.50)


PokerStars Hand #160643252773:  Hold'em Limit ($3/$6 USD) - 2016/10/30 10:29:47 ET
Table 'Tsai II' 6-max Seat #4 is the button
Seat 2: Jesse0206 ($50.93 in chips)
Seat 4: LolDnkaments ($214.33 in chips)
LolDnkaments: posts small blind $1
Jesse0206: posts big blind $3
*** HOLE CARDS ***
LolDnkaments: raises $3 to $6
vitamin168 leaves the table
Jesse0206: folds
Uncalled bet ($3) returned to LolDnkaments
LolDnkaments collected $6 from pot
LolDnkaments: doesn't show hand
*** SUMMARY ***
Total pot $6 | Rake $0
Seat 2: Jesse0206 (big blind) folded before Flop
Seat 4: LolDnkaments (button) (small blind) collected ($6)


PokerStars Hand #160643259591:  Hold'em Limit ($3/$6 USD) - 2016/10/30 10:29:57 ET
Table 'Tsai II' 6-max Seat #2 is the button
Seat 2: Jesse0206 ($47.93 in chips)
Seat 4: LolDnkaments ($217.33 in chips)
Jesse0206: posts small blind $1
LolDnkaments: posts big blind $3
*** HOLE CARDS ***
Jesse0206: raises $3 to $6
LolDnkaments: calls $3
*** FLOP *** [5d 7d Kh]
LolDnkaments: checks
Jesse0206: bets $3
LolDnkaments: calls $3
*** TURN *** [5d 7d Kh] [6h]
LolDnkaments: checks
Jesse0206: bets $6
LolDnkaments: calls $6
*** RIVER *** [5d 7d Kh 6h] [Ad]
LolDnkaments: bets $6
Jesse0206: raises $6 to $12
LolDnkaments: calls $6
*** SHOW DOWN ***
Jesse0206: shows [5h 5c] (three of a kind, Fives)
LolDnkaments: mucks hand
Jesse0206 collected $53.50 from pot
*** SUMMARY ***
Total pot $54 | Rake $0.50
Board [5d 7d Kh 6h Ad]
Seat 2: Jesse0206 (button) (small blind) showed [5h 5c] and won ($53.50) with three of a kind, Fives
Seat 4: LolDnkaments (big blind) mucked


PokerStars Hand #160643275724:  Hold'em Limit ($3/$6 USD) - 2016/10/30 10:30:20 ET
Table 'Tsai II' 6-max Seat #4 is the button
Seat 2: Jesse0206 ($74.43 in chips)
Seat 4: LolDnkaments ($190.33 in chips)
LolDnkaments: posts small blind $1
Jesse0206: posts big blind $3
*** HOLE CARDS ***
LolDnkaments: raises $3 to $6
Jesse0206: raises $3 to $9
LolDnkaments: calls $3
*** FLOP *** [6s 5d 8c]
Jesse0206: bets $3
LolDnkaments: calls $3
*** TURN *** [6s 5d 8c] [9d]
Jesse0206: bets $6
LolDnkaments: calls $6
*** RIVER *** [6s 5d 8c 9d] [Td]
Jesse0206: bets $6
LolDnkaments: folds
Uncalled bet ($6) returned to Jesse0206
Jesse0206 collected $35.50 from pot
Jesse0206: doesn't show hand
*** SUMMARY ***
Total pot $36 | Rake $0.50
Board [6s 5d 8c 9d Td]
Seat 2: Jesse0206 (big blind) collected ($35.50)
Seat 4: LolDnkaments (button) (small blind) folded on the River


PokerStars Hand #160643292675:  Hold'em Limit ($3/$6 USD) - 2016/10/30 10:30:44 ET
Table 'Tsai II' 6-max Seat #2 is the button
Seat 2: Jesse0206 ($91.93 in chips)
Seat 4: LolDnkaments ($172.33 in chips)
Jesse0206: posts small blind $1
LolDnkaments: posts big blind $3
*** HOLE CARDS ***
Jesse0206: raises $3 to $6
LolDnkaments: calls $3
*** FLOP *** [Jh 4d Kd]
LolDnkaments: checks
Jesse0206: bets $3
LolDnkaments: calls $3
*** TURN *** [Jh 4d Kd] [2d]
LolDnkaments: checks
Jesse0206: bets $6
LolDnkaments: calls $6
*** RIVER *** [Jh 4d Kd 2d] [2h]
LolDnkaments: checks
Jesse0206: bets $6
LolDnkaments: calls $6
*** SHOW DOWN ***
Jesse0206: shows [4s 2s] (a full house, Deuces full of Fours)
LolDnkaments: mucks hand
Jesse0206 collected $41.50 from pot
*** SUMMARY ***
Total pot $42 | Rake $0.50
Board [Jh 4d Kd 2d 2h]
Seat 2: Jesse0206 (button) (small blind) showed [4s 2s] and won ($41.50) with a full house, Deuces full of Fours
Seat 4: LolDnkaments (big blind) mucked


PokerStars Hand #160643305394:  Hold'em Limit ($3/$6 USD) - 2016/10/30 10:31:02 ET
Table 'Tsai II' 6-max Seat #4 is the button
Seat 2: Jesse0206 ($112.43 in chips)
Seat 4: LolDnkaments ($151.33 in chips)
LolDnkaments: posts small blind $1
Jesse0206: posts big blind $3
*** HOLE CARDS ***
LolDnkaments: raises $3 to $6
Jesse0206: raises $3 to $9
LolDnkaments: raises $3 to $12
Betting is capped
Jesse0206: calls $3
*** FLOP *** [2c Qs Js]
Jesse0206: bets $3
LolDnkaments: raises $3 to $6
Jesse0206: raises $3 to $9
LolDnkaments: calls $3
*** TURN *** [2c Qs Js] [2h]
Great_Kang joins the table at seat #3
Jesse0206: bets $6
LolDnkaments: calls $6
*** RIVER *** [2c Qs Js 2h] [4h]
Jesse0206: bets $6
LolDnkaments: calls $6
*** SHOW DOWN ***
Jesse0206: shows [Ks Kd] (two pair, Kings and Deuces)
LolDnkaments: mucks hand
Jesse0206 collected $65.50 from pot
*** SUMMARY ***
Total pot $66 | Rake $0.50
Board [2c Qs Js 2h 4h]
Seat 2: Jesse0206 (big blind) showed [Ks Kd] and won ($65.50) with two pair, Kings and Deuces
Seat 4: LolDnkaments (button) (small blind) mucked


PokerStars Hand #160647400474:  Hold'em Limit ($3/$6 USD) - 2016/10/30 12:03:01 ET
Table 'Tsai II' 6-max Seat #4 is the button
Seat 3: Great_Kang ($257.48 in chips)
Seat 4: LolDnkaments ($219.37 in chips)
LolDnkaments: posts small blind $1
Great_Kang: posts big blind $3
*** HOLE CARDS ***
LolDnkaments: folds
Uncalled bet ($2) returned to Great_Kang
Great_Kang collected $2 from pot
Great_Kang: doesn't show hand
Demana leaves the table
*** SUMMARY ***
Total pot $2 | Rake $0
Seat 3: Great_Kang (big blind) collected ($2)
Seat 4: LolDnkaments (button) (small blind) folded before Flop


