PokerStars Hand #171774371595:  Hold'em Limit ($3/$6 USD) - 2017/06/14 15:03:25 ET
Table 'Tselina' 6-max Seat #3 is the button
Seat 3: igorkabmw ($30 in chips)
Seat 4: TbIP-TbIP 88 ($72 in chips)
vestimokrec joins the table at seat #5
igorkabmw: posts small blind $1
TbIP-TbIP 88: posts big blind $3
*** HOLE CARDS ***
belik555 joins the table at seat #6
igorkabmw: calls $2
TbIP-TbIP 88: checks
*** FLOP *** [3d Tc 5s]
TbIP-TbIP 88: checks
igorkabmw: checks
*** TURN *** [3d Tc 5s] [6h]
TbIP-TbIP 88: checks
igorkabmw: checks
*** RIVER *** [3d Tc 5s 6h] [3s]
TbIP-TbIP 88: checks
igorkabmw: bets $6
TbIP-TbIP 88: folds
Uncalled bet ($6) returned to igorkabmw
igorkabmw collected $5.88 from pot
*** SUMMARY ***
Total pot $6 | Rake $0.12
Board [3d Tc 5s 6h 3s]
Seat 3: igorkabmw (button) (small blind) collected ($5.88)
Seat 4: TbIP-TbIP 88 (big blind) folded on the River


PokerStars Hand #171775229587:  Hold'em Limit ($3/$6 USD) - 2017/06/14 15:21:08 ET
Table 'Tselina' 6-max Seat #3 is the button
Seat 2: RaisemyNut$ ($119.51 in chips)
Seat 3: scorpio04 ($168.07 in chips)
scorpio04: posts small blind $1
RaisemyNut$: posts big blind $3
*** HOLE CARDS ***
scorpio04: raises $3 to $6
RaisemyNut$: calls $3
*** FLOP *** [2d 9d 5h]
RaisemyNut$: checks
scorpio04: bets $3
RaisemyNut$: folds
Uncalled bet ($3) returned to scorpio04
scorpio04 collected $11.76 from pot
scorpio04: doesn't show hand
*** SUMMARY ***
Total pot $12 | Rake $0.24
Board [2d 9d 5h]
Seat 2: RaisemyNut$ (big blind) folded on the Flop
Seat 3: scorpio04 (button) (small blind) collected ($11.76)


