PokerStars Hand #170255720520:  Hold'em Limit ($3/$6 USD) - 2017/05/11 4:00:15 ET
Table 'Tselina' 6-max Seat #3 is the button
Seat 3: igorkabmw ($40 in chips)
Seat 4: MTails ($120 in chips)
igorkabmw: posts small blind $1
MTails: posts big blind $3
*** HOLE CARDS ***
igorkabmw: calls $2
MTails: raises $3 to $6
igorkabmw: calls $3
*** FLOP *** [8c 2h Jc]
MTails: bets $3
igorkabmw: calls $3
*** TURN *** [8c 2h Jc] [4s]
MTails: bets $6
igorkabmw: calls $6
*** RIVER *** [8c 2h Jc 4s] [Kh]
MTails: bets $6
igorkabmw: calls $6
*** SHOW DOWN ***
MTails: shows [7d Kd] (a pair of Kings)
igorkabmw: mucks hand
MTails collected $41.50 from pot
*** SUMMARY ***
Total pot $42 | Rake $0.50
Board [8c 2h Jc 4s Kh]
Seat 3: igorkabmw (button) (small blind) mucked
Seat 4: MTails (big blind) showed [7d Kd] and won ($41.50) with a pair of Kings


PokerStars Hand #170255744299:  Hold'em Limit ($3/$6 USD) - 2017/05/11 4:01:35 ET
Table 'Tselina' 6-max Seat #3 is the button
Seat 3: igorkabmw ($11.50 in chips)
Seat 4: MTails ($147 in chips)
igorkabmw: posts small blind $1
MTails: posts big blind $3
*** HOLE CARDS ***
igorkabmw: folds
Uncalled bet ($2) returned to MTails
MTails collected $2 from pot
*** SUMMARY ***
Total pot $2 | Rake $0
Seat 3: igorkabmw (button) (small blind) folded before Flop
Seat 4: MTails (big blind) collected ($2)


PokerStars Hand #170255736545:  Hold'em Limit ($3/$6 USD) - 2017/05/11 4:01:09 ET
Table 'Tselina' 6-max Seat #3 is the button
Seat 3: igorkabmw ($33.50 in chips)
Seat 4: MTails ($125.50 in chips)
igorkabmw: posts small blind $1
MTails: posts big blind $3
*** HOLE CARDS ***
igorkabmw: folds
Uncalled bet ($2) returned to MTails
MTails collected $2 from pot
*** SUMMARY ***
Total pot $2 | Rake $0
Seat 3: igorkabmw (button) (small blind) folded before Flop
Seat 4: MTails (big blind) collected ($2)


PokerStars Hand #170255734778:  Hold'em Limit ($3/$6 USD) - 2017/05/11 4:01:03 ET
Table 'Tselina' 6-max Seat #4 is the button
Seat 3: igorkabmw ($36.50 in chips)
Seat 4: MTails ($122.50 in chips)
MTails: posts small blind $1
igorkabmw: posts big blind $3
*** HOLE CARDS ***
MTails: raises $3 to $6
igorkabmw: folds
Uncalled bet ($3) returned to MTails
MTails collected $6 from pot
*** SUMMARY ***
Total pot $6 | Rake $0
Seat 3: igorkabmw (big blind) folded before Flop
Seat 4: MTails (button) (small blind) collected ($6)


PokerStars Hand #170255733401:  Hold'em Limit ($3/$6 USD) - 2017/05/11 4:00:59 ET
Table 'Tselina' 6-max Seat #3 is the button
Seat 3: igorkabmw ($37.50 in chips)
Seat 4: MTails ($121.50 in chips)
igorkabmw: posts small blind $1
MTails: posts big blind $3
*** HOLE CARDS ***
igorkabmw: folds
Uncalled bet ($2) returned to MTails
MTails collected $2 from pot
*** SUMMARY ***
Total pot $2 | Rake $0
Seat 3: igorkabmw (button) (small blind) folded before Flop
Seat 4: MTails (big blind) collected ($2)


PokerStars Hand #170255727592:  Hold'em Limit ($3/$6 USD) - 2017/05/11 4:00:39 ET
Table 'Tselina' 6-max Seat #4 is the button
Seat 3: igorkabmw ($19 in chips)
Seat 4: MTails ($140.50 in chips)
MTails: posts small blind $1
igorkabmw: posts big blind $3
*** HOLE CARDS ***
MTails: raises $3 to $6
igorkabmw: calls $3
*** FLOP *** [6c 4h 9d]
igorkabmw: checks
MTails: bets $3
igorkabmw: calls $3
*** TURN *** [6c 4h 9d] [Tc]
igorkabmw: checks
MTails: bets $6
igorkabmw: raises $4 to $10 and is all-in
MTails: calls $4
*** RIVER *** [6c 4h 9d Tc] [Qc]
*** SHOW DOWN ***
igorkabmw: shows [9c Qd] (two pair, Queens and Nines)
MTails: shows [7c 5s] (high card Queen)
igorkabmw collected $37.50 from pot
*** SUMMARY ***
Total pot $38 | Rake $0.50
Board [6c 4h 9d Tc Qc]
Seat 3: igorkabmw (big blind) showed [9c Qd] and won ($37.50) with two pair, Queens and Nines
Seat 4: MTails (button) (small blind) showed [7c 5s] and lost with high card Queen


PokerStars Hand #170255745621:  Hold'em Limit ($3/$6 USD) - 2017/05/11 4:01:40 ET
Table 'Tselina' 6-max Seat #4 is the button
Seat 3: igorkabmw ($10.50 in chips)
Seat 4: MTails ($148 in chips)
MTails: posts small blind $1
igorkabmw: posts big blind $3
*** HOLE CARDS ***
MTails: raises $3 to $6
igorkabmw: raises $3 to $9
MTails: raises $3 to $12
Betting is capped
igorkabmw: calls $1.50 and is all-in
Uncalled bet ($1.50) returned to MTails
*** FLOP *** [Jc 9s 2s]
*** TURN *** [Jc 9s 2s] [2d]
*** RIVER *** [Jc 9s 2s 2d] [Qd]
*** SHOW DOWN ***
igorkabmw: shows [9d 6c] (two pair, Nines and Deuces)
MTails: shows [7c 6s] (a pair of Deuces)
igorkabmw collected $20.58 from pot
*** SUMMARY ***
Total pot $21 | Rake $0.42
Board [Jc 9s 2s 2d Qd]
Seat 3: igorkabmw (big blind) showed [9d 6c] and won ($20.58) with two pair, Nines and Deuces
Seat 4: MTails (button) (small blind) showed [7c 6s] and lost with a pair of Deuces


PokerStars Hand #170255737979:  Hold'em Limit ($3/$6 USD) - 2017/05/11 4:01:14 ET
Table 'Tselina' 6-max Seat #4 is the button
Seat 3: igorkabmw ($32.50 in chips)
Seat 4: MTails ($126.50 in chips)
MTails: posts small blind $1
igorkabmw: posts big blind $3
*** HOLE CARDS ***
MTails: raises $3 to $6
igorkabmw: calls $3
*** FLOP *** [3h 8s 2s]
igorkabmw: bets $3
MTails: calls $3
*** TURN *** [3h 8s 2s] [Kh]
igorkabmw: bets $6
MTails: calls $6
*** RIVER *** [3h 8s 2s Kh] [9c]
igorkabmw: bets $6
MTails: raises $6 to $12
igorkabmw: folds
Uncalled bet ($6) returned to MTails
MTails collected $41.50 from pot
*** SUMMARY ***
Total pot $42 | Rake $0.50
Board [3h 8s 2s Kh 9c]
Seat 3: igorkabmw (big blind) folded on the River
Seat 4: MTails (button) (small blind) collected ($41.50)


PokerStars Hand #170255751494:  Hold'em Limit ($3/$6 USD) - 2017/05/11 4:01:59 ET
Table 'Tselina' 6-max Seat #4 is the button
Seat 3: igorkabmw ($19.58 in chips)
Seat 4: MTails ($138.50 in chips)
MTails: posts small blind $1
igorkabmw: posts big blind $3
*** HOLE CARDS ***
MTails: raises $3 to $6
igorkabmw: calls $3
*** FLOP *** [5c 8s Ah]
igorkabmw: checks
MTails: bets $3
igorkabmw: calls $3
*** TURN *** [5c 8s Ah] [5h]
igorkabmw: checks
MTails: checks
*** RIVER *** [5c 8s Ah 5h] [3h]
igorkabmw: checks
MTails: bets $6
igorkabmw: raises $4.58 to $10.58 and is all-in
MTails: calls $4.58
*** SHOW DOWN ***
igorkabmw: shows [Th Qc] (a pair of Fives)
MTails: shows [5d Ts] (three of a kind, Fives)
MTails collected $38.66 from pot
*** SUMMARY ***
Total pot $39.16 | Rake $0.50
Board [5c 8s Ah 5h 3h]
Seat 3: igorkabmw (big blind) showed [Th Qc] and lost with a pair of Fives
Seat 4: MTails (button) (small blind) showed [5d Ts] and won ($38.66) with three of a kind, Fives


PokerStars Hand #170255750107:  Hold'em Limit ($3/$6 USD) - 2017/05/11 4:01:55 ET
Table 'Tselina' 6-max Seat #3 is the button
Seat 3: igorkabmw ($20.58 in chips)
Seat 4: MTails ($137.50 in chips)
igorkabmw: posts small blind $1
MTails: posts big blind $3
*** HOLE CARDS ***
igorkabmw: folds
Uncalled bet ($2) returned to MTails
MTails collected $2 from pot
*** SUMMARY ***
Total pot $2 | Rake $0
Seat 3: igorkabmw (button) (small blind) folded before Flop
Seat 4: MTails (big blind) collected ($2)


