PokerStars Hand #175662528695:  Hold'em Limit ($3/$6 USD) - 2017/09/15 2:45:56 ET
Table 'Tselina' 6-max Seat #4 is the button
Seat 2: partyalex92 ($123 in chips)
Seat 4: Agrotait ($63 in chips)
Agrotait: posts small blind $1
partyalex92: posts big blind $3
*** HOLE CARDS ***
Agrotait: raises $3 to $6
partyalex92: calls $3
*** FLOP *** [Js 3c 7c]
partyalex92: checks
Agrotait: bets $3
partyalex92: calls $3
*** TURN *** [Js 3c 7c] [2s]
partyalex92: checks
Agrotait: bets $6
partyalex92: folds
Uncalled bet ($6) returned to Agrotait
Agrotait collected $17.64 from pot
Agrotait: doesn't show hand
*** SUMMARY ***
Total pot $18 | Rake $0.36
Board [Js 3c 7c 2s]
Seat 2: partyalex92 (big blind) folded on the Turn
Seat 4: Agrotait (button) (small blind) collected ($17.64)


PokerStars Hand #175662544706:  Hold'em Limit ($3/$6 USD) - 2017/09/15 2:47:02 ET
Table 'Tselina' 6-max Seat #4 is the button
Seat 2: partyalex92 ($125.52 in chips)
Seat 4: Agrotait ($59.64 in chips)
Agrotait: posts small blind $1
partyalex92: posts big blind $3
*** HOLE CARDS ***
Agrotait: raises $3 to $6
partyalex92: calls $3
*** FLOP *** [3c Qc Ks]
partyalex92: bets $3
davyyyyyyy joins the table at seat #6
Agrotait: folds
Uncalled bet ($3) returned to partyalex92
partyalex92 collected $11.76 from pot
*** SUMMARY ***
Total pot $12 | Rake $0.24
Board [3c Qc Ks]
Seat 2: partyalex92 (big blind) collected ($11.76)
Seat 4: Agrotait (button) (small blind) folded on the Flop


PokerStars Hand #175662532721:  Hold'em Limit ($3/$6 USD) - 2017/09/15 2:46:13 ET
Table 'Tselina' 6-max Seat #2 is the button
Seat 2: partyalex92 ($114 in chips)
Seat 4: Agrotait ($71.64 in chips)
partyalex92: posts small blind $1
Agrotait: posts big blind $3
*** HOLE CARDS ***
partyalex92: calls $2
Agrotait: checks
*** FLOP *** [6c 9h Kh]
Agrotait: bets $3
partyalex92: calls $3
*** TURN *** [6c 9h Kh] [4d]
Agrotait: checks
partyalex92: bets $6
Agrotait: calls $6
*** RIVER *** [6c 9h Kh 4d] [Kc]
Agrotait: checks
partyalex92: checks
*** SHOW DOWN ***
Agrotait: shows [Jh 4s] (two pair, Kings and Fours)
partyalex92: shows [As Ad] (two pair, Aces and Kings)
partyalex92 collected $23.52 from pot
*** SUMMARY ***
Total pot $24 | Rake $0.48
Board [6c 9h Kh 4d Kc]
Seat 2: partyalex92 (button) (small blind) showed [As Ad] and won ($23.52) with two pair, Aces and Kings
Seat 4: Agrotait (big blind) showed [Jh 4s] and lost with two pair, Kings and Fours


PokerStars Hand #175662549437:  Hold'em Limit ($3/$6 USD) - 2017/09/15 2:47:21 ET
Table 'Tselina' 6-max Seat #2 is the button
Seat 2: partyalex92 ($131.28 in chips)
Seat 4: Agrotait ($53.64 in chips)
partyalex92: posts small blind $1
Agrotait: posts big blind $3
*** HOLE CARDS ***
partyalex92: calls $2
Agrotait: checks
*** FLOP *** [Th 4h 4s]
krytalex joins the table at seat #3
Agrotait: bets $3
partyalex92: folds
Uncalled bet ($3) returned to Agrotait
partyalex92 leaves the table
Agrotait collected $5.88 from pot
Agrotait: doesn't show hand
*** SUMMARY ***
Total pot $6 | Rake $0.12
Board [Th 4h 4s]
Seat 2: partyalex92 (button) (small blind) folded on the Flop
Seat 4: Agrotait (big blind) collected ($5.88)


