PokerStars Hand #165332509547:  Hold'em Limit ($3/$6 USD) - 2017/01/28 23:02:35 ET
Table 'Tselina' 6-max Seat #1 is the button
Seat 1: iphone6161 ($103 in chips)
Seat 4: AzureCaper ($88.50 in chips)
iphone6161: posts small blind $1
AzureCaper: posts big blind $3
*** HOLE CARDS ***
iphone6161: folds
Uncalled bet ($2) returned to AzureCaper
AzureCaper collected $2 from pot
AzureCaper: doesn't show hand
*** SUMMARY ***
Total pot $2 | Rake $0
Seat 1: iphone6161 (button) (small blind) folded before Flop
Seat 4: AzureCaper (big blind) collected ($2)


PokerStars Hand #165332507609:  Hold'em Limit ($3/$6 USD) - 2017/01/28 23:02:30 ET
Table 'Tselina' 6-max Seat #4 is the button
Seat 1: iphone6161 ($102 in chips)
Seat 4: AzureCaper ($89.50 in chips)
AzureCaper: posts small blind $1
iphone6161: posts big blind $3
*** HOLE CARDS ***
AzureCaper: folds
Uncalled bet ($2) returned to iphone6161
iphone6161 collected $2 from pot
iphone6161: doesn't show hand
*** SUMMARY ***
Total pot $2 | Rake $0
Seat 1: iphone6161 (big blind) collected ($2)
Seat 4: AzureCaper (button) (small blind) folded before Flop


PokerStars Hand #165332500977:  Hold'em Limit ($3/$6 USD) - 2017/01/28 23:02:11 ET
Table 'Tselina' 6-max Seat #1 is the button
Seat 1: iphone6161 ($120 in chips)
Seat 4: AzureCaper ($72 in chips)
iphone6161: posts small blind $1
AzureCaper: posts big blind $3
*** HOLE CARDS ***
iphone6161: raises $3 to $6
AzureCaper: calls $3
*** FLOP *** [Td 2c 9c]
AzureCaper: checks
iphone6161: checks
*** TURN *** [Td 2c 9c] [6h]
AzureCaper: bets $6
iphone6161: calls $6
*** RIVER *** [Td 2c 9c 6h] [5d]
AzureCaper: bets $6
iphone6161: calls $6
*** SHOW DOWN ***
AzureCaper: shows [9h Ac] (a pair of Nines)
iphone6161: mucks hand
AzureCaper collected $35.50 from pot
*** SUMMARY ***
Total pot $36 | Rake $0.50
Board [Td 2c 9c 6h 5d]
Seat 1: iphone6161 (button) (small blind) mucked
Seat 4: AzureCaper (big blind) showed [9h Ac] and won ($35.50) with a pair of Nines


PokerStars Hand #165335829070:  Hold'em Limit ($3/$6 USD) - 2017/01/29 2:05:49 ET
Table 'Tselina' 6-max Seat #1 is the button
Seat 1: AzureCaper ($102.92 in chips)
Seat 3: sim5sim5 ($122.74 in chips)
AzureCaper: posts small blind $1
sim5sim5: posts big blind $3
*** HOLE CARDS ***
AzureCaper: folds
Uncalled bet ($2) returned to sim5sim5
sim5sim5 collected $2 from pot
sim5sim5: doesn't show hand
*** SUMMARY ***
Total pot $2 | Rake $0
Seat 1: AzureCaper (button) (small blind) folded before Flop
Seat 3: sim5sim5 (big blind) collected ($2)


PokerStars Hand #165335849446:  Hold'em Limit ($3/$6 USD) - 2017/01/29 2:07:00 ET
Table 'Tselina' 6-max Seat #3 is the button
Seat 3: sim5sim5 ($151.97 in chips)
Seat 5: cornetc ($54 in chips)
AzureCaper will be allowed to play after the button
sim5sim5: posts small blind $1
cornetc: posts big blind $3
*** HOLE CARDS ***
sim5sim5: folds
Uncalled bet ($2) returned to cornetc
cornetc collected $2 from pot
cornetc: doesn't show hand
huracan mdp leaves the table
*** SUMMARY ***
Total pot $2 | Rake $0
Seat 3: sim5sim5 (button) (small blind) folded before Flop
Seat 5: cornetc (big blind) collected ($2)


PokerStars Hand #165335837337:  Hold'em Limit ($3/$6 USD) - 2017/01/29 2:06:18 ET
Table 'Tselina' 6-max Seat #6 is the button
Seat 3: sim5sim5 ($135.02 in chips)
Seat 6: huracan mdp ($18 in chips)
cornetc will be allowed to play after the button
huracan mdp: posts small blind $1
AzureCaper: is sitting out
sim5sim5: posts big blind $3
*** HOLE CARDS ***
huracan mdp: folds
Uncalled bet ($2) returned to sim5sim5
sim5sim5 collected $2 from pot
sim5sim5: doesn't show hand
*** SUMMARY ***
Total pot $2 | Rake $0
Seat 3: sim5sim5 (big blind) collected ($2)
Seat 6: huracan mdp (button) (small blind) folded before Flop


PokerStars Hand #165335899808:  Hold'em Limit ($3/$6 USD) - 2017/01/29 2:09:54 ET
Table 'Tselina' 6-max Seat #1 is the button
Seat 1: AzureCaper ($72 in chips)
Seat 5: cornetc ($54.38 in chips)
Rus29APX will be allowed to play after the button
AzureCaper: posts small blind $1
cornetc: posts big blind $3
*** HOLE CARDS ***
AzureCaper: folds
Uncalled bet ($2) returned to cornetc
cornetc collected $2 from pot
cornetc: doesn't show hand
Bonkman05 leaves the table
*** SUMMARY ***
Total pot $2 | Rake $0
Seat 1: AzureCaper (button) (small blind) folded before Flop
Seat 5: cornetc (big blind) collected ($2)


PokerStars Hand #165336973302:  Hold'em Limit ($3/$6 USD) - 2017/01/29 3:08:26 ET
Table 'Tselina' 6-max Seat #1 is the button
Seat 1: AzureCaper ($153.35 in chips)
Seat 6: Rus29APX ($353.79 in chips)
AzureCaper: posts small blind $1
jean-seb: is sitting out
Rus29APX: posts big blind $3
*** HOLE CARDS ***
AzureCaper: raises $3 to $6
jean-seb leaves the table
Rus29APX: calls $3
*** FLOP *** [4c Kh 8d]
Rus29APX: checks
AzureCaper: bets $3
Rus29APX: raises $3 to $6
AzureCaper: calls $3
*** TURN *** [4c Kh 8d] [4d]
Rus29APX: bets $6
AzureCaper: calls $6
*** RIVER *** [4c Kh 8d 4d] [3s]
Rus29APX: bets $6
AzureCaper: calls $6
*** SHOW DOWN ***
Rus29APX: shows [Kd Tc] (two pair, Kings and Fours)
AzureCaper: mucks hand
Rus29APX collected $47.50 from pot
*** SUMMARY ***
Total pot $48 | Rake $0.50
Board [4c Kh 8d 4d 3s]
Seat 1: AzureCaper (button) (small blind) mucked
Seat 6: Rus29APX (big blind) showed [Kd Tc] and won ($47.50) with two pair, Kings and Fours


