PokerStars Hand #175063651426:  Hold'em Limit ($3/$6 USD) - 2017/09/01 10:22:32 ET
Table 'Tselina II' 6-max Seat #5 is the button
Seat 3: Sir Supadonk ($114 in chips)
Seat 5: GoliafUa ($125.76 in chips)
GoliafUa: posts small blind $1
Sir Supadonk: posts big blind $3
*** HOLE CARDS ***
GoliafUa: raises $3 to $6
Sir Supadonk: calls $3
*** FLOP *** [7h 4c 4s]
Sir Supadonk: checks
GoliafUa: bets $3
Sir Supadonk: raises $3 to $6
GoliafUa: calls $3
*** TURN *** [7h 4c 4s] [As]
Sir Supadonk: bets $6
GoliafUa: raises $6 to $12
Sir Supadonk: folds
Uncalled bet ($6) returned to GoliafUa
GoliafUa collected $35.50 from pot
*** SUMMARY ***
Total pot $36 | Rake $0.50
Board [7h 4c 4s As]
Seat 3: Sir Supadonk (big blind) folded on the Turn
Seat 5: GoliafUa (button) (small blind) collected ($35.50)


PokerStars Hand #175063658676:  Hold'em Limit ($3/$6 USD) - 2017/09/01 10:22:45 ET
Table 'Tselina II' 6-max Seat #3 is the button
Seat 3: Sir Supadonk ($96 in chips)
Seat 5: GoliafUa ($143.26 in chips)
Sir Supadonk: posts small blind $1
GoliafUa: posts big blind $3
*** HOLE CARDS ***
Sir Supadonk: folds
Uncalled bet ($2) returned to GoliafUa
GoliafUa collected $2 from pot
*** SUMMARY ***
Total pot $2 | Rake $0
Seat 3: Sir Supadonk (button) (small blind) folded before Flop
Seat 5: GoliafUa (big blind) collected ($2)


PokerStars Hand #175063661265:  Hold'em Limit ($3/$6 USD) - 2017/09/01 10:22:50 ET
Table 'Tselina II' 6-max Seat #5 is the button
Seat 3: Sir Supadonk ($95 in chips)
Seat 5: GoliafUa ($144.26 in chips)
GoliafUa: posts small blind $1
Sir Supadonk: posts big blind $3
*** HOLE CARDS ***
GoliafUa: raises $3 to $6
Sir Supadonk: calls $3
*** FLOP *** [Kc Th 7c]
Sir Supadonk: checks
GoliafUa: bets $3
Sir Supadonk: folds
Uncalled bet ($3) returned to GoliafUa
GoliafUa collected $11.76 from pot
*** SUMMARY ***
Total pot $12 | Rake $0.24
Board [Kc Th 7c]
Seat 3: Sir Supadonk (big blind) folded on the Flop
Seat 5: GoliafUa (button) (small blind) collected ($11.76)


PokerStars Hand #175063644844:  Hold'em Limit ($3/$6 USD) - 2017/09/01 10:22:20 ET
Table 'Tselina II' 6-max Seat #5 is the button
Seat 3: Sir Supadonk ($114 in chips)
Seat 5: GoliafUa ($125.76 in chips)
GoliafUa: posts small blind $1
Sir Supadonk: posts big blind $3
*** HOLE CARDS ***
GoliafUa: raises $3 to $6
Sir Supadonk: folds
Uncalled bet ($3) returned to GoliafUa
GoliafUa collected $6 from pot
*** SUMMARY ***
Total pot $6 | Rake $0
Seat 3: Sir Supadonk (big blind) folded before Flop
Seat 5: GoliafUa (button) (small blind) collected ($6)


PokerStars Hand #175063634216:  Hold'em Limit ($3/$6 USD) - 2017/09/01 10:22:00 ET
Table 'Tselina II' 6-max Seat #3 is the button
Seat 3: Sir Supadonk ($120 in chips)
Seat 5: GoliafUa ($120 in chips)
Sir Supadonk: posts small blind $1
GoliafUa: posts big blind $3
*** HOLE CARDS ***
Sir Supadonk: calls $2
GoliafUa: raises $3 to $6
Sir Supadonk: calls $3
*** FLOP *** [5d 9s 9h]
GoliafUa: bets $3
Sir Supadonk: folds
Uncalled bet ($3) returned to GoliafUa
GoliafUa collected $11.76 from pot
*** SUMMARY ***
Total pot $12 | Rake $0.24
Board [5d 9s 9h]
Seat 3: Sir Supadonk (button) (small blind) folded on the Flop
Seat 5: GoliafUa (big blind) collected ($11.76)


PokerStars Hand #175063648232:  Hold'em Limit ($3/$6 USD) - 2017/09/01 10:22:26 ET
Table 'Tselina II' 6-max Seat #3 is the button
Seat 3: Sir Supadonk ($111 in chips)
Seat 5: GoliafUa ($128.76 in chips)
Sir Supadonk: posts small blind $1
GoliafUa: posts big blind $3
*** HOLE CARDS ***
Sir Supadonk: raises $3 to $6
GoliafUa: folds
Uncalled bet ($3) returned to Sir Supadonk
Sir Supadonk collected $6 from pot
Sir Supadonk: doesn't show hand
*** SUMMARY ***
Total pot $6 | Rake $0
Seat 3: Sir Supadonk (button) (small blind) collected ($6)
Seat 5: GoliafUa (big blind) folded before Flop


