PokerStars Hand #148896784608:  Hold'em Limit ($3/$6 USD) - 2016/02/16 8:34:37 ET
Table 'Tubingia II' 6-max Seat #1 is the button
Seat 1: VolkovDmitri ($137.50 in chips)
Seat 2: BuzovaPro ($77.50 in chips)
VolkovDmitri: posts small blind $1
BuzovaPro: posts big blind $3
*** HOLE CARDS ***
VolkovDmitri: raises $3 to $6
BuzovaPro: calls $3
*** FLOP *** [As 2s 4c]
BuzovaPro: checks
VolkovDmitri: bets $3
BuzovaPro: raises $3 to $6
VolkovDmitri: calls $3
*** TURN *** [As 2s 4c] [8d]
BuzovaPro: bets $6
VolkovDmitri: calls $6
*** RIVER *** [As 2s 4c 8d] [2d]
BuzovaPro: bets $6
VolkovDmitri: calls $6
*** SHOW DOWN ***
BuzovaPro: shows [6s Ah] (two pair, Aces and Deuces)
VolkovDmitri: mucks hand
BuzovaPro collected $47.50 from pot
*** SUMMARY ***
Total pot $48 | Rake $0.50
Board [As 2s 4c 8d 2d]
Seat 1: VolkovDmitri (button) (small blind) mucked
Seat 2: BuzovaPro (big blind) showed [6s Ah] and won ($47.50) with two pair, Aces and Deuces


PokerStars Hand #148896803820:  Hold'em Limit ($3/$6 USD) - 2016/02/16 8:35:06 ET
Table 'Tubingia II' 6-max Seat #2 is the button
Seat 1: VolkovDmitri ($120 in chips)
Seat 2: BuzovaPro ($101 in chips)
BuzovaPro: posts small blind $1
VolkovDmitri: posts big blind $3
*** HOLE CARDS ***
BuzovaPro: raises $3 to $6
VolkovDmitri: raises $3 to $9
BuzovaPro: calls $3
*** FLOP *** [Kh 2d Ac]
VolkovDmitri: bets $3
BuzovaPro: folds
Uncalled bet ($3) returned to VolkovDmitri
VolkovDmitri collected $17.64 from pot
VolkovDmitri: doesn't show hand
*** SUMMARY ***
Total pot $18 | Rake $0.36
Board [Kh 2d Ac]
Seat 1: VolkovDmitri (big blind) collected ($17.64)
Seat 2: BuzovaPro (button) (small blind) folded on the Flop


