PokerStars Hand #161080881705:  Hold'em Limit ($3/$6 USD) - 2016/11/08 4:34:41 ET
Table 'Tubingia' 6-max Seat #3 is the button
Seat 3: HAOYUN88888 ($120 in chips)
Seat 4: VolkovDmitri ($120 in chips)
HAOYUN88888: posts small blind $1
VolkovDmitri: posts big blind $3
*** HOLE CARDS ***
HAOYUN88888: folds
Uncalled bet ($2) returned to VolkovDmitri
VolkovDmitri collected $2 from pot
VolkovDmitri: doesn't show hand
*** SUMMARY ***
Total pot $2 | Rake $0
Seat 3: HAOYUN88888 (button) (small blind) folded before Flop
Seat 4: VolkovDmitri (big blind) collected ($2)


PokerStars Hand #161080896799:  Hold'em Limit ($3/$6 USD) - 2016/11/08 4:35:21 ET
Table 'Tubingia' 6-max Seat #3 is the button
Seat 3: HAOYUN88888 ($116 in chips)
Seat 4: VolkovDmitri ($124 in chips)
HAOYUN88888: posts small blind $1
VolkovDmitri: posts big blind $3
*** HOLE CARDS ***
HAOYUN88888: raises $3 to $6
VolkovDmitri: calls $3
*** FLOP *** [5h 5s 9s]
VolkovDmitri: checks
HAOYUN88888: checks
*** TURN *** [5h 5s 9s] [4d]
VolkovDmitri: bets $6
HAOYUN88888: folds
Uncalled bet ($6) returned to VolkovDmitri
VolkovDmitri collected $11.76 from pot
VolkovDmitri: doesn't show hand
*** SUMMARY ***
Total pot $12 | Rake $0.24
Board [5h 5s 9s 4d]
Seat 3: HAOYUN88888 (button) (small blind) folded on the Turn
Seat 4: VolkovDmitri (big blind) collected ($11.76)


PokerStars Hand #161080885466:  Hold'em Limit ($3/$6 USD) - 2016/11/08 4:34:51 ET
Table 'Tubingia' 6-max Seat #4 is the button
Seat 3: HAOYUN88888 ($119 in chips)
Seat 4: VolkovDmitri ($121 in chips)
VolkovDmitri: posts small blind $1
HAOYUN88888: posts big blind $3
*** HOLE CARDS ***
VolkovDmitri: raises $3 to $6
HAOYUN88888: folds
Uncalled bet ($3) returned to VolkovDmitri
VolkovDmitri collected $6 from pot
VolkovDmitri: doesn't show hand
*** SUMMARY ***
Total pot $6 | Rake $0
Seat 3: HAOYUN88888 (big blind) folded before Flop
Seat 4: VolkovDmitri (button) (small blind) collected ($6)


PokerStars Hand #161080928196:  Hold'em Limit ($3/$6 USD) - 2016/11/08 4:36:44 ET
Table 'Tubingia' 6-max Seat #3 is the button
Seat 3: HAOYUN88888 ($124.50 in chips)
Seat 4: VolkovDmitri ($120 in chips)
HAOYUN88888: posts small blind $1
VolkovDmitri: posts big blind $3
*** HOLE CARDS ***
HAOYUN88888: raises $3 to $6
VolkovDmitri: folds
Uncalled bet ($3) returned to HAOYUN88888
HAOYUN88888 collected $6 from pot
HAOYUN88888: doesn't show hand
*** SUMMARY ***
Total pot $6 | Rake $0
Seat 3: HAOYUN88888 (button) (small blind) collected ($6)
Seat 4: VolkovDmitri (big blind) folded before Flop


PokerStars Hand #161080904715:  Hold'em Limit ($3/$6 USD) - 2016/11/08 4:35:42 ET
Table 'Tubingia' 6-max Seat #4 is the button
Seat 3: HAOYUN88888 ($110 in chips)
Seat 4: VolkovDmitri ($129.76 in chips)
VolkovDmitri: posts small blind $1
HAOYUN88888: posts big blind $3
*** HOLE CARDS ***
VolkovDmitri: raises $3 to $6
HAOYUN88888: calls $3
*** FLOP *** [Ks 3h 7c]
HAOYUN88888: bets $3
VolkovDmitri: calls $3
*** TURN *** [Ks 3h 7c] [Jh]
HAOYUN88888: checks
VolkovDmitri: checks
*** RIVER *** [Ks 3h 7c Jh] [8c]
HAOYUN88888: bets $6
VolkovDmitri: calls $6
*** SHOW DOWN ***
HAOYUN88888: shows [6c 8s] (a pair of Eights)
VolkovDmitri: mucks hand
HAOYUN88888 collected $29.50 from pot
*** SUMMARY ***
Total pot $30 | Rake $0.50
Board [Ks 3h 7c Jh 8c]
Seat 3: HAOYUN88888 (big blind) showed [6c 8s] and won ($29.50) with a pair of Eights
Seat 4: VolkovDmitri (button) (small blind) mucked


