PokerStars Hand #165982477134:  Hold'em Limit ($3/$6 USD) - 2017/02/10 8:34:09 ET
Table 'Tubingia' 6-max Seat #3 is the button
Seat 3: OnlyLuck111 ($92.46 in chips)
Seat 4: MTails ($124.44 in chips)
Chrisgalo33 will be allowed to play after the button
beng_51 will be allowed to play after the button
OnlyLuck111: posts small blind $1
MTails: posts big blind $3
*** HOLE CARDS ***
OnlyLuck111: raises $3 to $6
MTails: calls $3
*** FLOP *** [5d 7c 8s]
MTails: checks
OnlyLuck111: checks
*** TURN *** [5d 7c 8s] [5s]
MTails: bets $6
OnlyLuck111: folds
Uncalled bet ($6) returned to MTails
MTails collected $11.76 from pot
*** SUMMARY ***
Total pot $12 | Rake $0.24
Board [5d 7c 8s 5s]
Seat 3: OnlyLuck111 (button) (small blind) folded on the Turn
Seat 4: MTails (big blind) collected ($11.76)


PokerStars Hand #165982684318:  Hold'em Limit ($3/$6 USD) - 2017/02/10 8:39:47 ET
Table 'Tubingia' 6-max Seat #5 is the button
Seat 5: Chrisgalo33 ($28.15 in chips)
Seat 6: beng_51 ($101.33 in chips)
Chrisgalo33: posts small blind $1
beng_51: posts big blind $3
*** HOLE CARDS ***
Chrisgalo33: raises $3 to $6
beng_51: calls $3
*** FLOP *** [5c Jd 8c]
beng_51: checks
Chrisgalo33: checks
*** TURN *** [5c Jd 8c] [Qd]
beng_51: checks
Chrisgalo33: bets $6
beng_51: calls $6
*** RIVER *** [5c Jd 8c Qd] [3d]
beng_51: checks
Chrisgalo33: bets $6
beng_51: raises $6 to $12
Chrisgalo33: raises $4.15 to $16.15 and is all-in
beng_51: calls $4.15
*** SHOW DOWN ***
Chrisgalo33: shows [Qc 2s] (a pair of Queens)
beng_51: shows [3h 5d] (two pair, Fives and Threes)
beng_51 collected $55.80 from pot
*** SUMMARY ***
Total pot $56.30 | Rake $0.50
Board [5c Jd 8c Qd 3d]
Seat 5: Chrisgalo33 (button) (small blind) showed [Qc 2s] and lost with a pair of Queens
Seat 6: beng_51 (big blind) showed [3h 5d] and won ($55.80) with two pair, Fives and Threes


PokerStars Hand #165982674480:  Hold'em Limit ($3/$6 USD) - 2017/02/10 8:39:31 ET
Table 'Tubingia' 6-max Seat #6 is the button
Seat 5: Chrisgalo33 ($34.15 in chips)
Seat 6: beng_51 ($95.57 in chips)
beng_51: posts small blind $1
234599330: is sitting out
Chrisgalo33: posts big blind $3
*** HOLE CARDS ***
beng_51: raises $3 to $6
Chrisgalo33: calls $3
*** FLOP *** [9h Ac 5s]
234599330 leaves the table
Chrisgalo33: checks
beng_51: bets $3
Chrisgalo33: folds
Uncalled bet ($3) returned to beng_51
beng_51 collected $11.76 from pot
*** SUMMARY ***
Total pot $12 | Rake $0.24
Board [9h Ac 5s]
Seat 5: Chrisgalo33 (big blind) folded on the Flop
Seat 6: beng_51 (button) (small blind) collected ($11.76)


