PokerStars Hand #146692194031:  Hold'em Limit ($3/$6 USD) - 2016/01/08 13:53:32 ET
Table 'Tucapel' 2-max Seat #2 is the button
Seat 1: knysi ($78.94 in chips)
Seat 2: PelonCabelao ($72 in chips)
PelonCabelao: posts small blind $1
knysi: posts big blind $3
*** HOLE CARDS ***
PelonCabelao: raises $3 to $6
knysi: calls $3
*** FLOP *** [Jd 6c 2h]
knysi: checks
PelonCabelao: bets $3
knysi: folds
Uncalled bet ($3) returned to PelonCabelao
PelonCabelao collected $11.76 from pot
PelonCabelao: doesn't show hand
*** SUMMARY ***
Total pot $12 | Rake $0.24
Board [Jd 6c 2h]
Seat 1: knysi (big blind) folded on the Flop
Seat 2: PelonCabelao (button) (small blind) collected ($11.76)


PokerStars Hand #146692177737:  Hold'em Limit ($3/$6 USD) - 2016/01/08 13:53:15 ET
Table 'Tucapel' 2-max Seat #1 is the button
Seat 1: knysi ($61.44 in chips)
Seat 2: PelonCabelao ($72.50 in chips)
knysi: posts small blind $1
PelonCabelao: posts big blind $3
*** HOLE CARDS ***
knysi: raises $3 to $6
PelonCabelao: raises $3 to $9
knysi: calls $3
*** FLOP *** [4d 2s 2h]
PelonCabelao: bets $3
knysi: calls $3
*** TURN *** [4d 2s 2h] [5c]
PelonCabelao: bets $6
knysi: calls $6
*** RIVER *** [4d 2s 2h 5c] [7h]
PelonCabelao: checks
knysi: checks
*** SHOW DOWN ***
PelonCabelao: shows [Qh Jh] (a pair of Deuces)
knysi: shows [5d 6h] (two pair, Fives and Deuces)
knysi collected $35.50 from pot
*** SUMMARY ***
Total pot $36 | Rake $0.50
Board [4d 2s 2h 5c 7h]
Seat 1: knysi (button) (small blind) showed [5d 6h] and won ($35.50) with two pair, Fives and Deuces
Seat 2: PelonCabelao (big blind) showed [Qh Jh] and lost with a pair of Deuces


PokerStars Hand #146692247603:  Hold'em Limit ($3/$6 USD) - 2016/01/08 13:54:28 ET
Table 'Tucapel' 2-max Seat #1 is the button
Seat 1: knysi ($75.44 in chips)
Seat 2: PelonCabelao ($74.26 in chips)
knysi: posts small blind $1
PelonCabelao: posts big blind $3
*** HOLE CARDS ***
knysi: raises $3 to $6
PelonCabelao: raises $3 to $9
knysi: calls $3
*** FLOP *** [3s As 9s]
PelonCabelao: bets $3
knysi: calls $3
*** TURN *** [3s As 9s] [4s]
PelonCabelao: bets $6
knysi: calls $6
*** RIVER *** [3s As 9s 4s] [8d]
PelonCabelao: bets $6
knysi: folds
Uncalled bet ($6) returned to PelonCabelao
PelonCabelao collected $35.50 from pot
PelonCabelao: doesn't show hand
*** SUMMARY ***
Total pot $36 | Rake $0.50
Board [3s As 9s 4s 8d]
Seat 1: knysi (button) (small blind) folded on the River
Seat 2: PelonCabelao (big blind) collected ($35.50)


PokerStars Hand #146692226489:  Hold'em Limit ($3/$6 USD) - 2016/01/08 13:54:06 ET
Table 'Tucapel' 2-max Seat #2 is the button
Seat 1: knysi ($48.94 in chips)
Seat 2: PelonCabelao ($101.26 in chips)
PelonCabelao: posts small blind $1
knysi: posts big blind $3
*** HOLE CARDS ***
PelonCabelao: raises $3 to $6
knysi: calls $3
*** FLOP *** [3d Th 6c]
knysi: checks
PelonCabelao: bets $3
knysi: calls $3
*** TURN *** [3d Th 6c] [Kd]
knysi: checks
PelonCabelao: bets $6
knysi: calls $6
*** RIVER *** [3d Th 6c Kd] [7d]
knysi: checks
PelonCabelao: bets $6
knysi: raises $6 to $12
PelonCabelao: calls $6
*** SHOW DOWN ***
knysi: shows [7c 6s] (two pair, Sevens and Sixes)
PelonCabelao: mucks hand
knysi collected $53.50 from pot
*** SUMMARY ***
Total pot $54 | Rake $0.50
Board [3d Th 6c Kd 7d]
Seat 1: knysi (big blind) showed [7c 6s] and won ($53.50) with two pair, Sevens and Sixes
Seat 2: PelonCabelao (button) (small blind) mucked


PokerStars Hand #146692207610:  Hold'em Limit ($3/$6 USD) - 2016/01/08 13:53:46 ET
Table 'Tucapel' 2-max Seat #1 is the button
Seat 1: knysi ($72.94 in chips)
Seat 2: PelonCabelao ($77.76 in chips)
knysi: posts small blind $1
PelonCabelao: posts big blind $3
*** HOLE CARDS ***
knysi: raises $3 to $6
PelonCabelao: raises $3 to $9
knysi: calls $3
*** FLOP *** [Qc 4d Ac]
PelonCabelao: bets $3
knysi: calls $3
*** TURN *** [Qc 4d Ac] [4c]
PelonCabelao: bets $6
knysi: calls $6
*** RIVER *** [Qc 4d Ac 4c] [3d]
PelonCabelao: bets $6
knysi: calls $6
*** SHOW DOWN ***
PelonCabelao: shows [3s 4s] (a full house, Fours full of Threes)
knysi: mucks hand
PelonCabelao collected $47.50 from pot
*** SUMMARY ***
Total pot $48 | Rake $0.50
Board [Qc 4d Ac 4c 3d]
Seat 1: knysi (button) (small blind) mucked
Seat 2: PelonCabelao (big blind) showed [3s 4s] and won ($47.50) with a full house, Fours full of Threes


PokerStars Hand #146692284864:  Hold'em Limit ($3/$6 USD) - 2016/01/08 13:55:07 ET
Table 'Tucapel' 2-max Seat #1 is the button
Seat 1: knysi ($66.08 in chips)
Seat 2: PelonCabelao ($82.76 in chips)
knysi: posts small blind $1
PelonCabelao: posts big blind $3
*** HOLE CARDS ***
knysi: raises $3 to $6
PelonCabelao: raises $3 to $9
knysi: calls $3
*** FLOP *** [8h 9h As]
PelonCabelao: bets $3
knysi: calls $3
*** TURN *** [8h 9h As] [6h]
PelonCabelao: bets $6
knysi: calls $6
*** RIVER *** [8h 9h As 6h] [7d]
PelonCabelao: bets $6
knysi: calls $6
*** SHOW DOWN ***
PelonCabelao: shows [9s Ac] (two pair, Aces and Nines)
knysi: mucks hand
PelonCabelao collected $47.50 from pot
*** SUMMARY ***
Total pot $48 | Rake $0.50
Board [8h 9h As 6h 7d]
Seat 1: knysi (button) (small blind) mucked
Seat 2: PelonCabelao (big blind) showed [9s Ac] and won ($47.50) with two pair, Aces and Nines


PokerStars Hand #146692265142:  Hold'em Limit ($3/$6 USD) - 2016/01/08 13:54:46 ET
Table 'Tucapel' 2-max Seat #2 is the button
Seat 1: knysi ($57.44 in chips)
Seat 2: PelonCabelao ($91.76 in chips)
PelonCabelao: posts small blind $1
knysi: posts big blind $3
*** HOLE CARDS ***
PelonCabelao: raises $3 to $6
knysi: calls $3
*** FLOP *** [Qh 6h Tc]
knysi: checks
PelonCabelao: bets $3
knysi: calls $3
*** TURN *** [Qh 6h Tc] [5c]
knysi: checks
PelonCabelao: checks
*** RIVER *** [Qh 6h Tc 5c] [3s]
knysi: bets $6
PelonCabelao: folds
Uncalled bet ($6) returned to knysi
knysi collected $17.64 from pot
knysi: doesn't show hand
*** SUMMARY ***
Total pot $18 | Rake $0.36
Board [Qh 6h Tc 5c 3s]
Seat 1: knysi (big blind) collected ($17.64)
Seat 2: PelonCabelao (button) (small blind) folded on the River


PokerStars Hand #146692349547:  Hold'em Limit ($3/$6 USD) - 2016/01/08 13:56:31 ET
Table 'Tucapel' 2-max Seat #1 is the button
Seat 1: knysi ($68.08 in chips)
Seat 2: PelonCabelao ($79.02 in chips)
knysi: posts small blind $1
PelonCabelao: posts big blind $3
*** HOLE CARDS ***
knysi: raises $3 to $6
PelonCabelao: raises $3 to $9
knysi: calls $3
*** FLOP *** [Ac 9c Jh]
PelonCabelao: bets $3
knysi: calls $3
*** TURN *** [Ac 9c Jh] [Th]
PelonCabelao: bets $6
knysi: calls $6
*** RIVER *** [Ac 9c Jh Th] [9d]
PelonCabelao: bets $6
knysi: calls $6
*** SHOW DOWN ***
PelonCabelao: shows [9s Ah] (a full house, Nines full of Aces)
knysi: mucks hand
PelonCabelao collected $47.50 from pot
*** SUMMARY ***
Total pot $48 | Rake $0.50
Board [Ac 9c Jh Th 9d]
Seat 1: knysi (button) (small blind) mucked
Seat 2: PelonCabelao (big blind) showed [9s Ah] and won ($47.50) with a full house, Nines full of Aces


PokerStars Hand #146692341442:  Hold'em Limit ($3/$6 USD) - 2016/01/08 13:56:21 ET
Table 'Tucapel' 2-max Seat #2 is the button
Seat 1: knysi ($74.08 in chips)
Seat 2: PelonCabelao ($73.26 in chips)
PelonCabelao: posts small blind $1
knysi: posts big blind $3
*** HOLE CARDS ***
PelonCabelao: raises $3 to $6
knysi: calls $3
*** FLOP *** [2s 9s Kh]
knysi: checks
PelonCabelao: bets $3
knysi: folds
Uncalled bet ($3) returned to PelonCabelao
PelonCabelao collected $11.76 from pot
PelonCabelao: doesn't show hand
*** SUMMARY ***
Total pot $12 | Rake $0.24
Board [2s 9s Kh]
Seat 1: knysi (big blind) folded on the Flop
Seat 2: PelonCabelao (button) (small blind) collected ($11.76)


PokerStars Hand #146692324869:  Hold'em Limit ($3/$6 USD) - 2016/01/08 13:55:59 ET
Table 'Tucapel' 2-max Seat #1 is the button
Seat 1: knysi ($56.58 in chips)
Seat 2: PelonCabelao ($91.26 in chips)
knysi: posts small blind $1
PelonCabelao: posts big blind $3
*** HOLE CARDS ***
knysi: raises $3 to $6
PelonCabelao: raises $3 to $9
knysi: calls $3
*** FLOP *** [7s Qd 8c]
PelonCabelao: bets $3
knysi: calls $3
*** TURN *** [7s Qd 8c] [4s]
PelonCabelao: bets $6
knysi: raises $6 to $12
PelonCabelao: folds
Uncalled bet ($6) returned to knysi
knysi collected $35.50 from pot
knysi: doesn't show hand
*** SUMMARY ***
Total pot $36 | Rake $0.50
Board [7s Qd 8c 4s]
Seat 1: knysi (button) (small blind) collected ($35.50)
Seat 2: PelonCabelao (big blind) folded on the Turn


PokerStars Hand #146692304714:  Hold'em Limit ($3/$6 USD) - 2016/01/08 13:55:32 ET
Table 'Tucapel' 2-max Seat #2 is the button
Seat 1: knysi ($42.08 in chips)
Seat 2: PelonCabelao ($106.26 in chips)
PelonCabelao: posts small blind $1
knysi: posts big blind $3
*** HOLE CARDS ***
PelonCabelao: raises $3 to $6
knysi: calls $3
*** FLOP *** [5s 2h Qc]
knysi: checks
PelonCabelao: bets $3
knysi: calls $3
*** TURN *** [5s 2h Qc] [9s]
knysi: checks
PelonCabelao: bets $6
knysi: calls $6
*** RIVER *** [5s 2h Qc 9s] [Ts]
knysi: checks
PelonCabelao: checks
*** SHOW DOWN ***
knysi: shows [5c Ac] (a pair of Fives)
PelonCabelao: mucks hand
knysi collected $29.50 from pot
*** SUMMARY ***
Total pot $30 | Rake $0.50
Board [5s 2h Qc 9s Ts]
Seat 1: knysi (big blind) showed [5c Ac] and won ($29.50) with a pair of Fives
Seat 2: PelonCabelao (button) (small blind) mucked


PokerStars Hand #146692404735:  Hold'em Limit ($3/$6 USD) - 2016/01/08 13:57:44 ET
Table 'Tucapel' 2-max Seat #2 is the button
Seat 1: knysi ($34.83 in chips)
Seat 2: PelonCabelao ($110.91 in chips)
PelonCabelao: posts small blind $1
knysi: posts big blind $3
*** HOLE CARDS ***
PelonCabelao: raises $3 to $6
knysi: folds
Uncalled bet ($3) returned to PelonCabelao
PelonCabelao collected $6 from pot
PelonCabelao: doesn't show hand
*** SUMMARY ***
Total pot $6 | Rake $0
Seat 1: knysi (big blind) folded before Flop
Seat 2: PelonCabelao (button) (small blind) collected ($6)


PokerStars Hand #146692376736:  Hold'em Limit ($3/$6 USD) - 2016/01/08 13:57:07 ET
Table 'Tucapel' 2-max Seat #1 is the button
Seat 1: knysi ($35.08 in chips)
Seat 2: PelonCabelao ($111.16 in chips)
knysi: posts small blind $1
PelonCabelao: posts big blind $3
*** HOLE CARDS ***
knysi: raises $3 to $6
PelonCabelao: raises $3 to $9
knysi: calls $3
*** FLOP *** [4s 6h 9h]
PelonCabelao: bets $3
knysi: calls $3
*** TURN *** [4s 6h 9h] [8h]
PelonCabelao: bets $6
knysi: raises $6 to $12
PelonCabelao: calls $6
*** RIVER *** [4s 6h 9h 8h] [Kc]
PelonCabelao: checks
knysi: checks
*** SHOW DOWN ***
PelonCabelao: shows [9d Qs] (a pair of Nines)
knysi: shows [9c Qh] (a pair of Nines)
PelonCabelao collected $23.75 from pot
knysi collected $23.75 from pot
*** SUMMARY ***
Total pot $48 | Rake $0.50
Board [4s 6h 9h 8h Kc]
Seat 1: knysi (button) (small blind) showed [9c Qh] and won ($23.75) with a pair of Nines
Seat 2: PelonCabelao (big blind) showed [9d Qs] and won ($23.75) with a pair of Nines


PokerStars Hand #146692364044:  Hold'em Limit ($3/$6 USD) - 2016/01/08 13:56:50 ET
Table 'Tucapel' 2-max Seat #2 is the button
Seat 1: knysi ($44.08 in chips)
Seat 2: PelonCabelao ($102.52 in chips)
PelonCabelao: posts small blind $1
knysi: posts big blind $3
*** HOLE CARDS ***
PelonCabelao: raises $3 to $6
knysi: calls $3
*** FLOP *** [4c 4d 5d]
knysi: checks
PelonCabelao: bets $3
knysi: calls $3
*** TURN *** [4c 4d 5d] [8h]
knysi: checks
PelonCabelao: bets $6
knysi: folds
Uncalled bet ($6) returned to PelonCabelao
PelonCabelao collected $17.64 from pot
PelonCabelao: doesn't show hand
*** SUMMARY ***
Total pot $18 | Rake $0.36
Board [4c 4d 5d 8h]
Seat 1: knysi (big blind) folded on the Turn
Seat 2: PelonCabelao (button) (small blind) collected ($17.64)


PokerStars Hand #146692445001:  Hold'em Limit ($3/$6 USD) - 2016/01/08 13:58:36 ET
Table 'Tucapel' 2-max Seat #1 is the button
Seat 1: knysi ($27.83 in chips)
Seat 2: PelonCabelao ($117.91 in chips)
knysi: posts small blind $1
PelonCabelao: posts big blind $3
*** HOLE CARDS ***
knysi: folds
Uncalled bet ($2) returned to PelonCabelao
PelonCabelao collected $2 from pot
PelonCabelao: doesn't show hand
*** SUMMARY ***
Total pot $2 | Rake $0
Seat 1: knysi (button) (small blind) folded before Flop
Seat 2: PelonCabelao (big blind) collected ($2)


PokerStars Hand #146692440801:  Hold'em Limit ($3/$6 USD) - 2016/01/08 13:58:31 ET
Table 'Tucapel' 2-max Seat #2 is the button
Seat 1: knysi ($30.83 in chips)
Seat 2: PelonCabelao ($114.91 in chips)
PelonCabelao: posts small blind $1
knysi: posts big blind $3
*** HOLE CARDS ***
PelonCabelao: raises $3 to $6
knysi: folds
Uncalled bet ($3) returned to PelonCabelao
PelonCabelao collected $6 from pot
PelonCabelao: doesn't show hand
*** SUMMARY ***
Total pot $6 | Rake $0
Seat 1: knysi (big blind) folded before Flop
Seat 2: PelonCabelao (button) (small blind) collected ($6)


PokerStars Hand #146692430018:  Hold'em Limit ($3/$6 USD) - 2016/01/08 13:58:16 ET
Table 'Tucapel' 2-max Seat #1 is the button
Seat 1: knysi ($31.83 in chips)
Seat 2: PelonCabelao ($113.91 in chips)
knysi: posts small blind $1
PelonCabelao: posts big blind $3
*** HOLE CARDS ***
knysi: folds
Uncalled bet ($2) returned to PelonCabelao
PelonCabelao collected $2 from pot
PelonCabelao: doesn't show hand
*** SUMMARY ***
Total pot $2 | Rake $0
Seat 1: knysi (button) (small blind) folded before Flop
Seat 2: PelonCabelao (big blind) collected ($2)


PokerStars Hand #146692417614:  Hold'em Limit ($3/$6 USD) - 2016/01/08 13:58:00 ET
Table 'Tucapel' 2-max Seat #2 is the button
Seat 1: knysi ($34.83 in chips)
Seat 2: PelonCabelao ($110.91 in chips)
PelonCabelao: posts small blind $1
knysi: posts big blind $3
*** HOLE CARDS ***
PelonCabelao: raises $3 to $6
knysi: folds
Uncalled bet ($3) returned to PelonCabelao
PelonCabelao collected $6 from pot
PelonCabelao: doesn't show hand
*** SUMMARY ***
Total pot $6 | Rake $0
Seat 1: knysi (big blind) folded before Flop
Seat 2: PelonCabelao (button) (small blind) collected ($6)


PokerStars Hand #146692411862:  Hold'em Limit ($3/$6 USD) - 2016/01/08 13:57:53 ET
Table 'Tucapel' 2-max Seat #1 is the button
Seat 1: knysi ($31.83 in chips)
Seat 2: PelonCabelao ($113.91 in chips)
knysi: posts small blind $1
PelonCabelao: posts big blind $3
*** HOLE CARDS ***
knysi: raises $3 to $6
PelonCabelao: folds
Uncalled bet ($3) returned to knysi
knysi collected $6 from pot
knysi: doesn't show hand
*** SUMMARY ***
Total pot $6 | Rake $0
Seat 1: knysi (button) (small blind) collected ($6)
Seat 2: PelonCabelao (big blind) folded before Flop


PokerStars Hand #146692483323:  Hold'em Limit ($3/$6 USD) - 2016/01/08 13:59:26 ET
Table 'Tucapel' 2-max Seat #1 is the button
Seat 1: knysi ($11.83 in chips)
Seat 2: PelonCabelao ($133.41 in chips)
knysi: posts small blind $1
PelonCabelao: posts big blind $3
*** HOLE CARDS ***
knysi: raises $3 to $6
PelonCabelao: calls $3
*** FLOP *** [5s 5d 2h]
PelonCabelao: bets $3
knysi: raises $2.83 to $5.83 and is all-in
PelonCabelao: calls $2.83
*** TURN *** [5s 5d 2h] [Js]
*** RIVER *** [5s 5d 2h Js] [Qs]
*** SHOW DOWN ***
PelonCabelao: shows [Qc 3d] (two pair, Queens and Fives)
knysi: shows [As Qd] (two pair, Queens and Fives - Ace kicker)
knysi collected $23.19 from pot
*** SUMMARY ***
Total pot $23.66 | Rake $0.47
Board [5s 5d 2h Js Qs]
Seat 1: knysi (button) (small blind) showed [As Qd] and won ($23.19) with two pair, Queens and Fives
Seat 2: PelonCabelao (big blind) showed [Qc 3d] and lost with two pair, Queens and Fives


PokerStars Hand #146692449152:  Hold'em Limit ($3/$6 USD) - 2016/01/08 13:58:41 ET
Table 'Tucapel' 2-max Seat #2 is the button
Seat 1: knysi ($26.83 in chips)
Seat 2: PelonCabelao ($118.91 in chips)
PelonCabelao: posts small blind $1
knysi: posts big blind $3
*** HOLE CARDS ***
PelonCabelao: raises $3 to $6
knysi: calls $3
*** FLOP *** [2d Ah 4c]
knysi: checks
PelonCabelao: bets $3
knysi: calls $3
*** TURN *** [2d Ah 4c] [8s]
knysi: checks
PelonCabelao: bets $6
knysi: calls $6
*** RIVER *** [2d Ah 4c 8s] [6h]
knysi: checks
PelonCabelao: bets $6
knysi: folds
Uncalled bet ($6) returned to PelonCabelao
PelonCabelao collected $29.50 from pot
PelonCabelao: doesn't show hand
*** SUMMARY ***
Total pot $30 | Rake $0.50
Board [2d Ah 4c 8s 6h]
Seat 1: knysi (big blind) folded on the River
Seat 2: PelonCabelao (button) (small blind) collected ($29.50)


PokerStars Hand #146692498927:  Hold'em Limit ($3/$6 USD) - 2016/01/08 13:59:46 ET
Table 'Tucapel' 2-max Seat #2 is the button
Seat 1: knysi ($23.19 in chips)
Seat 2: PelonCabelao ($121.58 in chips)
PelonCabelao: posts small blind $1
knysi: posts big blind $3
*** HOLE CARDS ***
PelonCabelao: raises $3 to $6
knysi: calls $3
*** FLOP *** [Qd 4d 3h]
knysi: checks
PelonCabelao: bets $3
knysi: calls $3
*** TURN *** [Qd 4d 3h] [3s]
knysi: bets $6
PelonCabelao: raises $6 to $12
knysi: raises $2.19 to $14.19 and is all-in
PelonCabelao: calls $2.19
*** RIVER *** [Qd 4d 3h 3s] [Ks]
*** SHOW DOWN ***
knysi: shows [Qh Kc] (two pair, Kings and Queens)
PelonCabelao: shows [Qs Ad] (two pair, Queens and Threes)
knysi collected $45.88 from pot
*** SUMMARY ***
Total pot $46.38 | Rake $0.50
Board [Qd 4d 3h 3s Ks]
Seat 1: knysi (big blind) showed [Qh Kc] and won ($45.88) with two pair, Kings and Queens
Seat 2: PelonCabelao (button) (small blind) showed [Qs Ad] and lost with two pair, Queens and Threes


PokerStars Hand #146692582374:  Hold'em Limit ($3/$6 USD) - 2016/01/08 14:01:25 ET
Table 'Tucapel' 2-max Seat #1 is the button
Seat 1: knysi ($69.38 in chips)
Seat 2: PelonCabelao ($75 in chips)
knysi: posts small blind $1
PelonCabelao: posts big blind $3
*** HOLE CARDS ***
knysi: folds
Uncalled bet ($2) returned to PelonCabelao
knysi leaves the table
PelonCabelao collected $2 from pot
PelonCabelao: doesn't show hand
*** SUMMARY ***
Total pot $2 | Rake $0
Seat 1: knysi (button) (small blind) folded before Flop
Seat 2: PelonCabelao (big blind) collected ($2)


PokerStars Hand #146692575880:  Hold'em Limit ($3/$6 USD) - 2016/01/08 14:01:18 ET
Table 'Tucapel' 2-max Seat #2 is the button
Seat 1: knysi ($72.38 in chips)
Seat 2: PelonCabelao ($72 in chips)
PelonCabelao: posts small blind $1
knysi: posts big blind $3
*** HOLE CARDS ***
PelonCabelao: raises $3 to $6
knysi: folds
Uncalled bet ($3) returned to PelonCabelao
PelonCabelao collected $6 from pot
PelonCabelao: doesn't show hand
*** SUMMARY ***
Total pot $6 | Rake $0
Seat 1: knysi (big blind) folded before Flop
Seat 2: PelonCabelao (button) (small blind) collected ($6)


PokerStars Hand #146692549470:  Hold'em Limit ($3/$6 USD) - 2016/01/08 14:00:48 ET
Table 'Tucapel' 2-max Seat #1 is the button
Seat 1: knysi ($45.88 in chips)
Seat 2: PelonCabelao ($98.39 in chips)
knysi: posts small blind $1
PelonCabelao: posts big blind $3
*** HOLE CARDS ***
knysi: raises $3 to $6
PelonCabelao: raises $3 to $9
knysi: calls $3
*** FLOP *** [Qs Jd 7h]
PelonCabelao: bets $3
knysi: raises $3 to $6
PelonCabelao: calls $3
*** TURN *** [Qs Jd 7h] [6h]
PelonCabelao: checks
knysi: bets $6
PelonCabelao: calls $6
*** RIVER *** [Qs Jd 7h 6h] [9d]
PelonCabelao: checks
knysi: bets $6
PelonCabelao: calls $6
*** SHOW DOWN ***
knysi: shows [Ks Js] (a pair of Jacks)
PelonCabelao: mucks hand
knysi collected $53.50 from pot
*** SUMMARY ***
Total pot $54 | Rake $0.50
Board [Qs Jd 7h 6h 9d]
Seat 1: knysi (button) (small blind) showed [Ks Js] and won ($53.50) with a pair of Jacks
Seat 2: PelonCabelao (big blind) mucked


