PokerStars Hand #167941902096:  Hold'em Limit ($3/$6 USD) - 2017/03/22 7:40:24 ET
Table 'Tucapel' 10-max Seat #9 is the button
Seat 5: simper11 ($125.76 in chips)
Seat 9: krytalex ($114 in chips)
krytalex: posts small blind $1
simper11: posts big blind $3
*** HOLE CARDS ***
krytalex: raises $3 to $6
simper11: calls $3
*** FLOP *** [7d 6s 4c]
simper11: checks
krytalex: bets $3
simper11: raises $3 to $6
krytalex: calls $3
*** TURN *** [7d 6s 4c] [Qd]
simper11: bets $6
krytalex: calls $6
*** RIVER *** [7d 6s 4c Qd] [Ts]
simper11: bets $6
krytalex: calls $6
*** SHOW DOWN ***
simper11: shows [Th 5d] (a pair of Tens)
krytalex: mucks hand
simper11 collected $47.50 from pot
*** SUMMARY ***
Total pot $48 | Rake $0.50
Board [7d 6s 4c Qd Ts]
Seat 5: simper11 (big blind) showed [Th 5d] and won ($47.50) with a pair of Tens
Seat 9: krytalex (button) (small blind) mucked


PokerStars Hand #167941893156:  Hold'em Limit ($3/$6 USD) - 2017/03/22 7:40:04 ET
Table 'Tucapel' 10-max Seat #5 is the button
Seat 5: simper11 ($120 in chips)
Seat 9: krytalex ($120 in chips)
simper11: posts small blind $1
krytalex: posts big blind $3
*** HOLE CARDS ***
simper11: raises $3 to $6
krytalex: calls $3
*** FLOP *** [Td 3c 9s]
krytalex: checks
simper11: bets $3
krytalex: folds
Uncalled bet ($3) returned to simper11
simper11 collected $11.76 from pot
simper11: doesn't show hand
*** SUMMARY ***
Total pot $12 | Rake $0.24
Board [Td 3c 9s]
Seat 5: simper11 (button) (small blind) collected ($11.76)
Seat 9: krytalex (big blind) folded on the Flop


PokerStars Hand #167941911913:  Hold'em Limit ($3/$6 USD) - 2017/03/22 7:40:45 ET
Table 'Tucapel' 10-max Seat #5 is the button
Seat 5: simper11 ($149.26 in chips)
Seat 9: krytalex ($90 in chips)
simper11: posts small blind $1
krytalex: posts big blind $3
*** HOLE CARDS ***
simper11: raises $3 to $6
krytalex: raises $3 to $9
simper11: calls $3
*** FLOP *** [9s As 5s]
krytalex: bets $3
simper11: folds
Uncalled bet ($3) returned to krytalex
krytalex collected $17.64 from pot
*** SUMMARY ***
Total pot $18 | Rake $0.36
Board [9s As 5s]
Seat 5: simper11 (button) (small blind) folded on the Flop
Seat 9: krytalex (big blind) collected ($17.64)


PokerStars Hand #167941945272:  Hold'em Limit ($3/$6 USD) - 2017/03/22 7:41:58 ET
Table 'Tucapel' 10-max Seat #5 is the button
Seat 5: simper11 ($139.76 in chips)
Seat 9: krytalex ($97.78 in chips)
simper11: posts small blind $1
krytalex: posts big blind $3
*** HOLE CARDS ***
simper11: folds
Uncalled bet ($2) returned to krytalex
krytalex collected $2 from pot
*** SUMMARY ***
Total pot $2 | Rake $0
Seat 5: simper11 (button) (small blind) folded before Flop
Seat 9: krytalex (big blind) collected ($2)


PokerStars Hand #167941937994:  Hold'em Limit ($3/$6 USD) - 2017/03/22 7:41:42 ET
Table 'Tucapel' 10-max Seat #9 is the button
Seat 5: simper11 ($148.76 in chips)
Seat 9: krytalex ($89.14 in chips)
krytalex: posts small blind $1
simper11: posts big blind $3
*** HOLE CARDS ***
krytalex: raises $3 to $6
simper11: calls $3
*** FLOP *** [2h 6s Qc]
simper11: checks
krytalex: bets $3
simper11: calls $3
*** TURN *** [2h 6s Qc] [7c]
simper11: checks
krytalex: bets $6
simper11: folds
Uncalled bet ($6) returned to krytalex
krytalex collected $17.64 from pot
*** SUMMARY ***
Total pot $18 | Rake $0.36
Board [2h 6s Qc 7c]
Seat 5: simper11 (big blind) folded on the Turn
Seat 9: krytalex (button) (small blind) collected ($17.64)


PokerStars Hand #167941917990:  Hold'em Limit ($3/$6 USD) - 2017/03/22 7:40:58 ET
Table 'Tucapel' 10-max Seat #9 is the button
Seat 5: simper11 ($140.26 in chips)
Seat 9: krytalex ($98.64 in chips)
krytalex: posts small blind $1
simper11: posts big blind $3
*** HOLE CARDS ***
krytalex: raises $3 to $6
simper11: calls $3
*** FLOP *** [7d 5s Jd]
simper11: checks
krytalex: bets $3
simper11: calls $3
*** TURN *** [7d 5s Jd] [Th]
simper11: checks
krytalex: bets $6
simper11: calls $6
*** RIVER *** [7d 5s Jd Th] [8d]
simper11: checks
krytalex: checks
*** SHOW DOWN ***
simper11: shows [5d 4c] (a pair of Fives)
krytalex: shows [6h Jc] (a pair of Jacks)
krytalex collected $29.50 from pot
*** SUMMARY ***
Total pot $30 | Rake $0.50
Board [7d 5s Jd Th 8d]
Seat 5: simper11 (big blind) showed [5d 4c] and lost with a pair of Fives
Seat 9: krytalex (button) (small blind) showed [6h Jc] and won ($29.50) with a pair of Jacks


PokerStars Hand #167941927385:  Hold'em Limit ($3/$6 USD) - 2017/03/22 7:41:19 ET
Table 'Tucapel' 10-max Seat #5 is the button
Seat 5: simper11 ($125.26 in chips)
Seat 9: krytalex ($113.14 in chips)
simper11: posts small blind $1
krytalex: posts big blind $3
*** HOLE CARDS ***
simper11: raises $3 to $6
krytalex: raises $3 to $9
simper11: calls $3
*** FLOP *** [Td 4d Ah]
krytalex: bets $3
simper11: calls $3
*** TURN *** [Td 4d Ah] [8c]
krytalex: bets $6
simper11: calls $6
*** RIVER *** [Td 4d Ah 8c] [4s]
krytalex: checks
simper11: bets $6
krytalex: calls $6
*** SHOW DOWN ***
simper11: shows [Jc 4c] (three of a kind, Fours)
krytalex: mucks hand
simper11 collected $47.50 from pot
*** SUMMARY ***
Total pot $48 | Rake $0.50
Board [Td 4d Ah 8c 4s]
Seat 5: simper11 (button) (small blind) showed [Jc 4c] and won ($47.50) with three of a kind, Fours
Seat 9: krytalex (big blind) mucked


PokerStars Hand #167941947446:  Hold'em Limit ($3/$6 USD) - 2017/03/22 7:42:03 ET
Table 'Tucapel' 10-max Seat #9 is the button
Seat 5: simper11 ($138.76 in chips)
Seat 9: krytalex ($98.78 in chips)
krytalex: posts small blind $1
simper11: posts big blind $3
*** HOLE CARDS ***
krytalex: raises $3 to $6
simper11: calls $3
*** FLOP *** [Ks 8d 5s]
simper11: checks
krytalex: bets $3
simper11: raises $3 to $6
krytalex: calls $3
*** TURN *** [Ks 8d 5s] [3c]
simper11: bets $6
krytalex: folds
Uncalled bet ($6) returned to simper11
simper11 collected $23.52 from pot
simper11: doesn't show hand
*** SUMMARY ***
Total pot $24 | Rake $0.48
Board [Ks 8d 5s 3c]
Seat 5: simper11 (big blind) collected ($23.52)
Seat 9: krytalex (button) (small blind) folded on the Turn


PokerStars Hand #167941955757:  Hold'em Limit ($3/$6 USD) - 2017/03/22 7:42:21 ET
Table 'Tucapel' 10-max Seat #5 is the button
Seat 5: simper11 ($150.28 in chips)
Seat 9: krytalex ($86.78 in chips)
simper11: posts small blind $1
krytalex: posts big blind $3
*** HOLE CARDS ***
simper11: raises $3 to $6
krytalex: calls $3
*** FLOP *** [Tc 5s As]
krytalex: checks
simper11: bets $3
krytalex: calls $3
*** TURN *** [Tc 5s As] [6s]
krytalex: checks
simper11: bets $6
krytalex: calls $6
*** RIVER *** [Tc 5s As 6s] [4s]
krytalex: checks
simper11: bets $6
krytalex: folds
Uncalled bet ($6) returned to simper11
simper11 collected $29.50 from pot
simper11: doesn't show hand
*** SUMMARY ***
Total pot $30 | Rake $0.50
Board [Tc 5s As 6s 4s]
Seat 5: simper11 (button) (small blind) collected ($29.50)
Seat 9: krytalex (big blind) folded on the River


PokerStars Hand #167941989907:  Hold'em Limit ($3/$6 USD) - 2017/03/22 7:43:36 ET
Table 'Tucapel' 10-max Seat #9 is the button
Seat 5: simper11 ($205.78 in chips)
Seat 9: krytalex ($72 in chips)
krytalex: posts small blind $1
simper11: posts big blind $3
*** HOLE CARDS ***
krytalex: raises $3 to $6
simper11: calls $3
*** FLOP *** [5c Ac Jd]
simper11: checks
krytalex: bets $3
simper11: folds
Uncalled bet ($3) returned to krytalex
krytalex collected $11.76 from pot
*** SUMMARY ***
Total pot $12 | Rake $0.24
Board [5c Ac Jd]
Seat 5: simper11 (big blind) folded on the Flop
Seat 9: krytalex (button) (small blind) collected ($11.76)


PokerStars Hand #167941980856:  Hold'em Limit ($3/$6 USD) - 2017/03/22 7:43:16 ET
Table 'Tucapel' 10-max Seat #5 is the button
Seat 5: simper11 ($188.28 in chips)
Seat 9: krytalex ($72 in chips)
simper11: posts small blind $1
krytalex: posts big blind $3
*** HOLE CARDS ***
simper11: raises $3 to $6
krytalex: raises $3 to $9
simper11: calls $3
*** FLOP *** [Kd Qh Ts]
krytalex: bets $3
simper11: calls $3
*** TURN *** [Kd Qh Ts] [4s]
krytalex: bets $6
simper11: calls $6
*** RIVER *** [Kd Qh Ts 4s] [8s]
krytalex: checks
simper11: checks
*** SHOW DOWN ***
krytalex: shows [9d As] (high card Ace)
simper11: shows [9c Tc] (a pair of Tens)
simper11 collected $35.50 from pot
*** SUMMARY ***
Total pot $36 | Rake $0.50
Board [Kd Qh Ts 4s 8s]
Seat 5: simper11 (button) (small blind) showed [9c Tc] and won ($35.50) with a pair of Tens
Seat 9: krytalex (big blind) showed [9d As] and lost with high card Ace


PokerStars Hand #167941970243:  Hold'em Limit ($3/$6 USD) - 2017/03/22 7:42:53 ET
Table 'Tucapel' 10-max Seat #9 is the button
Seat 5: simper11 ($164.78 in chips)
Seat 9: krytalex ($72 in chips)
krytalex: posts small blind $1
simper11: posts big blind $3
*** HOLE CARDS ***
krytalex: raises $3 to $6
simper11: raises $3 to $9
krytalex: calls $3
*** FLOP *** [Qh 4c 6d]
simper11: bets $3
krytalex: calls $3
*** TURN *** [Qh 4c 6d] [3s]
simper11: bets $6
krytalex: calls $6
*** RIVER *** [Qh 4c 6d 3s] [5s]
simper11: bets $6
krytalex: calls $6
*** SHOW DOWN ***
simper11: shows [8s 8d] (a pair of Eights)
krytalex: mucks hand
simper11 collected $47.50 from pot
*** SUMMARY ***
Total pot $48 | Rake $0.50
Board [Qh 4c 6d 3s 5s]
Seat 5: simper11 (big blind) showed [8s 8d] and won ($47.50) with a pair of Eights
Seat 9: krytalex (button) (small blind) mucked


PokerStars Hand #167942023516:  Hold'em Limit ($3/$6 USD) - 2017/03/22 7:44:50 ET
Table 'Tucapel' 10-max Seat #9 is the button
Seat 5: simper11 ($189.42 in chips)
Seat 9: krytalex ($87.26 in chips)
krytalex: posts small blind $1
simper11: posts big blind $3
*** HOLE CARDS ***
krytalex: folds
Uncalled bet ($2) returned to simper11
simper11 collected $2 from pot
simper11: doesn't show hand
*** SUMMARY ***
Total pot $2 | Rake $0
Seat 5: simper11 (big blind) collected ($2)
Seat 9: krytalex (button) (small blind) folded before Flop


PokerStars Hand #167942021183:  Hold'em Limit ($3/$6 USD) - 2017/03/22 7:44:45 ET
Table 'Tucapel' 10-max Seat #5 is the button
Seat 5: simper11 ($190.42 in chips)
Seat 9: krytalex ($86.26 in chips)
simper11: posts small blind $1
krytalex: posts big blind $3
*** HOLE CARDS ***
simper11: folds
Uncalled bet ($2) returned to krytalex
krytalex collected $2 from pot
*** SUMMARY ***
Total pot $2 | Rake $0
Seat 5: simper11 (button) (small blind) folded before Flop
Seat 9: krytalex (big blind) collected ($2)


PokerStars Hand #167942011599:  Hold'em Limit ($3/$6 USD) - 2017/03/22 7:44:24 ET
Table 'Tucapel' 10-max Seat #9 is the button
Seat 5: simper11 ($181.78 in chips)
Seat 9: krytalex ($95.26 in chips)
krytalex: posts small blind $1
simper11: posts big blind $3
*** HOLE CARDS ***
krytalex: raises $3 to $6
simper11: calls $3
*** FLOP *** [6d Ac 3d]
simper11: checks
krytalex: bets $3
simper11: calls $3
*** TURN *** [6d Ac 3d] [Qs]
simper11: checks
krytalex: checks
*** RIVER *** [6d Ac 3d Qs] [As]
simper11: bets $6
krytalex: folds
Uncalled bet ($6) returned to simper11
simper11 collected $17.64 from pot
simper11: doesn't show hand
*** SUMMARY ***
Total pot $18 | Rake $0.36
Board [6d Ac 3d Qs As]
Seat 5: simper11 (big blind) collected ($17.64)
Seat 9: krytalex (button) (small blind) folded on the River


PokerStars Hand #167942001993:  Hold'em Limit ($3/$6 USD) - 2017/03/22 7:44:02 ET
Table 'Tucapel' 10-max Seat #5 is the button
Seat 5: simper11 ($199.78 in chips)
Seat 9: krytalex ($77.76 in chips)
simper11: posts small blind $1
krytalex: posts big blind $3
*** HOLE CARDS ***
simper11: raises $3 to $6
krytalex: raises $3 to $9
simper11: calls $3
*** FLOP *** [Kh Qh Js]
krytalex: bets $3
simper11: calls $3
*** TURN *** [Kh Qh Js] [Qd]
krytalex: checks
simper11: checks
*** RIVER *** [Kh Qh Js Qd] [5c]
krytalex: bets $6
simper11: calls $6
*** SHOW DOWN ***
krytalex: shows [Jc Tc] (two pair, Queens and Jacks)
simper11: mucks hand
krytalex collected $35.50 from pot
*** SUMMARY ***
Total pot $36 | Rake $0.50
Board [Kh Qh Js Qd 5c]
Seat 5: simper11 (button) (small blind) mucked
Seat 9: krytalex (big blind) showed [Jc Tc] and won ($35.50) with two pair, Queens and Jacks


PokerStars Hand #167942049603:  Hold'em Limit ($3/$6 USD) - 2017/03/22 7:45:33 ET
Table 'Tucapel' 10-max Seat #9 is the button
Seat 5: simper11 ($154.42 in chips)
Seat 9: krytalex ($121.76 in chips)
krytalex: posts small blind $1
simper11: posts big blind $3
*** HOLE CARDS ***
krytalex: raises $3 to $6
simper11: raises $3 to $9
krytalex: calls $3
*** FLOP *** [2d 9d Qd]
simper11: checks
krytalex: checks
*** TURN *** [2d 9d Qd] [Kc]
simper11: bets $6
krytalex: calls $6
*** RIVER *** [2d 9d Qd Kc] [Ks]
simper11: bets $6
krytalex: raises $6 to $12
simper11: calls $6
*** SHOW DOWN ***
krytalex: shows [Kh 8d] (three of a kind, Kings)
simper11: mucks hand
krytalex collected $53.50 from pot
*** SUMMARY ***
Total pot $54 | Rake $0.50
Board [2d 9d Qd Kc Ks]
Seat 5: simper11 (big blind) mucked
Seat 9: krytalex (button) (small blind) showed [Kh 8d] and won ($53.50) with three of a kind, Kings


PokerStars Hand #167942028202:  Hold'em Limit ($3/$6 USD) - 2017/03/22 7:45:00 ET
Table 'Tucapel' 10-max Seat #5 is the button
Seat 5: simper11 ($190.42 in chips)
Seat 9: krytalex ($86.26 in chips)
simper11: posts small blind $1
krytalex: posts big blind $3
*** HOLE CARDS ***
simper11: raises $3 to $6
krytalex: calls $3
*** FLOP *** [8h 5s Kd]
krytalex: checks
simper11: bets $3
krytalex: raises $3 to $6
simper11: calls $3
*** TURN *** [8h 5s Kd] [Td]
krytalex: bets $6
simper11: raises $6 to $12
krytalex: calls $6
*** RIVER *** [8h 5s Kd Td] [9s]
krytalex: checks
simper11: bets $6
krytalex: raises $6 to $12
simper11: calls $6
*** SHOW DOWN ***
krytalex: shows [9d Kc] (two pair, Kings and Nines)
simper11: mucks hand
krytalex collected $71.50 from pot
*** SUMMARY ***
Total pot $72 | Rake $0.50
Board [8h 5s Kd Td 9s]
Seat 5: simper11 (button) (small blind) mucked
Seat 9: krytalex (big blind) showed [9d Kc] and won ($71.50) with two pair, Kings and Nines


PokerStars Hand #167942064037:  Hold'em Limit ($3/$6 USD) - 2017/03/22 7:46:04 ET
Table 'Tucapel' 10-max Seat #5 is the button
Seat 5: simper11 ($127.42 in chips)
Seat 9: krytalex ($148.26 in chips)
simper11: posts small blind $1
krytalex: posts big blind $3
*** HOLE CARDS ***
simper11: raises $3 to $6
krytalex: calls $3
*** FLOP *** [6s Ad Qh]
krytalex: checks
simper11: bets $3
krytalex: folds
Uncalled bet ($3) returned to simper11
simper11 collected $11.76 from pot
simper11: doesn't show hand
*** SUMMARY ***
Total pot $12 | Rake $0.24
Board [6s Ad Qh]
Seat 5: simper11 (button) (small blind) collected ($11.76)
Seat 9: krytalex (big blind) folded on the Flop


PokerStars Hand #167942071260:  Hold'em Limit ($3/$6 USD) - 2017/03/22 7:46:20 ET
Table 'Tucapel' 10-max Seat #9 is the button
Seat 5: simper11 ($133.18 in chips)
Seat 9: krytalex ($142.26 in chips)
krytalex: posts small blind $1
simper11: posts big blind $3
*** HOLE CARDS ***
krytalex: raises $3 to $6
simper11: calls $3
*** FLOP *** [4c 5d Kc]
simper11: checks
krytalex: bets $3
simper11: raises $3 to $6
krytalex: calls $3
*** TURN *** [4c 5d Kc] [Kd]
simper11: bets $6
krytalex: calls $6
*** RIVER *** [4c 5d Kc Kd] [Td]
simper11: bets $6
krytalex: calls $6
*** SHOW DOWN ***
simper11: shows [6d 7c] (a pair of Kings)
krytalex: shows [As 3s] (a pair of Kings - Ace kicker)
krytalex collected $47.50 from pot
*** SUMMARY ***
Total pot $48 | Rake $0.50
Board [4c 5d Kc Kd Td]
Seat 5: simper11 (big blind) showed [6d 7c] and lost with a pair of Kings
Seat 9: krytalex (button) (small blind) showed [As 3s] and won ($47.50) with a pair of Kings


PokerStars Hand #167942081219:  Hold'em Limit ($3/$6 USD) - 2017/03/22 7:46:41 ET
Table 'Tucapel' 10-max Seat #5 is the button
Seat 5: simper11 ($120 in chips)
Seat 9: krytalex ($165.76 in chips)
simper11: posts small blind $1
krytalex: posts big blind $3
*** HOLE CARDS ***
simper11: folds
Uncalled bet ($2) returned to krytalex
krytalex collected $2 from pot
*** SUMMARY ***
Total pot $2 | Rake $0
Seat 5: simper11 (button) (small blind) folded before Flop
Seat 9: krytalex (big blind) collected ($2)


PokerStars Hand #167942083881:  Hold'em Limit ($3/$6 USD) - 2017/03/22 7:46:47 ET
Table 'Tucapel' 10-max Seat #9 is the button
Seat 5: simper11 ($120 in chips)
Seat 9: krytalex ($166.76 in chips)
krytalex: posts small blind $1
simper11: posts big blind $3
*** HOLE CARDS ***
krytalex said, "ne naigralsya?"
krytalex said, "rake to mesit'"
krytalex has timed out
krytalex: folds
Uncalled bet ($2) returned to simper11
simper11 collected $2 from pot
simper11: doesn't show hand
*** SUMMARY ***
Total pot $2 | Rake $0
Seat 5: simper11 (big blind) collected ($2)
Seat 9: krytalex (button) (small blind) folded before Flop


