PokerStars Hand #152938892753:  Hold'em Limit ($3/$6 USD) - 2016/05/06 14:01:10 ET
Table 'Tucana' 6-max Seat #1 is the button
Seat 1: loretta849 ($120 in chips)
Seat 2: kolaz03 ($72 in chips)
loretta849: posts small blind $1
kolaz03: posts big blind $3
*** HOLE CARDS ***
loretta849 has timed out
loretta849: folds
Uncalled bet ($2) returned to kolaz03
kolaz03 collected $2 from pot
kolaz03: doesn't show hand
*** SUMMARY ***
Total pot $2 | Rake $0
Seat 1: loretta849 (button) (small blind) folded before Flop
Seat 2: kolaz03 (big blind) collected ($2)


PokerStars Hand #152938969812:  Hold'em Limit ($3/$6 USD) - 2016/05/06 14:03:01 ET
Table 'Tucana' 6-max Seat #1 is the button
Seat 1: loretta849 ($120 in chips)
Seat 2: kolaz03 ($72 in chips)
loretta849: posts small blind $1
kolaz03: posts big blind $3
*** HOLE CARDS ***
loretta849: raises $3 to $6
kolaz03: calls $3
*** FLOP *** [As Kd 8h]
kolaz03: checks
loretta849: bets $3
kolaz03: folds
Uncalled bet ($3) returned to loretta849
loretta849 collected $11.76 from pot
loretta849: doesn't show hand
*** SUMMARY ***
Total pot $12 | Rake $0.24
Board [As Kd 8h]
Seat 1: loretta849 (button) (small blind) collected ($11.76)
Seat 2: kolaz03 (big blind) folded on the Flop


PokerStars Hand #152938961020:  Hold'em Limit ($3/$6 USD) - 2016/05/06 14:02:49 ET
Table 'Tucana' 6-max Seat #2 is the button
Seat 1: loretta849 ($119 in chips)
Seat 2: kolaz03 ($73 in chips)
kolaz03: posts small blind $1
loretta849: posts big blind $3
*** HOLE CARDS ***
kolaz03: folds
Uncalled bet ($2) returned to loretta849
loretta849 collected $2 from pot
loretta849: doesn't show hand
*** SUMMARY ***
Total pot $2 | Rake $0
Seat 1: loretta849 (big blind) collected ($2)
Seat 2: kolaz03 (button) (small blind) folded before Flop


PokerStars Hand #152939004296:  Hold'em Limit ($3/$6 USD) - 2016/05/06 14:03:49 ET
Table 'Tucana' 6-max Seat #1 is the button
Seat 1: loretta849 ($107.76 in chips)
Seat 2: kolaz03 ($89.50 in chips)
loretta849: posts small blind $1
kolaz03: posts big blind $3
*** HOLE CARDS ***
vestimokrec joins the table at seat #3
loretta849: raises $3 to $6
kolaz03: calls $3
*** FLOP *** [9s 9h 4s]
kolaz03: checks
loretta849: bets $3
kolaz03: raises $3 to $6
loretta849: calls $3
*** TURN *** [9s 9h 4s] [7c]
kolaz03: bets $6
loretta849: folds
Uncalled bet ($6) returned to kolaz03
kolaz03 collected $23.52 from pot
kolaz03: doesn't show hand
*** SUMMARY ***
Total pot $24 | Rake $0.48
Board [9s 9h 4s 7c]
Seat 1: loretta849 (button) (small blind) folded on the Turn
Seat 2: kolaz03 (big blind) collected ($23.52)


PokerStars Hand #152938990683:  Hold'em Limit ($3/$6 USD) - 2016/05/06 14:03:30 ET
Table 'Tucana' 6-max Seat #2 is the button
Seat 1: loretta849 ($125.76 in chips)
Seat 2: kolaz03 ($72 in chips)
kolaz03: posts small blind $1
loretta849: posts big blind $3
*** HOLE CARDS ***
kolaz03: raises $3 to $6
loretta849: calls $3
*** FLOP *** [Ad 8h 3s]
loretta849: checks
kolaz03: checks
*** TURN *** [Ad 8h 3s] [Ts]
loretta849: bets $6
kolaz03: calls $6
*** RIVER *** [Ad 8h 3s Ts] [Kc]
loretta849: checks
kolaz03: bets $6
loretta849: calls $6
*** SHOW DOWN ***
kolaz03: shows [Kh Kd] (three of a kind, Kings)
loretta849: mucks hand
kolaz03 collected $35.50 from pot
*** SUMMARY ***
Total pot $36 | Rake $0.50
Board [Ad 8h 3s Ts Kc]
Seat 1: loretta849 (big blind) mucked
Seat 2: kolaz03 (button) (small blind) showed [Kh Kd] and won ($35.50) with three of a kind, Kings


PokerStars Hand #152939067221:  Hold'em Limit ($3/$6 USD) - 2016/05/06 14:05:15 ET
Table 'Tucana' 6-max Seat #1 is the button
Seat 1: loretta849 ($82.40 in chips)
Seat 2: kolaz03 ($88.02 in chips)
loretta849: posts small blind $1
kolaz03: posts big blind $3
*** HOLE CARDS ***
loretta849: raises $3 to $6
kolaz03: calls $3
*** FLOP *** [7d Qd Jh]
kolaz03: checks
loretta849: bets $3
kolaz03: calls $3
*** TURN *** [7d Qd Jh] [Td]
kolaz03: checks
loretta849: bets $6
kolaz03: folds
Uncalled bet ($6) returned to loretta849
loretta849 collected $17.64 from pot
loretta849: doesn't show hand
*** SUMMARY ***
Total pot $18 | Rake $0.36
Board [7d Qd Jh Td]
Seat 1: loretta849 (button) (small blind) collected ($17.64)
Seat 2: kolaz03 (big blind) folded on the Turn


PokerStars Hand #152939052293:  Hold'em Limit ($3/$6 USD) - 2016/05/06 14:04:55 ET
Table 'Tucana' 6-max Seat #2 is the button
Seat 1: loretta849 ($73.76 in chips)
Seat 2: kolaz03 ($97.02 in chips)
kolaz03: posts small blind $1
vestimokrec: is sitting out
loretta849: posts big blind $3
*** HOLE CARDS ***
kolaz03: raises $3 to $6
loretta849: raises $3 to $9
kolaz03: calls $3
*** FLOP *** [5h 5c Ah]
vestimokrec leaves the table
loretta849: bets $3
kolaz03: folds
Uncalled bet ($3) returned to loretta849
loretta849 collected $17.64 from pot
loretta849: doesn't show hand
*** SUMMARY ***
Total pot $18 | Rake $0.36
Board [5h 5c Ah]
Seat 1: loretta849 (big blind) collected ($17.64)
Seat 2: kolaz03 (button) (small blind) folded on the Flop


PokerStars Hand #152939116513:  Hold'em Limit ($3/$6 USD) - 2016/05/06 14:06:23 ET
Table 'Tucana' 6-max Seat #2 is the button
Seat 1: loretta849 ($64.04 in chips)
Seat 2: kolaz03 ($105.28 in chips)
kolaz03: posts small blind $1
loretta849: posts big blind $3
*** HOLE CARDS ***
kolaz03: raises $3 to $6
loretta849: folds
Uncalled bet ($3) returned to kolaz03
kolaz03 collected $6 from pot
kolaz03: doesn't show hand
*** SUMMARY ***
Total pot $6 | Rake $0
Seat 1: loretta849 (big blind) folded before Flop
Seat 2: kolaz03 (button) (small blind) collected ($6)


PokerStars Hand #152939099438:  Hold'em Limit ($3/$6 USD) - 2016/05/06 14:05:59 ET
Table 'Tucana' 6-max Seat #1 is the button
Seat 1: loretta849 ($85.04 in chips)
Seat 2: kolaz03 ($84.78 in chips)
loretta849: posts small blind $1
kolaz03: posts big blind $3
*** HOLE CARDS ***
loretta849: raises $3 to $6
kolaz03: calls $3
*** FLOP *** [3c Jc 9h]
kolaz03: checks
loretta849: bets $3
kolaz03: calls $3
*** TURN *** [3c Jc 9h] [5d]
kolaz03: checks
loretta849: bets $6
kolaz03: calls $6
*** RIVER *** [3c Jc 9h 5d] [2d]
kolaz03: checks
loretta849: bets $6
kolaz03: calls $6
*** SHOW DOWN ***
loretta849: shows [6d 8c] (high card Jack)
kolaz03: shows [7d Ks] (high card King)
kolaz03 collected $41.50 from pot
*** SUMMARY ***
Total pot $42 | Rake $0.50
Board [3c Jc 9h 5d 2d]
Seat 1: loretta849 (button) (small blind) showed [6d 8c] and lost with high card Jack
Seat 2: kolaz03 (big blind) showed [7d Ks] and won ($41.50) with high card King


PokerStars Hand #152939087502:  Hold'em Limit ($3/$6 USD) - 2016/05/06 14:05:43 ET
Table 'Tucana' 6-max Seat #2 is the button
Seat 1: loretta849 ($91.04 in chips)
Seat 2: kolaz03 ($79.02 in chips)
kolaz03: posts small blind $1
loretta849: posts big blind $3
*** HOLE CARDS ***
kolaz03: raises $3 to $6
loretta849: calls $3
*** FLOP *** [Th 4c Tc]
loretta849: checks
kolaz03: bets $3
loretta849: folds
Uncalled bet ($3) returned to kolaz03
kolaz03 collected $11.76 from pot
kolaz03: doesn't show hand
*** SUMMARY ***
Total pot $12 | Rake $0.24
Board [Th 4c Tc]
Seat 1: loretta849 (big blind) folded on the Flop
Seat 2: kolaz03 (button) (small blind) collected ($11.76)


PokerStars Hand #152939170309:  Hold'em Limit ($3/$6 USD) - 2016/05/06 14:07:36 ET
Table 'Tucana' 6-max Seat #2 is the button
Seat 1: loretta849 ($48.80 in chips)
Seat 2: kolaz03 ($119.44 in chips)
kolaz03: posts small blind $1
loretta849: posts big blind $3
*** HOLE CARDS ***
kolaz03: folds
Uncalled bet ($2) returned to loretta849
loretta849 collected $2 from pot
loretta849: doesn't show hand
*** SUMMARY ***
Total pot $2 | Rake $0
Seat 1: loretta849 (big blind) collected ($2)
Seat 2: kolaz03 (button) (small blind) folded before Flop


PokerStars Hand #152939159070:  Hold'em Limit ($3/$6 USD) - 2016/05/06 14:07:20 ET
Table 'Tucana' 6-max Seat #1 is the button
Seat 1: loretta849 ($43.04 in chips)
Seat 2: kolaz03 ($125.44 in chips)
loretta849: posts small blind $1
kolaz03: posts big blind $3
*** HOLE CARDS ***
loretta849: raises $3 to $6
kolaz03: calls $3
*** FLOP *** [Jh Th 3c]
kolaz03: checks
loretta849: bets $3
kolaz03: folds
Uncalled bet ($3) returned to loretta849
loretta849 collected $11.76 from pot
loretta849: doesn't show hand
*** SUMMARY ***
Total pot $12 | Rake $0.24
Board [Jh Th 3c]
Seat 1: loretta849 (button) (small blind) collected ($11.76)
Seat 2: kolaz03 (big blind) folded on the Flop


PokerStars Hand #152939150024:  Hold'em Limit ($3/$6 USD) - 2016/05/06 14:07:08 ET
Table 'Tucana' 6-max Seat #2 is the button
Seat 1: loretta849 ($49.04 in chips)
Seat 2: kolaz03 ($119.68 in chips)
kolaz03: posts small blind $1
loretta849: posts big blind $3
*** HOLE CARDS ***
kolaz03: raises $3 to $6
loretta849: calls $3
*** FLOP *** [Ah 2c 8h]
loretta849: checks
kolaz03: bets $3
loretta849: folds
Uncalled bet ($3) returned to kolaz03
kolaz03 collected $11.76 from pot
kolaz03: doesn't show hand
*** SUMMARY ***
Total pot $12 | Rake $0.24
Board [Ah 2c 8h]
Seat 1: loretta849 (big blind) folded on the Flop
Seat 2: kolaz03 (button) (small blind) collected ($11.76)


PokerStars Hand #152939145548:  Hold'em Limit ($3/$6 USD) - 2016/05/06 14:07:02 ET
Table 'Tucana' 6-max Seat #1 is the button
Seat 1: loretta849 ($46.04 in chips)
Seat 2: kolaz03 ($122.68 in chips)
loretta849: posts small blind $1
kolaz03: posts big blind $3
*** HOLE CARDS ***
loretta849: raises $3 to $6
kolaz03: folds
Uncalled bet ($3) returned to loretta849
loretta849 collected $6 from pot
loretta849: doesn't show hand
*** SUMMARY ***
Total pot $6 | Rake $0
Seat 1: loretta849 (button) (small blind) collected ($6)
Seat 2: kolaz03 (big blind) folded before Flop


PokerStars Hand #152939135015:  Hold'em Limit ($3/$6 USD) - 2016/05/06 14:06:48 ET
Table 'Tucana' 6-max Seat #2 is the button
Seat 1: loretta849 ($52.04 in chips)
Seat 2: kolaz03 ($116.92 in chips)
kolaz03: posts small blind $1
loretta849: posts big blind $3
*** HOLE CARDS ***
kolaz03: raises $3 to $6
loretta849: calls $3
*** FLOP *** [Qd 9h Qc]
loretta849: checks
kolaz03: bets $3
loretta849: folds
Uncalled bet ($3) returned to kolaz03
kolaz03 collected $11.76 from pot
kolaz03: doesn't show hand
*** SUMMARY ***
Total pot $12 | Rake $0.24
Board [Qd 9h Qc]
Seat 1: loretta849 (big blind) folded on the Flop
Seat 2: kolaz03 (button) (small blind) collected ($11.76)


PokerStars Hand #152939122391:  Hold'em Limit ($3/$6 USD) - 2016/05/06 14:06:31 ET
Table 'Tucana' 6-max Seat #1 is the button
Seat 1: loretta849 ($61.04 in chips)
Seat 2: kolaz03 ($108.28 in chips)
loretta849: posts small blind $1
kolaz03: posts big blind $3
*** HOLE CARDS ***
loretta849: raises $3 to $6
kolaz03: calls $3
*** FLOP *** [3s Ad Ac]
kolaz03: checks
loretta849: bets $3
kolaz03: calls $3
*** TURN *** [3s Ad Ac] [2c]
kolaz03: checks
loretta849: checks
*** RIVER *** [3s Ad Ac 2c] [Th]
kolaz03: checks
loretta849: checks
*** SHOW DOWN ***
kolaz03: shows [7d Qh] (a pair of Aces)
loretta849: mucks hand
kolaz03 collected $17.64 from pot
*** SUMMARY ***
Total pot $18 | Rake $0.36
Board [3s Ad Ac 2c Th]
Seat 1: loretta849 (button) (small blind) mucked
Seat 2: kolaz03 (big blind) showed [7d Qh] and won ($17.64) with a pair of Aces


PokerStars Hand #152939213241:  Hold'em Limit ($3/$6 USD) - 2016/05/06 14:08:34 ET
Table 'Tucana' 6-max Seat #2 is the button
Seat 1: loretta849 ($27.80 in chips)
Seat 2: kolaz03 ($139.94 in chips)
kolaz03: posts small blind $1
loretta849: posts big blind $3
*** HOLE CARDS ***
kolaz03: folds
Uncalled bet ($2) returned to loretta849
loretta849 collected $2 from pot
loretta849: doesn't show hand
*** SUMMARY ***
Total pot $2 | Rake $0
Seat 1: loretta849 (big blind) collected ($2)
Seat 2: kolaz03 (button) (small blind) folded before Flop


PokerStars Hand #152939200921:  Hold'em Limit ($3/$6 USD) - 2016/05/06 14:08:17 ET
Table 'Tucana' 6-max Seat #1 is the button
Seat 1: loretta849 ($24.80 in chips)
Seat 2: kolaz03 ($142.94 in chips)
loretta849: posts small blind $1
kolaz03: posts big blind $3
*** HOLE CARDS ***
loretta849: raises $3 to $6
kolaz03: folds
Uncalled bet ($3) returned to loretta849
loretta849 collected $6 from pot
loretta849: doesn't show hand
*** SUMMARY ***
Total pot $6 | Rake $0
Seat 1: loretta849 (button) (small blind) collected ($6)
Seat 2: kolaz03 (big blind) folded before Flop


PokerStars Hand #152939177405:  Hold'em Limit ($3/$6 USD) - 2016/05/06 14:07:45 ET
Table 'Tucana' 6-max Seat #2 is the button
Seat 1: loretta849 ($48.80 in chips)
Seat 2: kolaz03 ($119.44 in chips)
kolaz03: posts small blind $1
loretta849: posts big blind $3
*** HOLE CARDS ***
kolaz03: raises $3 to $6
loretta849: calls $3
*** FLOP *** [Qh 8c 9h]
loretta849: checks
kolaz03: bets $3
loretta849: raises $3 to $6
kolaz03: calls $3
*** TURN *** [Qh 8c 9h] [9d]
loretta849: bets $6
kolaz03: raises $6 to $12
loretta849: calls $6
*** RIVER *** [Qh 8c 9h 9d] [8s]
loretta849: checks
kolaz03: bets $6
loretta849: folds
Uncalled bet ($6) returned to kolaz03
kolaz03 collected $47.50 from pot
kolaz03: doesn't show hand
*** SUMMARY ***
Total pot $48 | Rake $0.50
Board [Qh 8c 9h 9d 8s]
Seat 1: loretta849 (big blind) folded on the River
Seat 2: kolaz03 (button) (small blind) collected ($47.50)


PokerStars Hand #152939173627:  Hold'em Limit ($3/$6 USD) - 2016/05/06 14:07:40 ET
Table 'Tucana' 6-max Seat #1 is the button
Seat 1: loretta849 ($49.80 in chips)
Seat 2: kolaz03 ($118.44 in chips)
loretta849: posts small blind $1
kolaz03: posts big blind $3
*** HOLE CARDS ***
loretta849: folds
Uncalled bet ($2) returned to kolaz03
kolaz03 collected $2 from pot
kolaz03: doesn't show hand
*** SUMMARY ***
Total pot $2 | Rake $0
Seat 1: loretta849 (button) (small blind) folded before Flop
Seat 2: kolaz03 (big blind) collected ($2)


PokerStars Hand #152939246572:  Hold'em Limit ($3/$6 USD) - 2016/05/06 14:09:20 ET
Table 'Tucana' 6-max Seat #1 is the button
Seat 1: loretta849 ($22.80 in chips)
Seat 2: kolaz03 ($144.58 in chips)
loretta849: posts small blind $1
kolaz03: posts big blind $3
*** HOLE CARDS ***
loretta849: raises $3 to $6
kolaz03: raises $3 to $9
loretta849: calls $3
*** FLOP *** [3d As 3c]
kolaz03: bets $3
loretta849: folds
Uncalled bet ($3) returned to kolaz03
kolaz03 collected $17.64 from pot
kolaz03: doesn't show hand
*** SUMMARY ***
Total pot $18 | Rake $0.36
Board [3d As 3c]
Seat 1: loretta849 (button) (small blind) folded on the Flop
Seat 2: kolaz03 (big blind) collected ($17.64)


PokerStars Hand #152939226641:  Hold'em Limit ($3/$6 USD) - 2016/05/06 14:08:52 ET
Table 'Tucana' 6-max Seat #2 is the button
Seat 1: loretta849 ($31.80 in chips)
Seat 2: kolaz03 ($135.94 in chips)
kolaz03: posts small blind $1
loretta849: posts big blind $3
*** HOLE CARDS ***
kolaz03: raises $3 to $6
loretta849: calls $3
*** FLOP *** [5h Qh 7c]
loretta849: checks
kolaz03: bets $3
loretta849: calls $3
*** TURN *** [5h Qh 7c] [As]
loretta849: checks
kolaz03: bets $6
loretta849: folds
Uncalled bet ($6) returned to kolaz03
kolaz03 collected $17.64 from pot
kolaz03: doesn't show hand
*** SUMMARY ***
Total pot $18 | Rake $0.36
Board [5h Qh 7c As]
Seat 1: loretta849 (big blind) folded on the Turn
Seat 2: kolaz03 (button) (small blind) collected ($17.64)


PokerStars Hand #152939218490:  Hold'em Limit ($3/$6 USD) - 2016/05/06 14:08:41 ET
Table 'Tucana' 6-max Seat #1 is the button
Seat 1: loretta849 ($28.80 in chips)
Seat 2: kolaz03 ($138.94 in chips)
loretta849: posts small blind $1
kolaz03: posts big blind $3
*** HOLE CARDS ***
loretta849: raises $3 to $6
kolaz03: folds
Uncalled bet ($3) returned to loretta849
loretta849 collected $6 from pot
loretta849: doesn't show hand
*** SUMMARY ***
Total pot $6 | Rake $0
Seat 1: loretta849 (button) (small blind) collected ($6)
Seat 2: kolaz03 (big blind) folded before Flop


PokerStars Hand #152939498766:  Hold'em Limit ($3/$6 USD) - 2016/05/06 14:15:05 ET
Table 'Tucana' 6-max Seat #3 is the button
Seat 2: loretta849 ($102 in chips)
Seat 3: kolaz03 ($89.50 in chips)
kolaz03: posts small blind $1
loretta849: posts big blind $3
*** HOLE CARDS ***
kolaz03: raises $3 to $6
loretta849: raises $3 to $9
kolaz03: calls $3
*** FLOP *** [7d 3d Tc]
loretta849: bets $3
kolaz03: calls $3
*** TURN *** [7d 3d Tc] [5s]
loretta849: bets $6
kolaz03: calls $6
*** RIVER *** [7d 3d Tc 5s] [Qd]
loretta849: bets $6
kolaz03: folds
Uncalled bet ($6) returned to loretta849
loretta849 collected $35.50 from pot
loretta849: doesn't show hand
*** SUMMARY ***
Total pot $36 | Rake $0.50
Board [7d 3d Tc 5s Qd]
Seat 2: loretta849 (big blind) collected ($35.50)
Seat 3: kolaz03 (button) (small blind) folded on the River


PokerStars Hand #152939473566:  Hold'em Limit ($3/$6 USD) - 2016/05/06 14:14:31 ET
Table 'Tucana' 6-max Seat #2 is the button
Seat 2: loretta849 ($120 in chips)
Seat 3: kolaz03 ($72 in chips)
loretta849: posts small blind $1
kolaz03: posts big blind $3
*** HOLE CARDS ***
loretta849: calls $2
kolaz03: raises $3 to $6
loretta849: calls $3
*** FLOP *** [7h 4d Jc]
kolaz03: bets $3
loretta849: raises $3 to $6
kolaz03: calls $3
*** TURN *** [7h 4d Jc] [Ac]
kolaz03: checks
loretta849: bets $6
kolaz03: raises $6 to $12
loretta849: folds
Uncalled bet ($6) returned to kolaz03
kolaz03 collected $35.50 from pot
kolaz03: doesn't show hand
*** SUMMARY ***
Total pot $36 | Rake $0.50
Board [7h 4d Jc Ac]
Seat 2: loretta849 (button) (small blind) folded on the Turn
Seat 3: kolaz03 (big blind) collected ($35.50)


PokerStars Hand #152939515748:  Hold'em Limit ($3/$6 USD) - 2016/05/06 14:15:28 ET
Table 'Tucana' 6-max Seat #2 is the button
Seat 2: loretta849 ($119.50 in chips)
Seat 3: kolaz03 ($72 in chips)
loretta849: posts small blind $1
kolaz03: posts big blind $3
*** HOLE CARDS ***
loretta849: raises $3 to $6
kolaz03: calls $3
*** FLOP *** [Kh 7h Js]
kolaz03: checks
loretta849: bets $3
kolaz03: raises $3 to $6
loretta849: calls $3
*** TURN *** [Kh 7h Js] [3c]
kolaz03: bets $6
loretta849: calls $6
*** RIVER *** [Kh 7h Js 3c] [Qs]
kolaz03: bets $6
loretta849: folds
Uncalled bet ($6) returned to kolaz03
kolaz03 collected $35.50 from pot
kolaz03: doesn't show hand
*** SUMMARY ***
Total pot $36 | Rake $0.50
Board [Kh 7h Js 3c Qs]
Seat 2: loretta849 (button) (small blind) folded on the River
Seat 3: kolaz03 (big blind) collected ($35.50)


PokerStars Hand #152939546440:  Hold'em Limit ($3/$6 USD) - 2016/05/06 14:16:10 ET
Table 'Tucana' 6-max Seat #3 is the button
Seat 2: loretta849 ($101.50 in chips)
Seat 3: kolaz03 ($89.50 in chips)
kolaz03: posts small blind $1
loretta849: posts big blind $3
*** HOLE CARDS ***
kolaz03: folds
Uncalled bet ($2) returned to loretta849
loretta849 collected $2 from pot
loretta849: doesn't show hand
*** SUMMARY ***
Total pot $2 | Rake $0
Seat 2: loretta849 (big blind) collected ($2)
Seat 3: kolaz03 (button) (small blind) folded before Flop


PokerStars Hand #152939549669:  Hold'em Limit ($3/$6 USD) - 2016/05/06 14:16:15 ET
Table 'Tucana' 6-max Seat #2 is the button
Seat 2: loretta849 ($102.50 in chips)
Seat 3: kolaz03 ($88.50 in chips)
loretta849: posts small blind $1
kolaz03: posts big blind $3
*** HOLE CARDS ***
loretta849: raises $3 to $6
kolaz03: calls $3
*** FLOP *** [Ad 9s Qh]
kolaz03: checks
loretta849: bets $3
kolaz03: raises $3 to $6
loretta849: folds
Uncalled bet ($3) returned to kolaz03
kolaz03 collected $17.64 from pot
kolaz03: doesn't show hand
*** SUMMARY ***
Total pot $18 | Rake $0.36
Board [Ad 9s Qh]
Seat 2: loretta849 (button) (small blind) folded on the Flop
Seat 3: kolaz03 (big blind) collected ($17.64)


PokerStars Hand #152939566990:  Hold'em Limit ($3/$6 USD) - 2016/05/06 14:16:39 ET
Table 'Tucana' 6-max Seat #3 is the button
Seat 2: loretta849 ($93.50 in chips)
Seat 3: kolaz03 ($97.14 in chips)
kolaz03: posts small blind $1
loretta849: posts big blind $3
*** HOLE CARDS ***
kolaz03: raises $3 to $6
loretta849: calls $3
*** FLOP *** [Ac Qd 3s]
loretta849: checks
kolaz03: bets $3
loretta849: folds
Uncalled bet ($3) returned to kolaz03
kolaz03 collected $11.76 from pot
kolaz03: doesn't show hand
*** SUMMARY ***
Total pot $12 | Rake $0.24
Board [Ac Qd 3s]
Seat 2: loretta849 (big blind) folded on the Flop
Seat 3: kolaz03 (button) (small blind) collected ($11.76)


PokerStars Hand #152939577247:  Hold'em Limit ($3/$6 USD) - 2016/05/06 14:16:53 ET
Table 'Tucana' 6-max Seat #2 is the button
Seat 2: loretta849 ($87.50 in chips)
Seat 3: kolaz03 ($102.90 in chips)
loretta849: posts small blind $1
kolaz03: posts big blind $3
*** HOLE CARDS ***
loretta849: raises $3 to $6
kolaz03: calls $3
*** FLOP *** [6c Jh Ac]
Krazy90 joins the table at seat #4
kolaz03: checks
loretta849: bets $3
kolaz03: raises $3 to $6
loretta849: raises $3 to $9
kolaz03: calls $3
*** TURN *** [6c Jh Ac] [3s]
kolaz03: checks
loretta849: bets $6
kolaz03: calls $6
*** RIVER *** [6c Jh Ac 3s] [6s]
kolaz03: checks
loretta849: checks
*** SHOW DOWN ***
kolaz03: shows [2c 5c] (a pair of Sixes)
loretta849: shows [Js Ks] (two pair, Jacks and Sixes)
loretta849 collected $41.50 from pot
*** SUMMARY ***
Total pot $42 | Rake $0.50
Board [6c Jh Ac 3s 6s]
Seat 2: loretta849 (button) (small blind) showed [Js Ks] and won ($41.50) with two pair, Jacks and Sixes
Seat 3: kolaz03 (big blind) showed [2c 5c] and lost with a pair of Sixes


