PokerStars Hand #162286244892:  Hold'em Limit ($3/$6 USD) - 2016/12/02 8:16:30 ET
Table 'Tucapel II' 6-max Seat #5 is the button
Seat 2: zeldar ($15.71 in chips)
Seat 5: Johnny D721 ($155.10 in chips)
Johnny D721: posts small blind $1
vestimokrec: is sitting out
zeldar: posts big blind $3
*** HOLE CARDS ***
Johnny D721: calls $2
zeldar: checks
*** FLOP *** [2h 3h 8h]
zeldar: bets $3
Johnny D721: calls $3
*** TURN *** [2h 3h 8h] [Kd]
zeldar: bets $6
Johnny D721: calls $6
*** RIVER *** [2h 3h 8h Kd] [9h]
zeldar: bets $3.71 and is all-in
Johnny D721: calls $3.71
*** SHOW DOWN ***
zeldar: shows [2s Jc] (a pair of Deuces)
Johnny D721: shows [9s 2d] (two pair, Nines and Deuces)
Johnny D721 collected $30.92 from pot
*** SUMMARY ***
Total pot $31.42 | Rake $0.50
Board [2h 3h 8h Kd 9h]
Seat 2: zeldar (big blind) showed [2s Jc] and lost with a pair of Deuces
Seat 5: Johnny D721 (button) (small blind) showed [9s 2d] and won ($30.92) with two pair, Nines and Deuces


PokerStars Hand #162286314288:  Hold'em Limit ($3/$6 USD) - 2016/12/02 8:18:29 ET
Table 'Tucapel II' 6-max Seat #5 is the button
Seat 1: vestimokrec ($106.20 in chips)
Seat 5: Johnny D721 ($170.31 in chips)
Johnny D721: posts small blind $1
vestimokrec: posts big blind $3
*** HOLE CARDS ***
Johnny D721: calls $2
vestimokrec: checks
*** FLOP *** [Ks 8s 4d]
vestimokrec: checks
Johnny D721: bets $3
vestimokrec: folds
Uncalled bet ($3) returned to Johnny D721
Johnny D721 collected $5.88 from pot
*** SUMMARY ***
Total pot $6 | Rake $0.12
Board [Ks 8s 4d]
Seat 1: vestimokrec (big blind) folded on the Flop
Seat 5: Johnny D721 (button) (small blind) collected ($5.88)


PokerStars Hand #162286374604:  Hold'em Limit ($3/$6 USD) - 2016/12/02 8:20:13 ET
Table 'Tucapel II' 6-max Seat #4 is the button
Seat 4: zeldar ($35.99 in chips)
Seat 5: Johnny D721 ($173.19 in chips)
zeldar: posts small blind $1
Johnny D721: posts big blind $3
*** HOLE CARDS ***
zeldar: raises $3 to $6
Johnny D721: calls $3
*** FLOP *** [Jh 7d Jc]
Johnny D721: checks
nordschrott joins the table at seat #6
zeldar: checks
*** TURN *** [Jh 7d Jc] [6h]
Johnny D721: bets $6
zeldar: calls $6
*** RIVER *** [Jh 7d Jc 6h] [Ts]
Ale4o joins the table at seat #2
Johnny D721: bets $6
zeldar: calls $6
*** SHOW DOWN ***
Johnny D721: shows [6d Jd] (a full house, Jacks full of Sixes)
zeldar: mucks hand
Johnny D721 collected $35.50 from pot
*** SUMMARY ***
Total pot $36 | Rake $0.50
Board [Jh 7d Jc 6h Ts]
Seat 4: zeldar (button) (small blind) mucked
Seat 5: Johnny D721 (big blind) showed [6d Jd] and won ($35.50) with a full house, Jacks full of Sixes


PokerStars Hand #162294448240:  Hold'em Limit ($3/$6 USD) - 2016/12/02 11:41:36 ET
Table 'Tucapel II' 6-max Seat #2 is the button
Seat 2: krytalex ($128.19 in chips)
Seat 6: RockKillerTY ($269.69 in chips)
krytalex: posts small blind $1
Agrotait: is sitting out
Pelurile: is sitting out
RockKillerTY: posts big blind $3
*** HOLE CARDS ***
Pelurile leaves the table
Agrotait leaves the table
krytalex: raises $3 to $6
RockKillerTY: folds
Uncalled bet ($3) returned to krytalex
krytalex collected $6 from pot
*** SUMMARY ***
Total pot $6 | Rake $0
Seat 2: krytalex (button) (small blind) collected ($6)
Seat 6: RockKillerTY (big blind) folded before Flop


