PokerStars Hand #147508116675:  Hold'em Limit ($3/$6 USD) - 2016/01/22 18:47:21 ET
Table 'Tucapel' 2-max Seat #1 is the button
Seat 1: TinaTurner72 ($101 in chips)
Seat 2: DutchGiant26 ($660.71 in chips)
TinaTurner72: posts small blind $1
DutchGiant26: posts big blind $3
*** HOLE CARDS ***
TinaTurner72: raises $3 to $6
DutchGiant26: calls $3
*** FLOP *** [7s 3d 5h]
DutchGiant26: checks
TinaTurner72: bets $3
DutchGiant26: calls $3
*** TURN *** [7s 3d 5h] [3s]
DutchGiant26: checks
TinaTurner72: bets $6
DutchGiant26: folds
Uncalled bet ($6) returned to TinaTurner72
TinaTurner72 collected $17.64 from pot
TinaTurner72: doesn't show hand
*** SUMMARY ***
Total pot $18 | Rake $0.36
Board [7s 3d 5h 3s]
Seat 1: TinaTurner72 (button) (small blind) collected ($17.64)
Seat 2: DutchGiant26 (big blind) folded on the Turn


PokerStars Hand #147508100875:  Hold'em Limit ($3/$6 USD) - 2016/01/22 18:47:02 ET
Table 'Tucapel' 2-max Seat #2 is the button
Seat 1: TinaTurner72 ($77.50 in chips)
Seat 2: DutchGiant26 ($684.71 in chips)
DutchGiant26: posts small blind $1
TinaTurner72: posts big blind $3
*** HOLE CARDS ***
DutchGiant26: raises $3 to $6
TinaTurner72: calls $3
*** FLOP *** [8h 4c 5c]
TinaTurner72: checks
DutchGiant26: bets $3
TinaTurner72: raises $3 to $6
DutchGiant26: calls $3
*** TURN *** [8h 4c 5c] [Kh]
TinaTurner72: bets $6
DutchGiant26: calls $6
*** RIVER *** [8h 4c 5c Kh] [Kc]
TinaTurner72: bets $6
DutchGiant26: calls $6
*** SHOW DOWN ***
TinaTurner72: shows [5d Jd] (two pair, Kings and Fives)
DutchGiant26: mucks hand
TinaTurner72 collected $47.50 from pot
*** SUMMARY ***
Total pot $48 | Rake $0.50
Board [8h 4c 5c Kh Kc]
Seat 1: TinaTurner72 (big blind) showed [5d Jd] and won ($47.50) with two pair, Kings and Fives
Seat 2: DutchGiant26 (button) (small blind) mucked


PokerStars Hand #147508166006:  Hold'em Limit ($3/$6 USD) - 2016/01/22 18:48:22 ET
Table 'Tucapel' 2-max Seat #1 is the button
Seat 1: TinaTurner72 ($62.64 in chips)
Seat 2: DutchGiant26 ($697.71 in chips)
TinaTurner72: posts small blind $1
DutchGiant26: posts big blind $3
*** HOLE CARDS ***
TinaTurner72: raises $3 to $6
DutchGiant26: calls $3
*** FLOP *** [Ad Kh Qd]
DutchGiant26: checks
TinaTurner72: bets $3
DutchGiant26: folds
Uncalled bet ($3) returned to TinaTurner72
TinaTurner72 collected $11.76 from pot
TinaTurner72: doesn't show hand
*** SUMMARY ***
Total pot $12 | Rake $0.24
Board [Ad Kh Qd]
Seat 1: TinaTurner72 (button) (small blind) collected ($11.76)
Seat 2: DutchGiant26 (big blind) folded on the Flop


PokerStars Hand #147508162342:  Hold'em Limit ($3/$6 USD) - 2016/01/22 18:48:18 ET
Table 'Tucapel' 2-max Seat #2 is the button
Seat 1: TinaTurner72 ($61.64 in chips)
Seat 2: DutchGiant26 ($698.71 in chips)
DutchGiant26: posts small blind $1
TinaTurner72: posts big blind $3
*** HOLE CARDS ***
DutchGiant26: folds
Uncalled bet ($2) returned to TinaTurner72
TinaTurner72 collected $2 from pot
TinaTurner72: doesn't show hand
*** SUMMARY ***
Total pot $2 | Rake $0
Seat 1: TinaTurner72 (big blind) collected ($2)
Seat 2: DutchGiant26 (button) (small blind) folded before Flop


PokerStars Hand #147508126031:  Hold'em Limit ($3/$6 USD) - 2016/01/22 18:47:33 ET
Table 'Tucapel' 2-max Seat #2 is the button
Seat 1: TinaTurner72 ($109.64 in chips)
Seat 2: DutchGiant26 ($651.71 in chips)
DutchGiant26: posts small blind $1
TinaTurner72: posts big blind $3
*** HOLE CARDS ***
DutchGiant26: raises $3 to $6
TinaTurner72: raises $3 to $9
DutchGiant26: calls $3
*** FLOP *** [5d 6d Ah]
TinaTurner72: bets $3
DutchGiant26: calls $3
*** TURN *** [5d 6d Ah] [9h]
TinaTurner72: bets $6
DutchGiant26: calls $6
*** RIVER *** [5d 6d Ah 9h] [7s]
TinaTurner72: bets $6
DutchGiant26: calls $6
*** SHOW DOWN ***
TinaTurner72: shows [Qd Td] (high card Ace)
DutchGiant26: shows [9d 4h] (a pair of Nines)
DutchGiant26 collected $47.50 from pot
*** SUMMARY ***
Total pot $48 | Rake $0.50
Board [5d 6d Ah 9h 7s]
Seat 1: TinaTurner72 (big blind) showed [Qd Td] and lost with high card Ace
Seat 2: DutchGiant26 (button) (small blind) showed [9d 4h] and won ($47.50) with a pair of Nines


PokerStars Hand #147508224437:  Hold'em Limit ($3/$6 USD) - 2016/01/22 18:49:34 ET
Table 'Tucapel' 2-max Seat #1 is the button
Seat 1: TinaTurner72 ($84.66 in chips)
Seat 2: DutchGiant26 ($674.71 in chips)
TinaTurner72: posts small blind $1
DutchGiant26: posts big blind $3
*** HOLE CARDS ***
TinaTurner72: raises $3 to $6
DutchGiant26: calls $3
*** FLOP *** [Js 3s 7h]
DutchGiant26: checks
TinaTurner72: bets $3
DutchGiant26: folds
Uncalled bet ($3) returned to TinaTurner72
TinaTurner72 collected $11.76 from pot
TinaTurner72: doesn't show hand
*** SUMMARY ***
Total pot $12 | Rake $0.24
Board [Js 3s 7h]
Seat 1: TinaTurner72 (button) (small blind) collected ($11.76)
Seat 2: DutchGiant26 (big blind) folded on the Flop


PokerStars Hand #147508208473:  Hold'em Limit ($3/$6 USD) - 2016/01/22 18:49:15 ET
Table 'Tucapel' 2-max Seat #2 is the button
Seat 1: TinaTurner72 ($87.66 in chips)
Seat 2: DutchGiant26 ($671.71 in chips)
DutchGiant26: posts small blind $1
TinaTurner72: posts big blind $3
*** HOLE CARDS ***
DutchGiant26: raises $3 to $6
TinaTurner72: folds
Uncalled bet ($3) returned to DutchGiant26
DutchGiant26 collected $6 from pot
*** SUMMARY ***
Total pot $6 | Rake $0
Seat 1: TinaTurner72 (big blind) folded before Flop
Seat 2: DutchGiant26 (button) (small blind) collected ($6)


PokerStars Hand #147508273917:  Hold'em Limit ($3/$6 USD) - 2016/01/22 18:50:36 ET
Table 'Tucapel' 2-max Seat #1 is the button
Seat 1: TinaTurner72 ($66.42 in chips)
Seat 2: DutchGiant26 ($691.97 in chips)
TinaTurner72: posts small blind $1
DutchGiant26: posts big blind $3
*** HOLE CARDS ***
TinaTurner72: raises $3 to $6
DutchGiant26: calls $3
*** FLOP *** [Td 5d 4d]
DutchGiant26: checks
TinaTurner72: bets $3
DutchGiant26: calls $3
*** TURN *** [Td 5d 4d] [Th]
DutchGiant26: checks
TinaTurner72: bets $6
DutchGiant26: calls $6
*** RIVER *** [Td 5d 4d Th] [Jh]
DutchGiant26: checks
TinaTurner72: bets $6
DutchGiant26: calls $6
*** SHOW DOWN ***
TinaTurner72: shows [Ts Ac] (three of a kind, Tens)
DutchGiant26: mucks hand
TinaTurner72 collected $41.50 from pot
*** SUMMARY ***
Total pot $42 | Rake $0.50
Board [Td 5d 4d Th Jh]
Seat 1: TinaTurner72 (button) (small blind) showed [Ts Ac] and won ($41.50) with three of a kind, Tens
Seat 2: DutchGiant26 (big blind) mucked


PokerStars Hand #147508267268:  Hold'em Limit ($3/$6 USD) - 2016/01/22 18:50:27 ET
Table 'Tucapel' 2-max Seat #2 is the button
Seat 1: TinaTurner72 ($72.42 in chips)
Seat 2: DutchGiant26 ($686.21 in chips)
DutchGiant26: posts small blind $1
TinaTurner72: posts big blind $3
*** HOLE CARDS ***
DutchGiant26: raises $3 to $6
TinaTurner72: calls $3
*** FLOP *** [Td 6c 9d]
TinaTurner72: checks
DutchGiant26: bets $3
TinaTurner72: folds
Uncalled bet ($3) returned to DutchGiant26
DutchGiant26 collected $11.76 from pot
*** SUMMARY ***
Total pot $12 | Rake $0.24
Board [Td 6c 9d]
Seat 1: TinaTurner72 (big blind) folded on the Flop
Seat 2: DutchGiant26 (button) (small blind) collected ($11.76)


PokerStars Hand #147508263824:  Hold'em Limit ($3/$6 USD) - 2016/01/22 18:50:23 ET
Table 'Tucapel' 2-max Seat #1 is the button
Seat 1: TinaTurner72 ($69.42 in chips)
Seat 2: DutchGiant26 ($689.21 in chips)
TinaTurner72: posts small blind $1
DutchGiant26: posts big blind $3
*** HOLE CARDS ***
TinaTurner72: raises $3 to $6
DutchGiant26: folds
Uncalled bet ($3) returned to TinaTurner72
TinaTurner72 collected $6 from pot
TinaTurner72: doesn't show hand
*** SUMMARY ***
Total pot $6 | Rake $0
Seat 1: TinaTurner72 (button) (small blind) collected ($6)
Seat 2: DutchGiant26 (big blind) folded before Flop


PokerStars Hand #147508239422:  Hold'em Limit ($3/$6 USD) - 2016/01/22 18:49:53 ET
Table 'Tucapel' 2-max Seat #2 is the button
Seat 1: TinaTurner72 ($90.42 in chips)
Seat 2: DutchGiant26 ($668.71 in chips)
DutchGiant26: posts small blind $1
TinaTurner72: posts big blind $3
*** HOLE CARDS ***
DutchGiant26: raises $3 to $6
TinaTurner72: calls $3
*** FLOP *** [9s 5h 4d]
TinaTurner72: checks
DutchGiant26: bets $3
TinaTurner72: calls $3
*** TURN *** [9s 5h 4d] [6d]
TinaTurner72: checks
DutchGiant26: bets $6
TinaTurner72: calls $6
*** RIVER *** [9s 5h 4d 6d] [6s]
TinaTurner72: checks
DutchGiant26: bets $6
TinaTurner72: calls $6
*** SHOW DOWN ***
DutchGiant26: shows [Ks Kd] (two pair, Kings and Sixes)
TinaTurner72: mucks hand
DutchGiant26 collected $41.50 from pot
*** SUMMARY ***
Total pot $42 | Rake $0.50
Board [9s 5h 4d 6d 6s]
Seat 1: TinaTurner72 (big blind) mucked
Seat 2: DutchGiant26 (button) (small blind) showed [Ks Kd] and won ($41.50) with two pair, Kings and Sixes


PokerStars Hand #147508335089:  Hold'em Limit ($3/$6 USD) - 2016/01/22 18:51:50 ET
Table 'Tucapel' 2-max Seat #2 is the button
Seat 1: TinaTurner72 ($81.56 in chips)
Seat 2: DutchGiant26 ($675.37 in chips)
DutchGiant26: posts small blind $1
TinaTurner72: posts big blind $3
*** HOLE CARDS ***
DutchGiant26: raises $3 to $6
TinaTurner72: folds
Uncalled bet ($3) returned to DutchGiant26
DutchGiant26 collected $6 from pot
*** SUMMARY ***
Total pot $6 | Rake $0
Seat 1: TinaTurner72 (big blind) folded before Flop
Seat 2: DutchGiant26 (button) (small blind) collected ($6)


PokerStars Hand #147508322185:  Hold'em Limit ($3/$6 USD) - 2016/01/22 18:51:34 ET
Table 'Tucapel' 2-max Seat #1 is the button
Seat 1: TinaTurner72 ($72.92 in chips)
Seat 2: DutchGiant26 ($684.37 in chips)
TinaTurner72: posts small blind $1
DutchGiant26: posts big blind $3
*** HOLE CARDS ***
TinaTurner72: raises $3 to $6
DutchGiant26: calls $3
*** FLOP *** [9h Js 8c]
DutchGiant26: checks
TinaTurner72: bets $3
DutchGiant26: calls $3
*** TURN *** [9h Js 8c] [4d]
DutchGiant26: checks
TinaTurner72: bets $6
DutchGiant26: folds
Uncalled bet ($6) returned to TinaTurner72
TinaTurner72 collected $17.64 from pot
TinaTurner72: doesn't show hand
*** SUMMARY ***
Total pot $18 | Rake $0.36
Board [9h Js 8c 4d]
Seat 1: TinaTurner72 (button) (small blind) collected ($17.64)
Seat 2: DutchGiant26 (big blind) folded on the Turn


PokerStars Hand #147508302286:  Hold'em Limit ($3/$6 USD) - 2016/01/22 18:51:10 ET
Table 'Tucapel' 2-max Seat #1 is the button
Seat 1: TinaTurner72 ($80.92 in chips)
Seat 2: DutchGiant26 ($676.73 in chips)
TinaTurner72: posts small blind $1
DutchGiant26: posts big blind $3
*** HOLE CARDS ***
TinaTurner72: raises $3 to $6
DutchGiant26: calls $3
*** FLOP *** [5s Ks 6s]
DutchGiant26: checks
TinaTurner72: bets $3
DutchGiant26: raises $3 to $6
TinaTurner72: folds
Uncalled bet ($3) returned to DutchGiant26
DutchGiant26 collected $17.64 from pot
*** SUMMARY ***
Total pot $18 | Rake $0.36
Board [5s Ks 6s]
Seat 1: TinaTurner72 (button) (small blind) folded on the Flop
Seat 2: DutchGiant26 (big blind) collected ($17.64)


PokerStars Hand #147508289735:  Hold'em Limit ($3/$6 USD) - 2016/01/22 18:50:55 ET
Table 'Tucapel' 2-max Seat #2 is the button
Seat 1: TinaTurner72 ($86.92 in chips)
Seat 2: DutchGiant26 ($670.97 in chips)
DutchGiant26: posts small blind $1
TinaTurner72: posts big blind $3
*** HOLE CARDS ***
DutchGiant26: raises $3 to $6
TinaTurner72: calls $3
*** FLOP *** [Jh 8d Ks]
TinaTurner72: checks
DutchGiant26: bets $3
TinaTurner72: folds
Uncalled bet ($3) returned to DutchGiant26
DutchGiant26 collected $11.76 from pot
*** SUMMARY ***
Total pot $12 | Rake $0.24
Board [Jh 8d Ks]
Seat 1: TinaTurner72 (big blind) folded on the Flop
Seat 2: DutchGiant26 (button) (small blind) collected ($11.76)


PokerStars Hand #147508366973:  Hold'em Limit ($3/$6 USD) - 2016/01/22 18:52:28 ET
Table 'Tucapel' 2-max Seat #1 is the button
Seat 1: TinaTurner72 ($63.56 in chips)
Seat 2: DutchGiant26 ($692.77 in chips)
TinaTurner72: posts small blind $1
DutchGiant26: posts big blind $3
*** HOLE CARDS ***
TinaTurner72: raises $3 to $6
DutchGiant26: calls $3
*** FLOP *** [Ks 5s 5d]
DutchGiant26: checks
TinaTurner72: bets $3
DutchGiant26: calls $3
*** TURN *** [Ks 5s 5d] [5h]
DutchGiant26: checks
TinaTurner72: bets $6
DutchGiant26: calls $6
*** RIVER *** [Ks 5s 5d 5h] [Jc]
DutchGiant26: checks
TinaTurner72: checks
*** SHOW DOWN ***
DutchGiant26: shows [Ac 3h] (three of a kind, Fives)
TinaTurner72: shows [Ad 8h] (three of a kind, Fives)
DutchGiant26 collected $14.75 from pot
TinaTurner72 collected $14.75 from pot
*** SUMMARY ***
Total pot $30 | Rake $0.50
Board [Ks 5s 5d 5h Jc]
Seat 1: TinaTurner72 (button) (small blind) showed [Ad 8h] and won ($14.75) with three of a kind, Fives
Seat 2: DutchGiant26 (big blind) showed [Ac 3h] and won ($14.75) with three of a kind, Fives


PokerStars Hand #147508357052:  Hold'em Limit ($3/$6 USD) - 2016/01/22 18:52:16 ET
Table 'Tucapel' 2-max Seat #2 is the button
Seat 1: TinaTurner72 ($69.56 in chips)
Seat 2: DutchGiant26 ($687.01 in chips)
DutchGiant26: posts small blind $1
TinaTurner72: posts big blind $3
*** HOLE CARDS ***
DutchGiant26: raises $3 to $6
TinaTurner72: calls $3
*** FLOP *** [Ts Kc 8d]
TinaTurner72: checks
DutchGiant26: bets $3
TinaTurner72: folds
Uncalled bet ($3) returned to DutchGiant26
DutchGiant26 collected $11.76 from pot
*** SUMMARY ***
Total pot $12 | Rake $0.24
Board [Ts Kc 8d]
Seat 1: TinaTurner72 (big blind) folded on the Flop
Seat 2: DutchGiant26 (button) (small blind) collected ($11.76)


PokerStars Hand #147508339862:  Hold'em Limit ($3/$6 USD) - 2016/01/22 18:51:55 ET
Table 'Tucapel' 2-max Seat #1 is the button
Seat 1: TinaTurner72 ($78.56 in chips)
Seat 2: DutchGiant26 ($678.37 in chips)
TinaTurner72: posts small blind $1
DutchGiant26: posts big blind $3
*** HOLE CARDS ***
TinaTurner72: raises $3 to $6
DutchGiant26: calls $3
*** FLOP *** [Ks 9c Th]
DutchGiant26: checks
TinaTurner72: bets $3
DutchGiant26: calls $3
*** TURN *** [Ks 9c Th] [5h]
DutchGiant26: checks
TinaTurner72: checks
*** RIVER *** [Ks 9c Th 5h] [8d]
DutchGiant26: bets $6
TinaTurner72: folds
Uncalled bet ($6) returned to DutchGiant26
DutchGiant26 collected $17.64 from pot
*** SUMMARY ***
Total pot $18 | Rake $0.36
Board [Ks 9c Th 5h 8d]
Seat 1: TinaTurner72 (button) (small blind) folded on the River
Seat 2: DutchGiant26 (big blind) collected ($17.64)


PokerStars Hand #147508402575:  Hold'em Limit ($3/$6 USD) - 2016/01/22 18:53:11 ET
Table 'Tucapel' 2-max Seat #1 is the button
Seat 1: TinaTurner72 ($60.31 in chips)
Seat 2: DutchGiant26 ($695.52 in chips)
TinaTurner72: posts small blind $1
DutchGiant26: posts big blind $3
*** HOLE CARDS ***
TinaTurner72: raises $3 to $6
DutchGiant26: calls $3
*** FLOP *** [Js 6c 5c]
DutchGiant26: checks
TinaTurner72: bets $3
DutchGiant26: raises $3 to $6
TinaTurner72: raises $3 to $9
DutchGiant26: calls $3
*** TURN *** [Js 6c 5c] [2h]
DutchGiant26: checks
TinaTurner72: checks
*** RIVER *** [Js 6c 5c 2h] [8s]
DutchGiant26: bets $6
TinaTurner72: raises $6 to $12
DutchGiant26: raises $6 to $18
TinaTurner72: raises $6 to $24
Betting is capped
DutchGiant26: calls $6
*** SHOW DOWN ***
TinaTurner72: shows [9s 7d] (a straight, Five to Nine)
DutchGiant26: mucks hand
TinaTurner72 collected $77.50 from pot
*** SUMMARY ***
Total pot $78 | Rake $0.50
Board [Js 6c 5c 2h 8s]
Seat 1: TinaTurner72 (button) (small blind) showed [9s 7d] and won ($77.50) with a straight, Five to Nine
Seat 2: DutchGiant26 (big blind) mucked


PokerStars Hand #147508394807:  Hold'em Limit ($3/$6 USD) - 2016/01/22 18:53:01 ET
Table 'Tucapel' 2-max Seat #2 is the button
Seat 1: TinaTurner72 ($63.31 in chips)
Seat 2: DutchGiant26 ($692.52 in chips)
DutchGiant26: posts small blind $1
TinaTurner72: posts big blind $3
*** HOLE CARDS ***
DutchGiant26: raises $3 to $6
TinaTurner72: folds
Uncalled bet ($3) returned to DutchGiant26
DutchGiant26 collected $6 from pot
*** SUMMARY ***
Total pot $6 | Rake $0
Seat 1: TinaTurner72 (big blind) folded before Flop
Seat 2: DutchGiant26 (button) (small blind) collected ($6)


PokerStars Hand #147508452834:  Hold'em Limit ($3/$6 USD) - 2016/01/22 18:54:12 ET
Table 'Tucapel' 2-max Seat #1 is the button
Seat 1: TinaTurner72 ($68.81 in chips)
Seat 2: DutchGiant26 ($686.02 in chips)
TinaTurner72: posts small blind $1
DutchGiant26: posts big blind $3
*** HOLE CARDS ***
TinaTurner72: raises $3 to $6
DutchGiant26: calls $3
*** FLOP *** [3c 6h 7h]
DutchGiant26: checks
TinaTurner72: bets $3
DutchGiant26: calls $3
*** TURN *** [3c 6h 7h] [Qh]
DutchGiant26: checks
TinaTurner72: bets $6
DutchGiant26: folds
Uncalled bet ($6) returned to TinaTurner72
TinaTurner72 collected $17.64 from pot
TinaTurner72: doesn't show hand
*** SUMMARY ***
Total pot $18 | Rake $0.36
Board [3c 6h 7h Qh]
Seat 1: TinaTurner72 (button) (small blind) collected ($17.64)
Seat 2: DutchGiant26 (big blind) folded on the Turn


PokerStars Hand #147508476480:  Hold'em Limit ($3/$6 USD) - 2016/01/22 18:54:40 ET
Table 'Tucapel' 2-max Seat #1 is the button
Seat 1: TinaTurner72 ($56.45 in chips)
Seat 2: DutchGiant26 ($697.52 in chips)
TinaTurner72: posts small blind $1
DutchGiant26: posts big blind $3
*** HOLE CARDS ***
TinaTurner72: folds
Uncalled bet ($2) returned to DutchGiant26
DutchGiant26 collected $2 from pot
*** SUMMARY ***
Total pot $2 | Rake $0
Seat 1: TinaTurner72 (button) (small blind) folded before Flop
Seat 2: DutchGiant26 (big blind) collected ($2)


PokerStars Hand #147508461348:  Hold'em Limit ($3/$6 USD) - 2016/01/22 18:54:22 ET
Table 'Tucapel' 2-max Seat #2 is the button
Seat 1: TinaTurner72 ($77.45 in chips)
Seat 2: DutchGiant26 ($677.02 in chips)
DutchGiant26: posts small blind $1
TinaTurner72: posts big blind $3
*** HOLE CARDS ***
DutchGiant26: raises $3 to $6
TinaTurner72: calls $3
*** FLOP *** [8c 4s 7s]
TinaTurner72: checks
DutchGiant26: bets $3
TinaTurner72: calls $3
*** TURN *** [8c 4s 7s] [4h]
TinaTurner72: checks
DutchGiant26: bets $6
TinaTurner72: calls $6
*** RIVER *** [8c 4s 7s 4h] [4d]
TinaTurner72: checks
DutchGiant26: bets $6
TinaTurner72: calls $6
*** SHOW DOWN ***
DutchGiant26: shows [8s Kc] (a full house, Fours full of Eights)
TinaTurner72: mucks hand
DutchGiant26 collected $41.50 from pot
*** SUMMARY ***
Total pot $42 | Rake $0.50
Board [8c 4s 7s 4h 4d]
Seat 1: TinaTurner72 (big blind) mucked
Seat 2: DutchGiant26 (button) (small blind) showed [8s Kc] and won ($41.50) with a full house, Fours full of Eights


PokerStars Hand #147508439592:  Hold'em Limit ($3/$6 USD) - 2016/01/22 18:53:56 ET
Table 'Tucapel' 2-max Seat #2 is the button
Seat 1: TinaTurner72 ($98.81 in chips)
Seat 2: DutchGiant26 ($656.52 in chips)
DutchGiant26: posts small blind $1
TinaTurner72: posts big blind $3
*** HOLE CARDS ***
DutchGiant26: raises $3 to $6
TinaTurner72: calls $3
*** FLOP *** [Th Kh Kd]
TinaTurner72: checks
DutchGiant26: bets $3
TinaTurner72: raises $3 to $6
DutchGiant26: calls $3
*** TURN *** [Th Kh Kd] [7c]
TinaTurner72: bets $6
DutchGiant26: calls $6
*** RIVER *** [Th Kh Kd 7c] [Qc]
TinaTurner72: bets $6
DutchGiant26: raises $6 to $12
TinaTurner72: calls $6
*** SHOW DOWN ***
DutchGiant26: shows [As Js] (a straight, Ten to Ace)
TinaTurner72: mucks hand
DutchGiant26 collected $59.50 from pot
*** SUMMARY ***
Total pot $60 | Rake $0.50
Board [Th Kh Kd 7c Qc]
Seat 1: TinaTurner72 (big blind) mucked
Seat 2: DutchGiant26 (button) (small blind) showed [As Js] and won ($59.50) with a straight, Ten to Ace


PokerStars Hand #147508481427:  Hold'em Limit ($3/$6 USD) - 2016/01/22 18:54:46 ET
Table 'Tucapel' 2-max Seat #2 is the button
Seat 1: TinaTurner72 ($55.45 in chips)
Seat 2: DutchGiant26 ($698.52 in chips)
DutchGiant26: posts small blind $1
TinaTurner72: posts big blind $3
*** HOLE CARDS ***
DutchGiant26: raises $3 to $6
TinaTurner72: raises $3 to $9
DutchGiant26: calls $3
*** FLOP *** [2h 2d 9c]
TinaTurner72: bets $3
DutchGiant26: calls $3
*** TURN *** [2h 2d 9c] [3d]
TinaTurner72: checks
DutchGiant26: checks
*** RIVER *** [2h 2d 9c 3d] [6h]
TinaTurner72: checks
DutchGiant26: checks
*** SHOW DOWN ***
TinaTurner72: shows [Ks Jh] (a pair of Deuces)
DutchGiant26: mucks hand
TinaTurner72 collected $23.52 from pot
*** SUMMARY ***
Total pot $24 | Rake $0.48
Board [2h 2d 9c 3d 6h]
Seat 1: TinaTurner72 (big blind) showed [Ks Jh] and won ($23.52) with a pair of Deuces
Seat 2: DutchGiant26 (button) (small blind) mucked


PokerStars Hand #147508534760:  Hold'em Limit ($3/$6 USD) - 2016/01/22 18:56:04 ET
Table 'Tucapel' 2-max Seat #1 is the button
Seat 1: TinaTurner72 ($91.47 in chips)
Seat 2: DutchGiant26 ($661.52 in chips)
TinaTurner72: posts small blind $1
DutchGiant26: posts big blind $3
*** HOLE CARDS ***
TinaTurner72: folds
Uncalled bet ($2) returned to DutchGiant26
DutchGiant26 collected $2 from pot
*** SUMMARY ***
Total pot $2 | Rake $0
Seat 1: TinaTurner72 (button) (small blind) folded before Flop
Seat 2: DutchGiant26 (big blind) collected ($2)


PokerStars Hand #147508531976:  Hold'em Limit ($3/$6 USD) - 2016/01/22 18:56:00 ET
Table 'Tucapel' 2-max Seat #2 is the button
Seat 1: TinaTurner72 ($90.47 in chips)
Seat 2: DutchGiant26 ($662.52 in chips)
DutchGiant26: posts small blind $1
TinaTurner72: posts big blind $3
*** HOLE CARDS ***
DutchGiant26: folds
Uncalled bet ($2) returned to TinaTurner72
TinaTurner72 collected $2 from pot
TinaTurner72: doesn't show hand
*** SUMMARY ***
Total pot $2 | Rake $0
Seat 1: TinaTurner72 (big blind) collected ($2)
Seat 2: DutchGiant26 (button) (small blind) folded before Flop


PokerStars Hand #147508506887:  Hold'em Limit ($3/$6 USD) - 2016/01/22 18:55:21 ET
Table 'Tucapel' 2-max Seat #1 is the button
Seat 1: TinaTurner72 ($66.97 in chips)
Seat 2: DutchGiant26 ($686.52 in chips)
TinaTurner72: posts small blind $1
DutchGiant26: posts big blind $3
*** HOLE CARDS ***
TinaTurner72: raises $3 to $6
DutchGiant26: calls $3
*** FLOP *** [6h As 4s]
DutchGiant26: checks
TinaTurner72: bets $3
DutchGiant26: raises $3 to $6
TinaTurner72: calls $3
*** TURN *** [6h As 4s] [2d]
DutchGiant26: bets $6
TinaTurner72: calls $6
*** RIVER *** [6h As 4s 2d] [Js]
DutchGiant26: bets $6
TinaTurner72: calls $6
*** SHOW DOWN ***
DutchGiant26: shows [7c 6s] (a pair of Sixes)
TinaTurner72: shows [Ah 6d] (two pair, Aces and Sixes)
TinaTurner72 collected $47.50 from pot
*** SUMMARY ***
Total pot $48 | Rake $0.50
Board [6h As 4s 2d Js]
Seat 1: TinaTurner72 (button) (small blind) showed [Ah 6d] and won ($47.50) with two pair, Aces and Sixes
Seat 2: DutchGiant26 (big blind) showed [7c 6s] and lost with a pair of Sixes


PokerStars Hand #147508562086:  Hold'em Limit ($3/$6 USD) - 2016/01/22 18:56:46 ET
Table 'Tucapel' 2-max Seat #1 is the button
Seat 1: TinaTurner72 ($119.97 in chips)
Seat 2: DutchGiant26 ($632.52 in chips)
TinaTurner72: posts small blind $1
DutchGiant26: posts big blind $3
*** HOLE CARDS ***
TinaTurner72: raises $3 to $6
DutchGiant26: calls $3
*** FLOP *** [6d Qd 2d]
DutchGiant26: checks
TinaTurner72: bets $3
DutchGiant26: calls $3
*** TURN *** [6d Qd 2d] [4s]
DutchGiant26: checks
TinaTurner72: bets $6
DutchGiant26: calls $6
*** RIVER *** [6d Qd 2d 4s] [Qh]
DutchGiant26: checks
TinaTurner72: bets $6
DutchGiant26: folds
Uncalled bet ($6) returned to TinaTurner72
TinaTurner72 collected $29.50 from pot
TinaTurner72: doesn't show hand
*** SUMMARY ***
Total pot $30 | Rake $0.50
Board [6d Qd 2d 4s Qh]
Seat 1: TinaTurner72 (button) (small blind) collected ($29.50)
Seat 2: DutchGiant26 (big blind) folded on the River


PokerStars Hand #147508537437:  Hold'em Limit ($3/$6 USD) - 2016/01/22 18:56:08 ET
Table 'Tucapel' 2-max Seat #2 is the button
Seat 1: TinaTurner72 ($90.47 in chips)
Seat 2: DutchGiant26 ($662.52 in chips)
DutchGiant26: posts small blind $1
TinaTurner72: posts big blind $3
*** HOLE CARDS ***
DutchGiant26: raises $3 to $6
TinaTurner72: raises $3 to $9
DutchGiant26: raises $3 to $12
Betting is capped
TinaTurner72: calls $3
*** FLOP *** [3d Tc 4c]
TinaTurner72: checks
DutchGiant26: bets $3
TinaTurner72: raises $3 to $6
DutchGiant26: calls $3
*** TURN *** [3d Tc 4c] [Ts]
TinaTurner72: bets $6
DutchGiant26: calls $6
*** RIVER *** [3d Tc 4c Ts] [8h]
TinaTurner72: bets $6
DutchGiant26: calls $6
*** SHOW DOWN ***
TinaTurner72: shows [Td Ah] (three of a kind, Tens)
DutchGiant26: mucks hand
TinaTurner72 collected $59.50 from pot
*** SUMMARY ***
Total pot $60 | Rake $0.50
Board [3d Tc 4c Ts 8h]
Seat 1: TinaTurner72 (big blind) showed [Td Ah] and won ($59.50) with three of a kind, Tens
Seat 2: DutchGiant26 (button) (small blind) mucked


PokerStars Hand #147508576188:  Hold'em Limit ($3/$6 USD) - 2016/01/22 18:57:07 ET
Table 'Tucapel' 2-max Seat #2 is the button
Seat 1: TinaTurner72 ($134.47 in chips)
Seat 2: DutchGiant26 ($617.52 in chips)
DutchGiant26: posts small blind $1
TinaTurner72: posts big blind $3
*** HOLE CARDS ***
DutchGiant26: raises $3 to $6
TinaTurner72: folds
Uncalled bet ($3) returned to DutchGiant26
DutchGiant26 collected $6 from pot
*** SUMMARY ***
Total pot $6 | Rake $0
Seat 1: TinaTurner72 (big blind) folded before Flop
Seat 2: DutchGiant26 (button) (small blind) collected ($6)


PokerStars Hand #147508581861:  Hold'em Limit ($3/$6 USD) - 2016/01/22 18:57:16 ET
Table 'Tucapel' 2-max Seat #1 is the button
Seat 1: TinaTurner72 ($131.47 in chips)
Seat 2: DutchGiant26 ($620.52 in chips)
TinaTurner72: posts small blind $1
DutchGiant26: posts big blind $3
*** HOLE CARDS ***
TinaTurner72: raises $3 to $6
DutchGiant26: raises $3 to $9
TinaTurner72: calls $3
*** FLOP *** [5h 8c 6c]
DutchGiant26: bets $3
TinaTurner72: raises $3 to $6
DutchGiant26: calls $3
*** TURN *** [5h 8c 6c] [Ah]
DutchGiant26: checks
TinaTurner72: checks
*** RIVER *** [5h 8c 6c Ah] [8s]
DutchGiant26: bets $6
TinaTurner72: calls $6
*** SHOW DOWN ***
DutchGiant26: shows [Qh Qs] (two pair, Queens and Eights)
TinaTurner72: mucks hand
DutchGiant26 collected $41.50 from pot
*** SUMMARY ***
Total pot $42 | Rake $0.50
Board [5h 8c 6c Ah 8s]
Seat 1: TinaTurner72 (button) (small blind) mucked
Seat 2: DutchGiant26 (big blind) showed [Qh Qs] and won ($41.50) with two pair, Queens and Eights


PokerStars Hand #147508598038:  Hold'em Limit ($3/$6 USD) - 2016/01/22 18:57:40 ET
Table 'Tucapel' 2-max Seat #2 is the button
Seat 1: TinaTurner72 ($110.47 in chips)
Seat 2: DutchGiant26 ($641.02 in chips)
DutchGiant26: posts small blind $1
TinaTurner72: posts big blind $3
*** HOLE CARDS ***
DutchGiant26: raises $3 to $6
TinaTurner72: calls $3
*** FLOP *** [7c 2h 5h]
TinaTurner72: checks
DutchGiant26: bets $3
TinaTurner72: folds
Uncalled bet ($3) returned to DutchGiant26
DutchGiant26 collected $11.76 from pot
*** SUMMARY ***
Total pot $12 | Rake $0.24
Board [7c 2h 5h]
Seat 1: TinaTurner72 (big blind) folded on the Flop
Seat 2: DutchGiant26 (button) (small blind) collected ($11.76)


