PokerStars Hand #145944192702:  Hold'em Limit ($3/$6 USD) - 2015/12/26 9:36:45 ET
Table 'Tucapel III' 6-max Seat #3 is the button
Seat 3: Shara.Vi ($121.38 in chips)
Seat 4: BuzovaPro ($72 in chips)
Shara.Vi: posts small blind $1
BuzovaPro: posts big blind $3
*** HOLE CARDS ***
Shara.Vi: raises $3 to $6
BuzovaPro: calls $3
*** FLOP *** [Jc 2h 7c]
BuzovaPro: checks
Shara.Vi: checks
*** TURN *** [Jc 2h 7c] [2s]
BuzovaPro: checks
Shara.Vi: bets $6
BuzovaPro: calls $6
*** RIVER *** [Jc 2h 7c 2s] [6c]
BuzovaPro: checks
Shara.Vi: checks
*** SHOW DOWN ***
BuzovaPro: shows [8c Kd] (a pair of Deuces)
Shara.Vi: shows [Kc Ah] (a pair of Deuces - Ace kicker)
Shara.Vi collected $23.52 from pot
*** SUMMARY ***
Total pot $24 | Rake $0.48
Board [Jc 2h 7c 2s 6c]
Seat 3: Shara.Vi (button) (small blind) showed [Kc Ah] and won ($23.52) with a pair of Deuces
Seat 4: BuzovaPro (big blind) showed [8c Kd] and lost with a pair of Deuces


PokerStars Hand #145944172739:  Hold'em Limit ($3/$6 USD) - 2015/12/26 9:36:18 ET
Table 'Tucapel III' 6-max Seat #4 is the button
Seat 3: Shara.Vi ($76.88 in chips)
Seat 4: BuzovaPro ($72 in chips)
BuzovaPro: posts small blind $1
Shara.Vi: posts big blind $3
*** HOLE CARDS ***
BuzovaPro: raises $3 to $6
Shara.Vi: raises $3 to $9
BuzovaPro: raises $3 to $12
Betting is capped
Shara.Vi: calls $3
*** FLOP *** [Qs 9c 2h]
Shara.Vi: checks
BuzovaPro: bets $3
Shara.Vi: calls $3
*** TURN *** [Qs 9c 2h] [3s]
Shara.Vi: checks
BuzovaPro: bets $6
Shara.Vi: raises $6 to $12
BuzovaPro: raises $6 to $18
Shara.Vi: raises $6 to $24
Betting is capped
BuzovaPro: calls $6
*** RIVER *** [Qs 9c 2h 3s] [4s]
Shara.Vi: bets $6
BuzovaPro: calls $6
*** SHOW DOWN ***
Shara.Vi: shows [Qh Qd] (three of a kind, Queens)
BuzovaPro: mucks hand
Shara.Vi collected $89.50 from pot
*** SUMMARY ***
Total pot $90 | Rake $0.50
Board [Qs 9c 2h 3s 4s]
Seat 3: Shara.Vi (big blind) showed [Qh Qd] and won ($89.50) with three of a kind, Queens
Seat 4: BuzovaPro (button) (small blind) mucked


PokerStars Hand #145944237699:  Hold'em Limit ($3/$6 USD) - 2015/12/26 9:37:46 ET
Table 'Tucapel III' 6-max Seat #3 is the button
Seat 3: Shara.Vi ($111.90 in chips)
Seat 4: BuzovaPro ($92.50 in chips)
Shara.Vi: posts small blind $1
BuzovaPro: posts big blind $3
*** HOLE CARDS ***
Shara.Vi: raises $3 to $6
BuzovaPro: calls $3
*** FLOP *** [8s Qd Kc]
BuzovaPro: checks
Shara.Vi: checks
*** TURN *** [8s Qd Kc] [Qc]
BuzovaPro: checks
Shara.Vi: bets $6
BuzovaPro: folds
Uncalled bet ($6) returned to Shara.Vi
Shara.Vi collected $11.76 from pot
*** SUMMARY ***
Total pot $12 | Rake $0.24
Board [8s Qd Kc Qc]
Seat 3: Shara.Vi (button) (small blind) collected ($11.76)
Seat 4: BuzovaPro (big blind) folded on the Turn


PokerStars Hand #145944218283:  Hold'em Limit ($3/$6 USD) - 2015/12/26 9:37:20 ET
Table 'Tucapel III' 6-max Seat #4 is the button
Seat 3: Shara.Vi ($132.90 in chips)
Seat 4: BuzovaPro ($72 in chips)
BuzovaPro: posts small blind $1
Shara.Vi: posts big blind $3
*** HOLE CARDS ***
BuzovaPro: raises $3 to $6
Shara.Vi: calls $3
*** FLOP *** [Qc Td 2s]
Shara.Vi: checks
BuzovaPro: bets $3
Shara.Vi: calls $3
*** TURN *** [Qc Td 2s] [7d]
Shara.Vi: checks
BuzovaPro: bets $6
Shara.Vi: calls $6
*** RIVER *** [Qc Td 2s 7d] [Ks]
Shara.Vi: checks
BuzovaPro: bets $6
Shara.Vi: calls $6
*** SHOW DOWN ***
BuzovaPro: shows [5c Qd] (a pair of Queens)
Shara.Vi: mucks hand
BuzovaPro collected $41.50 from pot
*** SUMMARY ***
Total pot $42 | Rake $0.50
Board [Qc Td 2s 7d Ks]
Seat 3: Shara.Vi (big blind) mucked
Seat 4: BuzovaPro (button) (small blind) showed [5c Qd] and won ($41.50) with a pair of Queens


PokerStars Hand #145944287716:  Hold'em Limit ($3/$6 USD) - 2015/12/26 9:38:54 ET
Table 'Tucapel III' 6-max Seat #3 is the button
Seat 3: Shara.Vi ($108.66 in chips)
Seat 4: BuzovaPro ($95.14 in chips)
Shara.Vi: posts small blind $1
BuzovaPro: posts big blind $3
*** HOLE CARDS ***
Shara.Vi: raises $3 to $6
BuzovaPro: calls $3
*** FLOP *** [Kd 2s Ad]
BuzovaPro: checks
Shara.Vi: bets $3
BuzovaPro: raises $3 to $6
Shara.Vi: calls $3
*** TURN *** [Kd 2s Ad] [3d]
BuzovaPro: bets $6
Shara.Vi: calls $6
*** RIVER *** [Kd 2s Ad 3d] [8d]
BuzovaPro: checks
Shara.Vi: bets $6
BuzovaPro: folds
Uncalled bet ($6) returned to Shara.Vi
Shara.Vi collected $35.50 from pot
*** SUMMARY ***
Total pot $36 | Rake $0.50
Board [Kd 2s Ad 3d 8d]
Seat 3: Shara.Vi (button) (small blind) collected ($35.50)
Seat 4: BuzovaPro (big blind) folded on the River


PokerStars Hand #145944264783:  Hold'em Limit ($3/$6 USD) - 2015/12/26 9:38:23 ET
Table 'Tucapel III' 6-max Seat #4 is the button
Seat 3: Shara.Vi ($117.66 in chips)
Seat 4: BuzovaPro ($86.50 in chips)
BuzovaPro: posts small blind $1
Shara.Vi: posts big blind $3
*** HOLE CARDS ***
BuzovaPro: raises $3 to $6
Shara.Vi: calls $3
*** FLOP *** [8c As 7c]
Shara.Vi: checks
BuzovaPro: bets $3
Shara.Vi: calls $3
*** TURN *** [8c As 7c] [7s]
Shara.Vi: checks
BuzovaPro: checks
*** RIVER *** [8c As 7c 7s] [Qh]
Shara.Vi: checks
BuzovaPro: checks
*** SHOW DOWN ***
Shara.Vi: shows [Tc 9s] (a pair of Sevens)
BuzovaPro: shows [6c Kh] (a pair of Sevens - Ace+King kicker)
BuzovaPro collected $17.64 from pot
*** SUMMARY ***
Total pot $18 | Rake $0.36
Board [8c As 7c 7s Qh]
Seat 3: Shara.Vi (big blind) showed [Tc 9s] and lost with a pair of Sevens
Seat 4: BuzovaPro (button) (small blind) showed [6c Kh] and won ($17.64) with a pair of Sevens


PokerStars Hand #145944347738:  Hold'em Limit ($3/$6 USD) - 2015/12/26 9:40:16 ET
Table 'Tucapel III' 6-max Seat #4 is the button
Seat 3: Shara.Vi ($118.80 in chips)
Seat 4: BuzovaPro ($87.40 in chips)
BuzovaPro: posts small blind $1
Shara.Vi: posts big blind $3
*** HOLE CARDS ***
BuzovaPro: raises $3 to $6
Shara.Vi: raises $3 to $9
BuzovaPro: calls $3
*** FLOP *** [8d Ac 5h]
Shara.Vi: bets $3
BuzovaPro: folds
Uncalled bet ($3) returned to Shara.Vi
Shara.Vi collected $17.64 from pot
*** SUMMARY ***
Total pot $18 | Rake $0.36
Board [8d Ac 5h]
Seat 3: Shara.Vi (big blind) collected ($17.64)
Seat 4: BuzovaPro (button) (small blind) folded on the Flop


PokerStars Hand #145944344189:  Hold'em Limit ($3/$6 USD) - 2015/12/26 9:40:11 ET
Table 'Tucapel III' 6-max Seat #3 is the button
Seat 3: Shara.Vi ($119.80 in chips)
Seat 4: BuzovaPro ($86.40 in chips)
Shara.Vi: posts small blind $1
BuzovaPro: posts big blind $3
*** HOLE CARDS ***
Shara.Vi: folds
Uncalled bet ($2) returned to BuzovaPro
BuzovaPro collected $2 from pot
BuzovaPro: doesn't show hand
*** SUMMARY ***
Total pot $2 | Rake $0
Seat 3: Shara.Vi (button) (small blind) folded before Flop
Seat 4: BuzovaPro (big blind) collected ($2)


PokerStars Hand #145944330958:  Hold'em Limit ($3/$6 USD) - 2015/12/26 9:39:53 ET
Table 'Tucapel III' 6-max Seat #4 is the button
Seat 3: Shara.Vi ($128.80 in chips)
Seat 4: BuzovaPro ($77.76 in chips)
BuzovaPro: posts small blind $1
Shara.Vi: posts big blind $3
*** HOLE CARDS ***
BuzovaPro: raises $3 to $6
Shara.Vi: calls $3
*** FLOP *** [9c Qc 7h]
Shara.Vi: checks
BuzovaPro: bets $3
Shara.Vi: calls $3
*** TURN *** [9c Qc 7h] [Ah]
Shara.Vi: checks
BuzovaPro: bets $6
Shara.Vi: folds
Uncalled bet ($6) returned to BuzovaPro
BuzovaPro collected $17.64 from pot
BuzovaPro: doesn't show hand
*** SUMMARY ***
Total pot $18 | Rake $0.36
Board [9c Qc 7h Ah]
Seat 3: Shara.Vi (big blind) folded on the Turn
Seat 4: BuzovaPro (button) (small blind) collected ($17.64)


PokerStars Hand #145944323559:  Hold'em Limit ($3/$6 USD) - 2015/12/26 9:39:43 ET
Table 'Tucapel III' 6-max Seat #3 is the button
Seat 3: Shara.Vi ($134.80 in chips)
Seat 4: BuzovaPro ($72 in chips)
Shara.Vi: posts small blind $1
BuzovaPro: posts big blind $3
*** HOLE CARDS ***
Shara.Vi: calls $2
BuzovaPro: raises $3 to $6
Shara.Vi: calls $3
*** FLOP *** [5h Qh 9c]
BuzovaPro: bets $3
Shara.Vi: folds
Uncalled bet ($3) returned to BuzovaPro
BuzovaPro collected $11.76 from pot
BuzovaPro: doesn't show hand
*** SUMMARY ***
Total pot $12 | Rake $0.24
Board [5h Qh 9c]
Seat 3: Shara.Vi (button) (small blind) folded on the Flop
Seat 4: BuzovaPro (big blind) collected ($11.76)


PokerStars Hand #145944302057:  Hold'em Limit ($3/$6 USD) - 2015/12/26 9:39:14 ET
Table 'Tucapel III' 6-max Seat #4 is the button
Seat 3: Shara.Vi ($126.16 in chips)
Seat 4: BuzovaPro ($77.14 in chips)
BuzovaPro: posts small blind $1
Shara.Vi: posts big blind $3
*** HOLE CARDS ***
BuzovaPro: raises $3 to $6
Shara.Vi: calls $3
*** FLOP *** [8d Qs 8s]
Shara.Vi: checks
BuzovaPro: bets $3
Shara.Vi: calls $3
*** TURN *** [8d Qs 8s] [3d]
Shara.Vi: checks
BuzovaPro: checks
*** RIVER *** [8d Qs 8s 3d] [Ts]
Shara.Vi: bets $6
BuzovaPro: folds
Uncalled bet ($6) returned to Shara.Vi
Shara.Vi collected $17.64 from pot
*** SUMMARY ***
Total pot $18 | Rake $0.36
Board [8d Qs 8s 3d Ts]
Seat 3: Shara.Vi (big blind) collected ($17.64)
Seat 4: BuzovaPro (button) (small blind) folded on the River


PokerStars Hand #145944356194:  Hold'em Limit ($3/$6 USD) - 2015/12/26 9:40:28 ET
Table 'Tucapel III' 6-max Seat #3 is the button
Seat 3: Shara.Vi ($127.44 in chips)
Seat 4: BuzovaPro ($78.40 in chips)
Shara.Vi: posts small blind $1
BuzovaPro: posts big blind $3
*** HOLE CARDS ***
Shara.Vi: calls $2
BuzovaPro: raises $3 to $6
Shara.Vi: calls $3
*** FLOP *** [9h 9c 4h]
BuzovaPro: bets $3
Shara.Vi: calls $3
*** TURN *** [9h 9c 4h] [6s]
BuzovaPro: bets $6
SmellyToes4u joins the table at seat #5
Shara.Vi: folds
Uncalled bet ($6) returned to BuzovaPro
BuzovaPro collected $17.64 from pot
BuzovaPro: doesn't show hand
*** SUMMARY ***
Total pot $18 | Rake $0.36
Board [9h 9c 4h 6s]
Seat 3: Shara.Vi (button) (small blind) folded on the Turn
Seat 4: BuzovaPro (big blind) collected ($17.64)


PokerStars Hand #145944478064:  Hold'em Limit ($3/$6 USD) - 2015/12/26 9:43:14 ET
Table 'Tucapel III' 6-max Seat #3 is the button
Seat 3: Shara.Vi ($172.18 in chips)
Seat 4: BuzovaPro ($79.35 in chips)
Shara.Vi: posts small blind $1
BuzovaPro: posts big blind $3
*** HOLE CARDS ***
Shara.Vi: folds
Uncalled bet ($2) returned to BuzovaPro
BuzovaPro collected $2 from pot
BuzovaPro: doesn't show hand
*** SUMMARY ***
Total pot $2 | Rake $0
Seat 3: Shara.Vi (button) (small blind) folded before Flop
Seat 4: BuzovaPro (big blind) collected ($2)


PokerStars Hand #145944474834:  Hold'em Limit ($3/$6 USD) - 2015/12/26 9:43:09 ET
Table 'Tucapel III' 6-max Seat #4 is the button
Seat 3: Shara.Vi ($171.18 in chips)
Seat 4: BuzovaPro ($80.35 in chips)
BuzovaPro: posts small blind $1
Shara.Vi: posts big blind $3
*** HOLE CARDS ***
BuzovaPro: folds
Uncalled bet ($2) returned to Shara.Vi
Shara.Vi collected $2 from pot
*** SUMMARY ***
Total pot $2 | Rake $0
Seat 3: Shara.Vi (big blind) collected ($2)
Seat 4: BuzovaPro (button) (small blind) folded before Flop


PokerStars Hand #145944470359:  Hold'em Limit ($3/$6 USD) - 2015/12/26 9:43:03 ET
Table 'Tucapel III' 6-max Seat #3 is the button
Seat 3: Shara.Vi ($168.18 in chips)
Seat 4: BuzovaPro ($83.35 in chips)
Shara.Vi: posts small blind $1
BuzovaPro: posts big blind $3
*** HOLE CARDS ***
Shara.Vi: raises $3 to $6
BuzovaPro: folds
Uncalled bet ($3) returned to Shara.Vi
Shara.Vi collected $6 from pot
*** SUMMARY ***
Total pot $6 | Rake $0
Seat 3: Shara.Vi (button) (small blind) collected ($6)
Seat 4: BuzovaPro (big blind) folded before Flop


PokerStars Hand #145944462531:  Hold'em Limit ($3/$6 USD) - 2015/12/26 9:42:52 ET
Table 'Tucapel III' 6-max Seat #4 is the button
Seat 3: Shara.Vi ($167.18 in chips)
Seat 4: BuzovaPro ($84.35 in chips)
BuzovaPro: posts small blind $1
Shara.Vi: posts big blind $3
*** HOLE CARDS ***
BuzovaPro: folds
Uncalled bet ($2) returned to Shara.Vi
Shara.Vi collected $2 from pot
*** SUMMARY ***
Total pot $2 | Rake $0
Seat 3: Shara.Vi (big blind) collected ($2)
Seat 4: BuzovaPro (button) (small blind) folded before Flop


PokerStars Hand #145944457665:  Hold'em Limit ($3/$6 USD) - 2015/12/26 9:42:45 ET
Table 'Tucapel III' 6-max Seat #3 is the button
Seat 3: Shara.Vi ($164.18 in chips)
Seat 4: BuzovaPro ($87.35 in chips)
Shara.Vi: posts small blind $1
BuzovaPro: posts big blind $3
*** HOLE CARDS ***
Shara.Vi: raises $3 to $6
BuzovaPro: folds
Uncalled bet ($3) returned to Shara.Vi
Shara.Vi collected $6 from pot
*** SUMMARY ***
Total pot $6 | Rake $0
Seat 3: Shara.Vi (button) (small blind) collected ($6)
Seat 4: BuzovaPro (big blind) folded before Flop


PokerStars Hand #145944449105:  Hold'em Limit ($3/$6 USD) - 2015/12/26 9:42:34 ET
Table 'Tucapel III' 6-max Seat #4 is the button
Seat 3: Shara.Vi ($170.18 in chips)
Seat 4: BuzovaPro ($81.59 in chips)
BuzovaPro: posts small blind $1
Shara.Vi: posts big blind $3
*** HOLE CARDS ***
BuzovaPro: raises $3 to $6
Shara.Vi: calls $3
*** FLOP *** [7c 4d Ad]
Shara.Vi: checks
BuzovaPro: bets $3
Shara.Vi: folds
Uncalled bet ($3) returned to BuzovaPro
BuzovaPro collected $11.76 from pot
BuzovaPro: doesn't show hand
*** SUMMARY ***
Total pot $12 | Rake $0.24
Board [7c 4d Ad]
Seat 3: Shara.Vi (big blind) folded on the Flop
Seat 4: BuzovaPro (button) (small blind) collected ($11.76)


PokerStars Hand #145944504683:  Hold'em Limit ($3/$6 USD) - 2015/12/26 9:43:50 ET
Table 'Tucapel III' 6-max Seat #4 is the button
Seat 3: Shara.Vi ($161.94 in chips)
Seat 4: BuzovaPro ($88.85 in chips)
BuzovaPro: posts small blind $1
Shara.Vi: posts big blind $3
*** HOLE CARDS ***
BuzovaPro: raises $3 to $6
Shara.Vi: calls $3
*** FLOP *** [3c 8c Qd]
Shara.Vi: checks
BuzovaPro: bets $3
Shara.Vi: calls $3
*** TURN *** [3c 8c Qd] [8s]
Shara.Vi: checks
BuzovaPro: bets $6
Shara.Vi: raises $6 to $12
BuzovaPro: calls $6
*** RIVER *** [3c 8c Qd 8s] [Ac]
Shara.Vi: bets $6
BuzovaPro: calls $6
*** SHOW DOWN ***
Shara.Vi: shows [5c Qh] (two pair, Queens and Eights)
BuzovaPro: shows [Ah Td] (two pair, Aces and Eights)
BuzovaPro collected $53.50 from pot
*** SUMMARY ***
Total pot $54 | Rake $0.50
Board [3c 8c Qd 8s Ac]
Seat 3: Shara.Vi (big blind) showed [5c Qh] and lost with two pair, Queens and Eights
Seat 4: BuzovaPro (button) (small blind) showed [Ah Td] and won ($53.50) with two pair, Aces and Eights


PokerStars Hand #145944496848:  Hold'em Limit ($3/$6 USD) - 2015/12/26 9:43:39 ET
Table 'Tucapel III' 6-max Seat #3 is the button
Seat 3: Shara.Vi ($156.18 in chips)
Seat 4: BuzovaPro ($94.85 in chips)
Shara.Vi: posts small blind $1
BuzovaPro: posts big blind $3
*** HOLE CARDS ***
Shara.Vi: raises $3 to $6
BuzovaPro: calls $3
*** FLOP *** [7h Td Qc]
BuzovaPro: checks
Shara.Vi: bets $3
BuzovaPro: folds
Uncalled bet ($3) returned to Shara.Vi
Shara.Vi collected $11.76 from pot
*** SUMMARY ***
Total pot $12 | Rake $0.24
Board [7h Td Qc]
Seat 3: Shara.Vi (button) (small blind) collected ($11.76)
Seat 4: BuzovaPro (big blind) folded on the Flop


PokerStars Hand #145944482011:  Hold'em Limit ($3/$6 USD) - 2015/12/26 9:43:19 ET
Table 'Tucapel III' 6-max Seat #4 is the button
Seat 3: Shara.Vi ($171.18 in chips)
Seat 4: BuzovaPro ($80.35 in chips)
BuzovaPro: posts small blind $1
Shara.Vi: posts big blind $3
*** HOLE CARDS ***
BuzovaPro: raises $3 to $6
Shara.Vi: calls $3
*** FLOP *** [5h Jh 2h]
Shara.Vi: checks
BuzovaPro: bets $3
Shara.Vi: calls $3
*** TURN *** [5h Jh 2h] [6d]
Shara.Vi: checks
BuzovaPro: bets $6
Shara.Vi: calls $6
*** RIVER *** [5h Jh 2h 6d] [Ts]
Shara.Vi: checks
BuzovaPro: bets $6
Shara.Vi: folds
Uncalled bet ($6) returned to BuzovaPro
BuzovaPro collected $29.50 from pot
BuzovaPro: doesn't show hand
*** SUMMARY ***
Total pot $30 | Rake $0.50
Board [5h Jh 2h 6d Ts]
Seat 3: Shara.Vi (big blind) folded on the River
Seat 4: BuzovaPro (button) (small blind) collected ($29.50)


PokerStars Hand #145944551374:  Hold'em Limit ($3/$6 USD) - 2015/12/26 9:44:54 ET
Table 'Tucapel III' 6-max Seat #4 is the button
Seat 3: Shara.Vi ($111.94 in chips)
Seat 4: BuzovaPro ($137.85 in chips)
BuzovaPro: posts small blind $1
Shara.Vi: posts big blind $3
*** HOLE CARDS ***
BuzovaPro: raises $3 to $6
Shara.Vi: raises $3 to $9
BuzovaPro: calls $3
*** FLOP *** [Ah 6c 8s]
Shara.Vi: checks
BuzovaPro: checks
*** TURN *** [Ah 6c 8s] [Jd]
Shara.Vi: bets $6
BuzovaPro: calls $6
*** RIVER *** [Ah 6c 8s Jd] [Jh]
Shara.Vi: bets $6
BuzovaPro: raises $6 to $12
Shara.Vi: calls $6
*** SHOW DOWN ***
BuzovaPro: shows [Qs Th] (a pair of Jacks)
Shara.Vi: shows [6d Ac] (two pair, Aces and Jacks)
Shara.Vi collected $53.50 from pot
*** SUMMARY ***
Total pot $54 | Rake $0.50
Board [Ah 6c 8s Jd Jh]
Seat 3: Shara.Vi (big blind) showed [6d Ac] and won ($53.50) with two pair, Aces and Jacks
Seat 4: BuzovaPro (button) (small blind) showed [Qs Th] and lost with a pair of Jacks


PokerStars Hand #145944545559:  Hold'em Limit ($3/$6 USD) - 2015/12/26 9:44:46 ET
Table 'Tucapel III' 6-max Seat #3 is the button
Seat 3: Shara.Vi ($108.94 in chips)
Seat 4: BuzovaPro ($140.85 in chips)
Shara.Vi: posts small blind $1
BuzovaPro: posts big blind $3
*** HOLE CARDS ***
Shara.Vi: raises $3 to $6
BuzovaPro: folds
Uncalled bet ($3) returned to Shara.Vi
Shara.Vi collected $6 from pot
*** SUMMARY ***
Total pot $6 | Rake $0
Seat 3: Shara.Vi (button) (small blind) collected ($6)
Seat 4: BuzovaPro (big blind) folded before Flop


PokerStars Hand #145944541763:  Hold'em Limit ($3/$6 USD) - 2015/12/26 9:44:41 ET
Table 'Tucapel III' 6-max Seat #4 is the button
Seat 3: Shara.Vi ($107.94 in chips)
Seat 4: BuzovaPro ($141.85 in chips)
BuzovaPro: posts small blind $1
Shara.Vi: posts big blind $3
*** HOLE CARDS ***
BuzovaPro: folds
Uncalled bet ($2) returned to Shara.Vi
Shara.Vi collected $2 from pot
*** SUMMARY ***
Total pot $2 | Rake $0
Seat 3: Shara.Vi (big blind) collected ($2)
Seat 4: BuzovaPro (button) (small blind) folded before Flop


PokerStars Hand #145944523420:  Hold'em Limit ($3/$6 USD) - 2015/12/26 9:44:16 ET
Table 'Tucapel III' 6-max Seat #3 is the button
Seat 3: Shara.Vi ($134.94 in chips)
Seat 4: BuzovaPro ($115.35 in chips)
Shara.Vi: posts small blind $1
BuzovaPro: posts big blind $3
*** HOLE CARDS ***
Shara.Vi: raises $3 to $6
BuzovaPro: raises $3 to $9
Shara.Vi: raises $3 to $12
Betting is capped
BuzovaPro: calls $3
*** FLOP *** [Qs 3h Td]
BuzovaPro: bets $3
Shara.Vi: calls $3
*** TURN *** [Qs 3h Td] [3d]
BuzovaPro: bets $6
Shara.Vi: calls $6
*** RIVER *** [Qs 3h Td 3d] [3s]
BuzovaPro: bets $6
Shara.Vi: calls $6
*** SHOW DOWN ***
BuzovaPro: shows [Qd Kh] (a full house, Threes full of Queens)
Shara.Vi: mucks hand
BuzovaPro collected $53.50 from pot
*** SUMMARY ***
Total pot $54 | Rake $0.50
Board [Qs 3h Td 3d 3s]
Seat 3: Shara.Vi (button) (small blind) mucked
Seat 4: BuzovaPro (big blind) showed [Qd Kh] and won ($53.50) with a full house, Threes full of Queens


PokerStars Hand #145944605217:  Hold'em Limit ($3/$6 USD) - 2015/12/26 9:46:07 ET
Table 'Tucapel III' 6-max Seat #4 is the button
Seat 3: Shara.Vi ($113.44 in chips)
Seat 4: BuzovaPro ($134.99 in chips)
BuzovaPro: posts small blind $1
Shara.Vi: posts big blind $3
*** HOLE CARDS ***
BuzovaPro: folds
Uncalled bet ($2) returned to Shara.Vi
Shara.Vi collected $2 from pot
*** SUMMARY ***
Total pot $2 | Rake $0
Seat 3: Shara.Vi (big blind) collected ($2)
Seat 4: BuzovaPro (button) (small blind) folded before Flop


PokerStars Hand #145944601246:  Hold'em Limit ($3/$6 USD) - 2015/12/26 9:46:02 ET
Table 'Tucapel III' 6-max Seat #3 is the button
Seat 3: Shara.Vi ($114.44 in chips)
Seat 4: BuzovaPro ($133.99 in chips)
Shara.Vi: posts small blind $1
BuzovaPro: posts big blind $3
*** HOLE CARDS ***
Shara.Vi: folds
Uncalled bet ($2) returned to BuzovaPro
BuzovaPro collected $2 from pot
BuzovaPro: doesn't show hand
*** SUMMARY ***
Total pot $2 | Rake $0
Seat 3: Shara.Vi (button) (small blind) folded before Flop
Seat 4: BuzovaPro (big blind) collected ($2)


PokerStars Hand #145944582217:  Hold'em Limit ($3/$6 USD) - 2015/12/26 9:45:36 ET
Table 'Tucapel III' 6-max Seat #4 is the button
Seat 3: Shara.Vi ($123.44 in chips)
Seat 4: BuzovaPro ($125.35 in chips)
BuzovaPro: posts small blind $1
Shara.Vi: posts big blind $3
*** HOLE CARDS ***
BuzovaPro: raises $3 to $6
Shara.Vi: calls $3
*** FLOP *** [4s Ac Kh]
Shara.Vi: bets $3
BuzovaPro: calls $3
*** TURN *** [4s Ac Kh] [3s]
Shara.Vi: checks
BuzovaPro: bets $6
Shara.Vi: folds
Uncalled bet ($6) returned to BuzovaPro
BuzovaPro collected $17.64 from pot
BuzovaPro: doesn't show hand
*** SUMMARY ***
Total pot $18 | Rake $0.36
Board [4s Ac Kh 3s]
Seat 3: Shara.Vi (big blind) folded on the Turn
Seat 4: BuzovaPro (button) (small blind) collected ($17.64)


PokerStars Hand #145944566242:  Hold'em Limit ($3/$6 USD) - 2015/12/26 9:45:15 ET
Table 'Tucapel III' 6-max Seat #3 is the button
Seat 3: Shara.Vi ($138.44 in chips)
Seat 4: BuzovaPro ($110.85 in chips)
Shara.Vi: posts small blind $1
BuzovaPro: posts big blind $3
*** HOLE CARDS ***
Shara.Vi: raises $3 to $6
BuzovaPro: calls $3
*** FLOP *** [2s Kd Jh]
BuzovaPro: checks
Shara.Vi: bets $3
BuzovaPro: calls $3
*** TURN *** [2s Kd Jh] [3d]
BuzovaPro: checks
Shara.Vi: checks
*** RIVER *** [2s Kd Jh 3d] [7d]
BuzovaPro: bets $6
Shara.Vi: calls $6
*** SHOW DOWN ***
BuzovaPro: shows [9d Jc] (a pair of Jacks)
Shara.Vi: mucks hand
BuzovaPro collected $29.50 from pot
*** SUMMARY ***
Total pot $30 | Rake $0.50
Board [2s Kd Jh 3d 7d]
Seat 3: Shara.Vi (button) (small blind) mucked
Seat 4: BuzovaPro (big blind) showed [9d Jc] and won ($29.50) with a pair of Jacks


PokerStars Hand #145944658238:  Hold'em Limit ($3/$6 USD) - 2015/12/26 9:47:14 ET
Table 'Tucapel III' 6-max Seat #3 is the button
Seat 3: Shara.Vi ($108.44 in chips)
Seat 4: BuzovaPro ($139.63 in chips)
Shara.Vi: posts small blind $1
BuzovaPro: posts big blind $3
*** HOLE CARDS ***
Shara.Vi: folds
Uncalled bet ($2) returned to BuzovaPro
BuzovaPro collected $2 from pot
BuzovaPro: doesn't show hand
*** SUMMARY ***
Total pot $2 | Rake $0
Seat 3: Shara.Vi (button) (small blind) folded before Flop
Seat 4: BuzovaPro (big blind) collected ($2)


PokerStars Hand #145944628370:  Hold'em Limit ($3/$6 USD) - 2015/12/26 9:46:39 ET
Table 'Tucapel III' 6-max Seat #4 is the button
Seat 3: Shara.Vi ($117.44 in chips)
Seat 4: BuzovaPro ($130.99 in chips)
BuzovaPro: posts small blind $1
Shara.Vi: posts big blind $3
*** HOLE CARDS ***
BuzovaPro: raises $3 to $6
Shara.Vi: calls $3
*** FLOP *** [8s 2d As]
Shara.Vi: checks
feilinho joins the table at seat #5
BuzovaPro: bets $3
Shara.Vi: calls $3
*** TURN *** [8s 2d As] [2s]
Shara.Vi: checks
BuzovaPro: checks
*** RIVER *** [8s 2d As 2s] [Jc]
Shara.Vi: checks
BuzovaPro: checks
*** SHOW DOWN ***
Shara.Vi: shows [7d 9s] (a pair of Deuces)
BuzovaPro: shows [Kh 6s] (a pair of Deuces - Ace+King kicker)
BuzovaPro collected $17.64 from pot
*** SUMMARY ***
Total pot $18 | Rake $0.36
Board [8s 2d As 2s Jc]
Seat 3: Shara.Vi (big blind) showed [7d 9s] and lost with a pair of Deuces
Seat 4: BuzovaPro (button) (small blind) showed [Kh 6s] and won ($17.64) with a pair of Deuces


PokerStars Hand #145944608841:  Hold'em Limit ($3/$6 USD) - 2015/12/26 9:46:12 ET
Table 'Tucapel III' 6-max Seat #3 is the button
Seat 3: Shara.Vi ($114.44 in chips)
Seat 4: BuzovaPro ($133.99 in chips)
Shara.Vi: posts small blind $1
BuzovaPro: posts big blind $3
*** HOLE CARDS ***
Shara.Vi: raises $3 to $6
BuzovaPro: folds
Uncalled bet ($3) returned to Shara.Vi
Shara.Vi collected $6 from pot
*** SUMMARY ***
Total pot $6 | Rake $0
Seat 3: Shara.Vi (button) (small blind) collected ($6)
Seat 4: BuzovaPro (big blind) folded before Flop


PokerStars Hand #145946697122:  Hold'em Limit ($3/$6 USD) - 2015/12/26 10:31:05 ET
Table 'Tucapel III' 6-max Seat #1 is the button
Seat 1: Chessnok ($60 in chips)
Seat 5: feilinho ($264.59 in chips)
Chessnok: posts small blind $1
Airbag999: is sitting out
TbIP-TbIP 88: is sitting out
feilinho: posts big blind $3
*** HOLE CARDS ***
Chessnok: raises $3 to $6
Airbag999 leaves the table
feilinho: calls $3
*** FLOP *** [Qc Jc Qd]
feilinho: checks
Chessnok: bets $3
feilinho: calls $3
*** TURN *** [Qc Jc Qd] [5s]
feilinho: checks
Chessnok: bets $6
feilinho: folds
Uncalled bet ($6) returned to Chessnok
Chessnok collected $17.64 from pot
Chessnok: doesn't show hand
*** SUMMARY ***
Total pot $18 | Rake $0.36
Board [Qc Jc Qd 5s]
Seat 1: Chessnok (button) (small blind) collected ($17.64)
Seat 5: feilinho (big blind) folded on the Turn


PokerStars Hand #145946712229:  Hold'em Limit ($3/$6 USD) - 2015/12/26 10:31:24 ET
Table 'Tucapel III' 6-max Seat #5 is the button
Seat 1: Chessnok ($68.64 in chips)
Seat 5: feilinho ($255.59 in chips)
feilinho: posts small blind $1
Chessnok: posts big blind $3
*** HOLE CARDS ***
feilinho: raises $3 to $6
Chessnok: calls $3
*** FLOP *** [5s Qd 8d]
Chessnok: checks
feilinho: bets $3
Chessnok: folds
Uncalled bet ($3) returned to feilinho
feilinho collected $11.76 from pot
feilinho: doesn't show hand
*** SUMMARY ***
Total pot $12 | Rake $0.24
Board [5s Qd 8d]
Seat 1: Chessnok (big blind) folded on the Flop
Seat 5: feilinho (button) (small blind) collected ($11.76)


