PokerStars Hand #145618566046:  Hold'em Limit ($3/$6 USD) - 2015/12/20 0:37:23 ET
Table 'Tucson' 6-max Seat #3 is the button
Seat 1: Velbor107 ($299 in chips)
Seat 3: cvillegurl ($49.90 in chips)
cvillegurl: posts small blind $1
Velbor107: posts big blind $3
*** HOLE CARDS ***
cvillegurl: folds
Uncalled bet ($2) returned to Velbor107
Velbor107 collected $2 from pot
*** SUMMARY ***
Total pot $2 | Rake $0
Seat 1: Velbor107 (big blind) collected ($2)
Seat 3: cvillegurl (button) (small blind) folded before Flop


PokerStars Hand #145618580639:  Hold'em Limit ($3/$6 USD) - 2015/12/20 0:38:18 ET
Table 'Tucson' 6-max Seat #3 is the button
Seat 1: Velbor107 ($296.40 in chips)
Seat 3: cvillegurl ($51.40 in chips)
cvillegurl: posts small blind $1
Velbor107: posts big blind $3
*** HOLE CARDS ***
cvillegurl: folds
Uncalled bet ($2) returned to Velbor107
Velbor107 collected $2 from pot
*** SUMMARY ***
Total pot $2 | Rake $0
Seat 1: Velbor107 (big blind) collected ($2)
Seat 3: cvillegurl (button) (small blind) folded before Flop


PokerStars Hand #145618576798:  Hold'em Limit ($3/$6 USD) - 2015/12/20 0:38:03 ET
Table 'Tucson' 6-max Seat #1 is the button
Seat 1: Velbor107 ($290.64 in chips)
Seat 3: cvillegurl ($57.40 in chips)
Velbor107: posts small blind $1
cvillegurl: posts big blind $3
*** HOLE CARDS ***
Velbor107: raises $3 to $6
cvillegurl: calls $3
*** FLOP *** [Qc As 6d]
cvillegurl: checks
Velbor107: bets $3
cvillegurl: folds
Uncalled bet ($3) returned to Velbor107
Velbor107 collected $11.76 from pot
*** SUMMARY ***
Total pot $12 | Rake $0.24
Board [Qc As 6d]
Seat 1: Velbor107 (button) (small blind) collected ($11.76)
Seat 3: cvillegurl (big blind) folded on the Flop


PokerStars Hand #145618572357:  Hold'em Limit ($3/$6 USD) - 2015/12/20 0:37:47 ET
Table 'Tucson' 6-max Seat #3 is the button
Seat 1: Velbor107 ($308.64 in chips)
Seat 3: cvillegurl ($39.90 in chips)
cvillegurl: posts small blind $1
Velbor107: posts big blind $3
*** HOLE CARDS ***
cvillegurl: calls $2
Velbor107: checks
*** FLOP *** [2d 4h 7c]
Velbor107: bets $3
cvillegurl: calls $3
*** TURN *** [2d 4h 7c] [2h]
Velbor107: bets $6
cvillegurl: calls $6
*** RIVER *** [2d 4h 7c 2h] [2s]
Velbor107: bets $6
cvillegurl: calls $6
*** SHOW DOWN ***
Velbor107: shows [5h 3d] (three of a kind, Deuces)
cvillegurl: shows [Ts Td] (a full house, Deuces full of Tens)
cvillegurl collected $35.50 from pot
*** SUMMARY ***
Total pot $36 | Rake $0.50
Board [2d 4h 7c 2h 2s]
Seat 1: Velbor107 (big blind) showed [5h 3d] and lost with three of a kind, Deuces
Seat 3: cvillegurl (button) (small blind) showed [Ts Td] and won ($35.50) with a full house, Deuces full of Tens


PokerStars Hand #145618582178:  Hold'em Limit ($3/$6 USD) - 2015/12/20 0:38:24 ET
Table 'Tucson' 6-max Seat #1 is the button
Seat 1: Velbor107 ($297.40 in chips)
Seat 3: cvillegurl ($50.40 in chips)
Velbor107: posts small blind $1
cvillegurl: posts big blind $3
*** HOLE CARDS ***
Velbor107: raises $3 to $6
cvillegurl: calls $3
*** FLOP *** [3c 4s Qs]
cvillegurl: bets $3
Velbor107: raises $3 to $6
cvillegurl: calls $3
*** TURN *** [3c 4s Qs] [Kc]
cvillegurl: bets $6
Velbor107: raises $6 to $12
cvillegurl: calls $6
*** RIVER *** [3c 4s Qs Kc] [Qd]
cvillegurl: checks
Velbor107: checks
*** SHOW DOWN ***
cvillegurl: shows [Kd 5d] (two pair, Kings and Queens)
Velbor107: mucks hand
cvillegurl collected $47.50 from pot
*** SUMMARY ***
Total pot $48 | Rake $0.50
Board [3c 4s Qs Kc Qd]
Seat 1: Velbor107 (button) (small blind) mucked
Seat 3: cvillegurl (big blind) showed [Kd 5d] and won ($47.50) with two pair, Kings and Queens


PokerStars Hand #145618595408:  Hold'em Limit ($3/$6 USD) - 2015/12/20 0:39:12 ET
Table 'Tucson' 6-max Seat #1 is the button
Seat 1: Velbor107 ($270.40 in chips)
Seat 3: cvillegurl ($76.90 in chips)
Velbor107: posts small blind $1
cvillegurl: posts big blind $3
*** HOLE CARDS ***
Velbor107: raises $3 to $6
cvillegurl: raises $3 to $9
Velbor107: calls $3
*** FLOP *** [Ac 6c 7d]
cvillegurl: bets $3
Velbor107: folds
Uncalled bet ($3) returned to cvillegurl
cvillegurl collected $17.64 from pot
cvillegurl: doesn't show hand
*** SUMMARY ***
Total pot $18 | Rake $0.36
Board [Ac 6c 7d]
Seat 1: Velbor107 (button) (small blind) folded on the Flop
Seat 3: cvillegurl (big blind) collected ($17.64)


PokerStars Hand #145618611819:  Hold'em Limit ($3/$6 USD) - 2015/12/20 0:40:14 ET
Table 'Tucson' 6-max Seat #1 is the button
Seat 1: Velbor107 ($247.16 in chips)
Seat 3: cvillegurl ($99.04 in chips)
Velbor107: posts small blind $1
cvillegurl: posts big blind $3
*** HOLE CARDS ***
Velbor107: raises $3 to $6
cvillegurl: calls $3
*** FLOP *** [Jd 2d Ac]
cvillegurl: checks
Velbor107: bets $3
cvillegurl: folds
Uncalled bet ($3) returned to Velbor107
Velbor107 collected $11.76 from pot
*** SUMMARY ***
Total pot $12 | Rake $0.24
Board [Jd 2d Ac]
Seat 1: Velbor107 (button) (small blind) collected ($11.76)
Seat 3: cvillegurl (big blind) folded on the Flop


PokerStars Hand #145618604427:  Hold'em Limit ($3/$6 USD) - 2015/12/20 0:39:46 ET
Table 'Tucson' 6-max Seat #3 is the button
Seat 1: Velbor107 ($268.16 in chips)
Seat 3: cvillegurl ($78.54 in chips)
cvillegurl: posts small blind $1
Velbor107: posts big blind $3
*** HOLE CARDS ***
cvillegurl: calls $2
Velbor107: raises $3 to $6
cvillegurl: calls $3
*** FLOP *** [6s 7h 4d]
Velbor107: bets $3
cvillegurl: calls $3
*** TURN *** [6s 7h 4d] [Qd]
Velbor107: bets $6
cvillegurl: calls $6
*** RIVER *** [6s 7h 4d Qd] [2h]
Velbor107: checks
cvillegurl: bets $6
Velbor107: calls $6
*** SHOW DOWN ***
cvillegurl: shows [4h Kd] (a pair of Fours)
Velbor107: mucks hand
cvillegurl collected $41.50 from pot
*** SUMMARY ***
Total pot $42 | Rake $0.50
Board [6s 7h 4d Qd 2h]
Seat 1: Velbor107 (big blind) mucked
Seat 3: cvillegurl (button) (small blind) showed [4h Kd] and won ($41.50) with a pair of Fours


PokerStars Hand #145618599552:  Hold'em Limit ($3/$6 USD) - 2015/12/20 0:39:28 ET
Table 'Tucson' 6-max Seat #1 is the button
Seat 1: Velbor107 ($262.40 in chips)
Seat 3: cvillegurl ($84.54 in chips)
Velbor107: posts small blind $1
cvillegurl: posts big blind $3
*** HOLE CARDS ***
Velbor107: raises $3 to $6
cvillegurl: calls $3
*** FLOP *** [Jc 6h Ts]
cvillegurl: checks
Velbor107: checks
*** TURN *** [Jc 6h Ts] [3c]
cvillegurl: checks
Velbor107: checks
*** RIVER *** [Jc 6h Ts 3c] [5h]
cvillegurl: checks
Velbor107: checks
*** SHOW DOWN ***
cvillegurl: shows [Qh 2h] (high card Queen)
Velbor107: shows [Kd 7d] (high card King)
Velbor107 collected $11.76 from pot
*** SUMMARY ***
Total pot $12 | Rake $0.24
Board [Jc 6h Ts 3c 5h]
Seat 1: Velbor107 (button) (small blind) showed [Kd 7d] and won ($11.76) with high card King
Seat 3: cvillegurl (big blind) showed [Qh 2h] and lost with high card Queen


PokerStars Hand #145618619972:  Hold'em Limit ($3/$6 USD) - 2015/12/20 0:40:44 ET
Table 'Tucson' 6-max Seat #1 is the button
Seat 1: Velbor107 ($257.92 in chips)
Seat 3: cvillegurl ($88.04 in chips)
Velbor107: posts small blind $1
cvillegurl: posts big blind $3
*** HOLE CARDS ***
Velbor107: raises $3 to $6
cvillegurl: calls $3
*** FLOP *** [Qs 2h 3c]
cvillegurl: bets $3
Velbor107: calls $3
*** TURN *** [Qs 2h 3c] [2c]
cvillegurl: checks
Velbor107: bets $6
cvillegurl: calls $6
*** RIVER *** [Qs 2h 3c 2c] [7h]
cvillegurl: bets $6
robinu666 joins the table at seat #4
Velbor107: raises $6 to $12
cvillegurl: folds
Uncalled bet ($6) returned to Velbor107
Velbor107 collected $41.50 from pot
*** SUMMARY ***
Total pot $42 | Rake $0.50
Board [Qs 2h 3c 2c 7h]
Seat 1: Velbor107 (button) (small blind) collected ($41.50)
Seat 3: cvillegurl (big blind) folded on the River


PokerStars Hand #145618617116:  Hold'em Limit ($3/$6 USD) - 2015/12/20 0:40:34 ET
Table 'Tucson' 6-max Seat #1 is the button
Seat 1: Velbor107 ($253.92 in chips)
Seat 3: cvillegurl ($92.04 in chips)
Velbor107: posts small blind $1
cvillegurl: posts big blind $3
*** HOLE CARDS ***
Velbor107: raises $3 to $6
cvillegurl: folds
Uncalled bet ($3) returned to Velbor107
Velbor107 collected $6 from pot
*** SUMMARY ***
Total pot $6 | Rake $0
Seat 1: Velbor107 (button) (small blind) collected ($6)
Seat 3: cvillegurl (big blind) folded before Flop


PokerStars Hand #145619236673:  Hold'em Limit ($3/$6 USD) - 2015/12/20 1:18:53 ET
Table 'Tucson' 6-max Seat #5 is the button
Seat 2: Sugar_Mama2 ($135.86 in chips)
Seat 5: scorpio04 ($109.12 in chips)
scorpio04: posts small blind $1
PycV: is sitting out
PycV leaves the table
Sugar_Mama2: posts big blind $3
*** HOLE CARDS ***
scorpio04: folds
Uncalled bet ($2) returned to Sugar_Mama2
Sugar_Mama2 collected $2 from pot
Sugar_Mama2: doesn't show hand
*** SUMMARY ***
Total pot $2 | Rake $0
Seat 2: Sugar_Mama2 (big blind) collected ($2)
Seat 5: scorpio04 (button) (small blind) folded before Flop


