PokerStars Hand #152834180012:  Hold'em Limit ($3/$6 USD) - 2016/05/04 6:58:00 ET
Table 'Tucson II' 6-max Seat #3 is the button
Seat 3: vicka555 ($60 in chips)
Seat 4: Agrotait ($72 in chips)
vicka555: posts small blind $1
Agrotait: posts big blind $3
*** HOLE CARDS ***
vicka555: raises $3 to $6
Agrotait: calls $3
*** FLOP *** [9c 3h Qh]
Agrotait: checks
vicka555: bets $3
Agrotait: calls $3
*** TURN *** [9c 3h Qh] [Jd]
Agrotait: checks
vicka555: bets $6
Agrotait: calls $6
*** RIVER *** [9c 3h Qh Jd] [7h]
Agrotait: checks
vicka555: bets $6
Agrotait: folds
Uncalled bet ($6) returned to vicka555
vicka555 collected $29.50 from pot
vicka555: doesn't show hand
*** SUMMARY ***
Total pot $30 | Rake $0.50
Board [9c 3h Qh Jd 7h]
Seat 3: vicka555 (button) (small blind) collected ($29.50)
Seat 4: Agrotait (big blind) folded on the River


PokerStars Hand #152834193297:  Hold'em Limit ($3/$6 USD) - 2016/05/04 6:58:34 ET
Table 'Tucson II' 6-max Seat #4 is the button
Seat 3: vicka555 ($74.50 in chips)
Seat 4: Agrotait ($72 in chips)
Agrotait: posts small blind $1
vicka555: posts big blind $3
*** HOLE CARDS ***
Agrotait: raises $3 to $6
vicka555: calls $3
*** FLOP *** [Ad 7d 6c]
vicka555: checks
Agrotait: bets $3
vicka555: calls $3
*** TURN *** [Ad 7d 6c] [Jd]
vicka555: checks
Agrotait: bets $6
vicka555: calls $6
*** RIVER *** [Ad 7d 6c Jd] [3h]
vicka555: checks
Agrotait: checks
*** SHOW DOWN ***
vicka555: shows [6h 9h] (a pair of Sixes)
Agrotait: mucks hand
vicka555 collected $29.50 from pot
*** SUMMARY ***
Total pot $30 | Rake $0.50
Board [Ad 7d 6c Jd 3h]
Seat 3: vicka555 (big blind) showed [6h 9h] and won ($29.50) with a pair of Sixes
Seat 4: Agrotait (button) (small blind) mucked


PokerStars Hand #152834207208:  Hold'em Limit ($3/$6 USD) - 2016/05/04 6:59:10 ET
Table 'Tucson II' 6-max Seat #3 is the button
Seat 3: vicka555 ($89 in chips)
Seat 4: Agrotait ($72 in chips)
vicka555: posts small blind $1
Agrotait: posts big blind $3
*** HOLE CARDS ***
vicka555: raises $3 to $6
Agrotait: calls $3
*** FLOP *** [4d 6s 3d]
Agrotait: checks
vicka555: bets $3
Agrotait: raises $3 to $6
vicka555: calls $3
*** TURN *** [4d 6s 3d] [4s]
Agrotait: bets $6
vicka555: calls $6
*** RIVER *** [4d 6s 3d 4s] [7h]
Agrotait: bets $6
vicka555: raises $6 to $12
Agrotait: calls $6
*** SHOW DOWN ***
vicka555: shows [5c Ks] (a straight, Three to Seven)
Agrotait: mucks hand
vicka555 collected $59.50 from pot
*** SUMMARY ***
Total pot $60 | Rake $0.50
Board [4d 6s 3d 4s 7h]
Seat 3: vicka555 (button) (small blind) showed [5c Ks] and won ($59.50) with a straight, Three to Seven
Seat 4: Agrotait (big blind) mucked


PokerStars Hand #152834226904:  Hold'em Limit ($3/$6 USD) - 2016/05/04 6:59:59 ET
Table 'Tucson II' 6-max Seat #4 is the button
Seat 3: vicka555 ($118.50 in chips)
Seat 4: Agrotait ($72 in chips)
Agrotait: posts small blind $1
vicka555: posts big blind $3
*** HOLE CARDS ***
Agrotait: raises $3 to $6
matreco601 joins the table at seat #5
vicka555: folds
Uncalled bet ($3) returned to Agrotait
Agrotait collected $6 from pot
Agrotait: doesn't show hand
*** SUMMARY ***
Total pot $6 | Rake $0
Seat 3: vicka555 (big blind) folded before Flop
Seat 4: Agrotait (button) (small blind) collected ($6)


PokerStars Hand #152834231977:  Hold'em Limit ($3/$6 USD) - 2016/05/04 7:00:12 ET
Table 'Tucson II' 6-max Seat #3 is the button
Seat 3: vicka555 ($115.50 in chips)
Seat 4: Agrotait ($75 in chips)
vicka555: posts small blind $1
Agrotait: posts big blind $3
*** HOLE CARDS ***
vicka555: raises $3 to $6
Agrotait: raises $3 to $9
vicka555: raises $3 to $12
Betting is capped
Agrotait: calls $3
*** FLOP *** [7s Jh 9h]
Agrotait: checks
vicka555: bets $3
Agrotait: raises $3 to $6
vicka555: calls $3
*** TURN *** [7s Jh 9h] [Jc]
Agrotait: bets $6
vicka555: calls $6
*** RIVER *** [7s Jh 9h Jc] [3s]
Agrotait: bets $6
vicka555: calls $6
*** SHOW DOWN ***
Agrotait: shows [Qh Js] (three of a kind, Jacks)
vicka555: mucks hand
samurai.ru joins the table at seat #6
Agrotait collected $59.50 from pot
*** SUMMARY ***
Total pot $60 | Rake $0.50
Board [7s Jh 9h Jc 3s]
Seat 3: vicka555 (button) (small blind) mucked
Seat 4: Agrotait (big blind) showed [Qh Js] and won ($59.50) with three of a kind, Jacks


PokerStars Hand #152834272348:  Hold'em Limit ($3/$6 USD) - 2016/05/04 7:01:49 ET
Table 'Tucson II' 6-max Seat #5 is the button
Seat 4: Agrotait ($132.21 in chips)
Seat 5: matreco601 ($7.86 in chips)
matreco601: posts small blind $1
samurai.ru: is sitting out
Agrotait: posts big blind $3
*** HOLE CARDS ***
matreco601: calls $2
Agrotait: checks
*** FLOP *** [Kd 6d Ks]
Agrotait: checks
matreco601: bets $3
Agrotait: raises $3 to $6
matreco601: folds
Uncalled bet ($3) returned to Agrotait
matreco601 leaves the table
Agrotait collected $11.76 from pot
Agrotait: doesn't show hand
*** SUMMARY ***
Total pot $12 | Rake $0.24
Board [Kd 6d Ks]
Seat 4: Agrotait (big blind) collected ($11.76)
Seat 5: matreco601 (button) (small blind) folded on the Flop


