PokerStars Hand #175938437725:  Hold'em Limit ($3/$6 USD) - 2017/09/21 13:46:47 ET
Table 'Tucson II' 6-max Seat #5 is the button
Seat 4: Mahsun77 ($145.60 in chips)
Seat 5: sadamilli ($12.52 in chips)
sadamilli: posts small blind $1
vestimokrec: is sitting out
Ale4o: is sitting out
Ag3r0n: is sitting out
Mahsun77: posts big blind $3
*** HOLE CARDS ***
Ale4o leaves the table
Ag3r0n leaves the table
sadamilli said, "lol what the **** i was hoping fot"
vestimokrec leaves the table
sadamilli said, "im ****ing rigged to lose"
sadamilli: raises $3 to $6
Mahsun77: calls $3
*** FLOP *** [2d Td Qh]
Mahsun77: checks
sadamilli: bets $3
Mahsun77: folds
Uncalled bet ($3) returned to sadamilli
sadamilli collected $11.76 from pot
sadamilli: doesn't show hand
*** SUMMARY ***
Total pot $12 | Rake $0.24
Board [2d Td Qh]
Seat 4: Mahsun77 (big blind) folded on the Flop
Seat 5: sadamilli (button) (small blind) collected ($11.76)


PokerStars Hand #175938455353:  Hold'em Limit ($3/$6 USD) - 2017/09/21 13:47:10 ET
Table 'Tucson II' 6-max Seat #4 is the button
Seat 4: Mahsun77 ($139.60 in chips)
Seat 5: sadamilli ($18.28 in chips)
Mahsun77: posts small blind $1
sadamilli: posts big blind $3
*** HOLE CARDS ***
Mahsun77: raises $3 to $6
sadamilli: calls $3
*** FLOP *** [4s 7c Jd]
sadamilli: checks
Mahsun77: bets $3
sadamilli: calls $3
*** TURN *** [4s 7c Jd] [7h]
sadamilli: checks
Mahsun77: bets $6
sadamilli: calls $6
*** RIVER *** [4s 7c Jd 7h] [3s]
sadamilli: bets $3.28 and is all-in
Mahsun77: calls $3.28
*** SHOW DOWN ***
sadamilli: shows [5h 3h] (two pair, Sevens and Threes)
Mahsun77: shows [Ah Jh] (two pair, Jacks and Sevens)
sadamilli leaves the table
Mahsun77 collected $36.06 from pot
*** SUMMARY ***
Total pot $36.56 | Rake $0.50
Board [4s 7c Jd 7h 3s]
Seat 4: Mahsun77 (button) (small blind) showed [Ah Jh] and won ($36.06) with two pair, Jacks and Sevens
Seat 5: sadamilli (big blind) showed [5h 3h] and lost with two pair, Sevens and Threes


