PokerStars Hand #170144192567:  Hold'em Limit ($3/$6 USD) - 2017/05/08 16:22:06 ET
Table 'Tugela III' 10-max Seat #5 is the button
Seat 5: simper11 ($36 in chips)
Seat 6: diablo62713 ($84.07 in chips)
simper11: posts small blind $1
diablo62713: posts big blind $3
*** HOLE CARDS ***
simper11: raises $3 to $6
diablo62713: raises $3 to $9
simper11: calls $3
*** FLOP *** [6d 8d 9h]
diablo62713: checks
simper11: checks
*** TURN *** [6d 8d 9h] [Kd]
diablo62713: checks
simper11: checks
*** RIVER *** [6d 8d 9h Kd] [8h]
diablo62713: bets $6
simper11: folds
Uncalled bet ($6) returned to diablo62713
diablo62713 collected $17.64 from pot
diablo62713: doesn't show hand
*** SUMMARY ***
Total pot $18 | Rake $0.36
Board [6d 8d 9h Kd 8h]
Seat 5: simper11 (button) (small blind) folded on the River
Seat 6: diablo62713 (big blind) collected ($17.64)


PokerStars Hand #170144225413:  Hold'em Limit ($3/$6 USD) - 2017/05/08 16:22:41 ET
Table 'Tugela III' 10-max Seat #5 is the button
Seat 5: simper11 ($39 in chips)
Seat 6: diablo62713 ($89.71 in chips)
simper11: posts small blind $1
diablo62713: posts big blind $3
*** HOLE CARDS ***
simper11: folds
Uncalled bet ($2) returned to diablo62713
diablo62713 collected $2 from pot
diablo62713: doesn't show hand
*** SUMMARY ***
Total pot $2 | Rake $0
Seat 5: simper11 (button) (small blind) folded before Flop
Seat 6: diablo62713 (big blind) collected ($2)


PokerStars Hand #170144217380:  Hold'em Limit ($3/$6 USD) - 2017/05/08 16:22:33 ET
Table 'Tugela III' 10-max Seat #6 is the button
Seat 5: simper11 ($36 in chips)
Seat 6: diablo62713 ($92.71 in chips)
diablo62713: posts small blind $1
simper11: posts big blind $3
*** HOLE CARDS ***
GRAILKO joins the table at seat #7
diablo62713: calls $2
simper11: raises $3 to $6
diablo62713: folds
Uncalled bet ($3) returned to simper11
simper11 collected $6 from pot
simper11: doesn't show hand
*** SUMMARY ***
Total pot $6 | Rake $0
Seat 5: simper11 (big blind) collected ($6)
Seat 6: diablo62713 (button) (small blind) folded before Flop


