PokerStars Hand #145111568320:  Hold'em Limit ($3/$6 USD) - 2015/12/10 4:11:29 ET
Table 'Tugela' 2-max Seat #1 is the button
Seat 1: siuraz83 ($132.52 in chips)
Seat 2: BugerDV ($59 in chips)
siuraz83: posts small blind $1
BugerDV: posts big blind $3
*** HOLE CARDS ***
siuraz83: calls $2
BugerDV: raises $3 to $6
siuraz83: calls $3
*** FLOP *** [Ts 7s Jd]
BugerDV: checks
siuraz83: checks
*** TURN *** [Ts 7s Jd] [Kh]
BugerDV: checks
siuraz83: bets $6
BugerDV: calls $6
*** RIVER *** [Ts 7s Jd Kh] [5s]
BugerDV: checks
siuraz83: bets $6
BugerDV: calls $6
*** SHOW DOWN ***
siuraz83: shows [Kd 3c] (a pair of Kings)
BugerDV: mucks hand
siuraz83 collected $35.50 from pot
*** SUMMARY ***
Total pot $36 | Rake $0.50
Board [Ts 7s Jd Kh 5s]
Seat 1: siuraz83 (button) (small blind) showed [Kd 3c] and won ($35.50) with a pair of Kings
Seat 2: BugerDV (big blind) mucked


PokerStars Hand #145111558496:  Hold'em Limit ($3/$6 USD) - 2015/12/10 4:11:02 ET
Table 'Tugela' 2-max Seat #1 is the button
Seat 1: siuraz83 ($121 in chips)
Seat 2: BugerDV ($71 in chips)
siuraz83: posts small blind $1
BugerDV: posts big blind $3
*** HOLE CARDS ***
siuraz83: calls $2
BugerDV: checks
*** FLOP *** [Th Ts 5d]
BugerDV: checks
siuraz83: bets $3
BugerDV: folds
Uncalled bet ($3) returned to siuraz83
siuraz83 collected $5.88 from pot
siuraz83: doesn't show hand
*** SUMMARY ***
Total pot $6 | Rake $0.12
Board [Th Ts 5d]
Seat 1: siuraz83 (button) (small blind) collected ($5.88)
Seat 2: BugerDV (big blind) folded on the Flop


PokerStars Hand #145111563510:  Hold'em Limit ($3/$6 USD) - 2015/12/10 4:11:15 ET
Table 'Tugela' 2-max Seat #2 is the button
Seat 1: siuraz83 ($123.88 in chips)
Seat 2: BugerDV ($68 in chips)
BugerDV: posts small blind $1
siuraz83: posts big blind $3
*** HOLE CARDS ***
BugerDV: raises $3 to $6
siuraz83: raises $3 to $9
BugerDV: calls $3
*** FLOP *** [Tc 6c Ad]
siuraz83: bets $3
BugerDV: folds
Uncalled bet ($3) returned to siuraz83
siuraz83 collected $17.64 from pot
siuraz83: doesn't show hand
*** SUMMARY ***
Total pot $18 | Rake $0.36
Board [Tc 6c Ad]
Seat 1: siuraz83 (big blind) collected ($17.64)
Seat 2: BugerDV (button) (small blind) folded on the Flop


PokerStars Hand #145111575381:  Hold'em Limit ($3/$6 USD) - 2015/12/10 4:11:48 ET
Table 'Tugela' 2-max Seat #2 is the button
Seat 1: siuraz83 ($150.02 in chips)
Seat 2: BugerDV ($41 in chips)
BugerDV: posts small blind $1
siuraz83: posts big blind $3
*** HOLE CARDS ***
BugerDV: raises $3 to $6
siuraz83: raises $3 to $9
BugerDV: calls $3
*** FLOP *** [7c 8d 8c]
siuraz83: bets $3
BugerDV: calls $3
*** TURN *** [7c 8d 8c] [6s]
siuraz83: checks
BugerDV: checks
*** RIVER *** [7c 8d 8c 6s] [3c]
siuraz83: bets $6
BugerDV: calls $6
*** SHOW DOWN ***
siuraz83: shows [Kd As] (a pair of Eights)
BugerDV: mucks hand
siuraz83 collected $35.50 from pot
*** SUMMARY ***
Total pot $36 | Rake $0.50
Board [7c 8d 8c 6s 3c]
Seat 1: siuraz83 (big blind) showed [Kd As] and won ($35.50) with a pair of Eights
Seat 2: BugerDV (button) (small blind) mucked


PokerStars Hand #145111582715:  Hold'em Limit ($3/$6 USD) - 2015/12/10 4:12:08 ET
Table 'Tugela' 2-max Seat #1 is the button
Seat 1: siuraz83 ($167.52 in chips)
Seat 2: BugerDV ($83 in chips)
siuraz83: posts small blind $1
BugerDV: posts big blind $3
*** HOLE CARDS ***
siuraz83: raises $3 to $6
BugerDV: raises $3 to $9
siuraz83: calls $3
*** FLOP *** [Ac 3s Tc]
BugerDV: bets $3
siuraz83: calls $3
*** TURN *** [Ac 3s Tc] [5c]
BugerDV: bets $6
siuraz83: calls $6
*** RIVER *** [Ac 3s Tc 5c] [7h]
BugerDV: checks
siuraz83: bets $6
BugerDV: raises $6 to $12
siuraz83: calls $6
*** SHOW DOWN ***
BugerDV: shows [Ad 8d] (a pair of Aces)
siuraz83: shows [8c As] (a pair of Aces)
BugerDV collected $29.75 from pot
siuraz83 collected $29.75 from pot
*** SUMMARY ***
Total pot $60 | Rake $0.50
Board [Ac 3s Tc 5c 7h]
Seat 1: siuraz83 (button) (small blind) showed [8c As] and won ($29.75) with a pair of Aces
Seat 2: BugerDV (big blind) showed [Ad 8d] and won ($29.75) with a pair of Aces


PokerStars Hand #145111589821:  Hold'em Limit ($3/$6 USD) - 2015/12/10 4:12:28 ET
Table 'Tugela' 2-max Seat #2 is the button
Seat 1: siuraz83 ($167.27 in chips)
Seat 2: BugerDV ($82.75 in chips)
BugerDV: posts small blind $1
siuraz83: posts big blind $3
*** HOLE CARDS ***
BugerDV: raises $3 to $6
siuraz83: calls $3
*** FLOP *** [2s 2d 9d]
siuraz83: checks
BugerDV: bets $3
siuraz83: calls $3
*** TURN *** [2s 2d 9d] [7c]
siuraz83: checks
BugerDV: bets $6
siuraz83: raises $6 to $12
BugerDV: raises $6 to $18
siuraz83: raises $6 to $24
Betting is capped
BugerDV: calls $6
*** RIVER *** [2s 2d 9d 7c] [8c]
siuraz83: bets $6
BugerDV: raises $6 to $12
siuraz83: calls $6
*** SHOW DOWN ***
BugerDV: shows [2h Qc] (three of a kind, Deuces)
siuraz83: mucks hand
BugerDV collected $89.50 from pot
*** SUMMARY ***
Total pot $90 | Rake $0.50
Board [2s 2d 9d 7c 8c]
Seat 1: siuraz83 (big blind) mucked
Seat 2: BugerDV (button) (small blind) showed [2h Qc] and won ($89.50) with three of a kind, Deuces


PokerStars Hand #145111597954:  Hold'em Limit ($3/$6 USD) - 2015/12/10 4:12:50 ET
Table 'Tugela' 2-max Seat #1 is the button
Seat 1: siuraz83 ($122.27 in chips)
Seat 2: BugerDV ($127.25 in chips)
siuraz83: posts small blind $1
BugerDV: posts big blind $3
*** HOLE CARDS ***
siuraz83: calls $2
BugerDV: checks
*** FLOP *** [6s 8d 2c]
BugerDV: checks
siuraz83: bets $3
BugerDV: folds
Uncalled bet ($3) returned to siuraz83
siuraz83 collected $5.88 from pot
siuraz83: doesn't show hand
*** SUMMARY ***
Total pot $6 | Rake $0.12
Board [6s 8d 2c]
Seat 1: siuraz83 (button) (small blind) collected ($5.88)
Seat 2: BugerDV (big blind) folded on the Flop


PokerStars Hand #145111601658:  Hold'em Limit ($3/$6 USD) - 2015/12/10 4:13:00 ET
Table 'Tugela' 2-max Seat #2 is the button
Seat 1: siuraz83 ($125.15 in chips)
Seat 2: BugerDV ($124.25 in chips)
BugerDV: posts small blind $1
siuraz83: posts big blind $3
*** HOLE CARDS ***
BugerDV: calls $2
siuraz83: checks
*** FLOP *** [7c 6d Qc]
siuraz83: checks
BugerDV: bets $3
siuraz83: folds
Uncalled bet ($3) returned to BugerDV
BugerDV collected $5.88 from pot
BugerDV: doesn't show hand
*** SUMMARY ***
Total pot $6 | Rake $0.12
Board [7c 6d Qc]
Seat 1: siuraz83 (big blind) folded on the Flop
Seat 2: BugerDV (button) (small blind) collected ($5.88)


PokerStars Hand #145111605489:  Hold'em Limit ($3/$6 USD) - 2015/12/10 4:13:11 ET
Table 'Tugela' 2-max Seat #1 is the button
Seat 1: siuraz83 ($122.15 in chips)
Seat 2: BugerDV ($127.13 in chips)
siuraz83: posts small blind $1
BugerDV: posts big blind $3
*** HOLE CARDS ***
siuraz83: calls $2
BugerDV: checks
*** FLOP *** [8d 2s Tc]
BugerDV: checks
siuraz83: checks
*** TURN *** [8d 2s Tc] [2h]
BugerDV: checks
siuraz83: checks
*** RIVER *** [8d 2s Tc 2h] [7d]
BugerDV: checks
siuraz83: checks
*** SHOW DOWN ***
BugerDV: shows [9h Ac] (a pair of Deuces)
siuraz83: mucks hand
BugerDV collected $5.88 from pot
*** SUMMARY ***
Total pot $6 | Rake $0.12
Board [8d 2s Tc 2h 7d]
Seat 1: siuraz83 (button) (small blind) mucked
Seat 2: BugerDV (big blind) showed [9h Ac] and won ($5.88) with a pair of Deuces


PokerStars Hand #145111611191:  Hold'em Limit ($3/$6 USD) - 2015/12/10 4:13:26 ET
Table 'Tugela' 2-max Seat #2 is the button
Seat 1: siuraz83 ($119.15 in chips)
Seat 2: BugerDV ($130.01 in chips)
BugerDV: posts small blind $1
siuraz83: posts big blind $3
*** HOLE CARDS ***
BugerDV: raises $3 to $6
siuraz83: calls $3
*** FLOP *** [5c Ks Js]
siuraz83: checks
BugerDV: bets $3
siuraz83: calls $3
*** TURN *** [5c Ks Js] [Qc]
siuraz83: bets $6
BugerDV: raises $6 to $12
siuraz83: calls $6
*** RIVER *** [5c Ks Js Qc] [3d]
siuraz83: checks
BugerDV: bets $6
siuraz83: calls $6
*** SHOW DOWN ***
BugerDV: shows [Jh 5h] (two pair, Jacks and Fives)
siuraz83: mucks hand
BugerDV collected $53.50 from pot
*** SUMMARY ***
Total pot $54 | Rake $0.50
Board [5c Ks Js Qc 3d]
Seat 1: siuraz83 (big blind) mucked
Seat 2: BugerDV (button) (small blind) showed [Jh 5h] and won ($53.50) with two pair, Jacks and Fives


PokerStars Hand #145111618228:  Hold'em Limit ($3/$6 USD) - 2015/12/10 4:13:45 ET
Table 'Tugela' 2-max Seat #1 is the button
Seat 1: siuraz83 ($92.15 in chips)
Seat 2: BugerDV ($156.51 in chips)
siuraz83: posts small blind $1
BugerDV: posts big blind $3
*** HOLE CARDS ***
siuraz83: raises $3 to $6
BugerDV: calls $3
*** FLOP *** [Th 4s Ad]
BugerDV: checks
siuraz83: bets $3
BugerDV: folds
Uncalled bet ($3) returned to siuraz83
siuraz83 collected $11.76 from pot
siuraz83: doesn't show hand
*** SUMMARY ***
Total pot $12 | Rake $0.24
Board [Th 4s Ad]
Seat 1: siuraz83 (button) (small blind) collected ($11.76)
Seat 2: BugerDV (big blind) folded on the Flop


PokerStars Hand #145111621805:  Hold'em Limit ($3/$6 USD) - 2015/12/10 4:13:55 ET
Table 'Tugela' 2-max Seat #2 is the button
Seat 1: siuraz83 ($97.91 in chips)
Seat 2: BugerDV ($150.51 in chips)
BugerDV: posts small blind $1
siuraz83: posts big blind $3
*** HOLE CARDS ***
BugerDV: raises $3 to $6
siuraz83: raises $3 to $9
BugerDV: calls $3
*** FLOP *** [9c 8s Kh]
siuraz83: bets $3
BugerDV: folds
Uncalled bet ($3) returned to siuraz83
siuraz83 collected $17.64 from pot
siuraz83: doesn't show hand
*** SUMMARY ***
Total pot $18 | Rake $0.36
Board [9c 8s Kh]
Seat 1: siuraz83 (big blind) collected ($17.64)
Seat 2: BugerDV (button) (small blind) folded on the Flop


PokerStars Hand #145111625389:  Hold'em Limit ($3/$6 USD) - 2015/12/10 4:14:05 ET
Table 'Tugela' 2-max Seat #1 is the button
Seat 1: siuraz83 ($106.55 in chips)
Seat 2: BugerDV ($141.51 in chips)
siuraz83: posts small blind $1
BugerDV: posts big blind $3
*** HOLE CARDS ***
siuraz83: calls $2
BugerDV: checks
*** FLOP *** [Th 7d 2c]
BugerDV: checks
siuraz83: checks
*** TURN *** [Th 7d 2c] [9d]
BugerDV: checks
siuraz83: checks
*** RIVER *** [Th 7d 2c 9d] [Kd]
BugerDV: bets $6
siuraz83: folds
Uncalled bet ($6) returned to BugerDV
BugerDV collected $5.88 from pot
BugerDV: doesn't show hand
*** SUMMARY ***
Total pot $6 | Rake $0.12
Board [Th 7d 2c 9d Kd]
Seat 1: siuraz83 (button) (small blind) folded on the River
Seat 2: BugerDV (big blind) collected ($5.88)


PokerStars Hand #145111637293:  Hold'em Limit ($3/$6 USD) - 2015/12/10 4:14:37 ET
Table 'Tugela' 2-max Seat #1 is the button
Seat 1: siuraz83 ($76.55 in chips)
Seat 2: BugerDV ($170.89 in chips)
siuraz83: posts small blind $1
BugerDV: posts big blind $3
*** HOLE CARDS ***
siuraz83: folds
Uncalled bet ($2) returned to BugerDV
BugerDV collected $2 from pot
BugerDV: doesn't show hand
*** SUMMARY ***
Total pot $2 | Rake $0
Seat 1: siuraz83 (button) (small blind) folded before Flop
Seat 2: BugerDV (big blind) collected ($2)


PokerStars Hand #145111630625:  Hold'em Limit ($3/$6 USD) - 2015/12/10 4:14:19 ET
Table 'Tugela' 2-max Seat #2 is the button
Seat 1: siuraz83 ($103.55 in chips)
Seat 2: BugerDV ($144.39 in chips)
BugerDV: posts small blind $1
siuraz83: posts big blind $3
*** HOLE CARDS ***
BugerDV: raises $3 to $6
siuraz83: calls $3
*** FLOP *** [2c Tc 5h]
siuraz83: bets $3
BugerDV: calls $3
*** TURN *** [2c Tc 5h] [3c]
siuraz83: bets $6
BugerDV: raises $6 to $12
siuraz83: calls $6
*** RIVER *** [2c Tc 5h 3c] [2h]
siuraz83: checks
BugerDV: bets $6
siuraz83: calls $6
*** SHOW DOWN ***
BugerDV: shows [Td 5c] (two pair, Tens and Fives)
siuraz83: mucks hand
BugerDV collected $53.50 from pot
*** SUMMARY ***
Total pot $54 | Rake $0.50
Board [2c Tc 5h 3c 2h]
Seat 1: siuraz83 (big blind) mucked
Seat 2: BugerDV (button) (small blind) showed [Td 5c] and won ($53.50) with two pair, Tens and Fives


PokerStars Hand #145111639112:  Hold'em Limit ($3/$6 USD) - 2015/12/10 4:14:42 ET
Table 'Tugela' 2-max Seat #2 is the button
Seat 1: siuraz83 ($75.55 in chips)
Seat 2: BugerDV ($171.89 in chips)
BugerDV: posts small blind $1
siuraz83: posts big blind $3
*** HOLE CARDS ***
BugerDV: raises $3 to $6
siuraz83: raises $3 to $9
BugerDV: calls $3
*** FLOP *** [6s 6h Th]
siuraz83: bets $3
BugerDV: raises $3 to $6
siuraz83: calls $3
*** TURN *** [6s 6h Th] [2s]
siuraz83: bets $6
BugerDV: calls $6
*** RIVER *** [6s 6h Th 2s] [3d]
siuraz83: bets $6
BugerDV: raises $6 to $12
siuraz83: calls $6
*** SHOW DOWN ***
BugerDV: shows [Tc Jd] (two pair, Tens and Sixes)
siuraz83: shows [Td Jh] (two pair, Tens and Sixes)
siuraz83 collected $32.75 from pot
BugerDV collected $32.75 from pot
*** SUMMARY ***
Total pot $66 | Rake $0.50
Board [6s 6h Th 2s 3d]
Seat 1: siuraz83 (big blind) showed [Td Jh] and won ($32.75) with two pair, Tens and Sixes
Seat 2: BugerDV (button) (small blind) showed [Tc Jd] and won ($32.75) with two pair, Tens and Sixes


PokerStars Hand #145111653941:  Hold'em Limit ($3/$6 USD) - 2015/12/10 4:15:22 ET
Table 'Tugela' 2-max Seat #2 is the button
Seat 1: siuraz83 ($51.30 in chips)
Seat 2: BugerDV ($195.14 in chips)
BugerDV: posts small blind $1
siuraz83: posts big blind $3
*** HOLE CARDS ***
BugerDV: raises $3 to $6
siuraz83: folds
Uncalled bet ($3) returned to BugerDV
BugerDV collected $6 from pot
BugerDV: doesn't show hand
*** SUMMARY ***
Total pot $6 | Rake $0
Seat 1: siuraz83 (big blind) folded before Flop
Seat 2: BugerDV (button) (small blind) collected ($6)


PokerStars Hand #145111655961:  Hold'em Limit ($3/$6 USD) - 2015/12/10 4:15:27 ET
Table 'Tugela' 2-max Seat #1 is the button
Seat 1: siuraz83 ($48.30 in chips)
Seat 2: BugerDV ($198.14 in chips)
siuraz83: posts small blind $1
BugerDV: posts big blind $3
*** HOLE CARDS ***
siuraz83: raises $3 to $6
BugerDV: calls $3
*** FLOP *** [2h Ts 3d]
BugerDV: checks
siuraz83: bets $3
BugerDV: folds
Uncalled bet ($3) returned to siuraz83
siuraz83 collected $11.76 from pot
siuraz83: doesn't show hand
*** SUMMARY ***
Total pot $12 | Rake $0.24
Board [2h Ts 3d]
Seat 1: siuraz83 (button) (small blind) collected ($11.76)
Seat 2: BugerDV (big blind) folded on the Flop


PokerStars Hand #145111665801:  Hold'em Limit ($3/$6 USD) - 2015/12/10 4:15:54 ET
Table 'Tugela' 2-max Seat #1 is the button
Seat 1: siuraz83 ($65.58 in chips)
Seat 2: BugerDV ($180.14 in chips)
siuraz83: posts small blind $1
BugerDV: posts big blind $3
*** HOLE CARDS ***
siuraz83: raises $3 to $6
BugerDV: folds
Uncalled bet ($3) returned to siuraz83
siuraz83 collected $6 from pot
siuraz83: doesn't show hand
*** SUMMARY ***
Total pot $6 | Rake $0
Seat 1: siuraz83 (button) (small blind) collected ($6)
Seat 2: BugerDV (big blind) folded before Flop


PokerStars Hand #145111659363:  Hold'em Limit ($3/$6 USD) - 2015/12/10 4:15:37 ET
Table 'Tugela' 2-max Seat #2 is the button
Seat 1: siuraz83 ($54.06 in chips)
Seat 2: BugerDV ($192.14 in chips)
BugerDV: posts small blind $1
siuraz83: posts big blind $3
*** HOLE CARDS ***
BugerDV: raises $3 to $6
siuraz83: calls $3
*** FLOP *** [5d Ks 4h]
siuraz83: bets $3
BugerDV: raises $3 to $6
siuraz83: calls $3
*** TURN *** [5d Ks 4h] [4d]
siuraz83: checks
BugerDV: checks
*** RIVER *** [5d Ks 4h 4d] [Kc]
siuraz83: bets $6
BugerDV: folds
Uncalled bet ($6) returned to siuraz83
siuraz83 collected $23.52 from pot
siuraz83: doesn't show hand
*** SUMMARY ***
Total pot $24 | Rake $0.48
Board [5d Ks 4h 4d Kc]
Seat 1: siuraz83 (big blind) collected ($23.52)
Seat 2: BugerDV (button) (small blind) folded on the River


PokerStars Hand #145111647352:  Hold'em Limit ($3/$6 USD) - 2015/12/10 4:15:04 ET
Table 'Tugela' 2-max Seat #1 is the button
Seat 1: siuraz83 ($75.30 in chips)
Seat 2: BugerDV ($171.64 in chips)
siuraz83: posts small blind $1
BugerDV: posts big blind $3
*** HOLE CARDS ***
siuraz83: raises $3 to $6
BugerDV: calls $3
*** FLOP *** [5h 7s 5d]
BugerDV: checks
siuraz83: bets $3
BugerDV: raises $3 to $6
siuraz83: calls $3
*** TURN *** [5h 7s 5d] [Ad]
BugerDV: bets $6
siuraz83: calls $6
*** RIVER *** [5h 7s 5d Ad] [Jc]
BugerDV: bets $6
siuraz83: calls $6
*** SHOW DOWN ***
BugerDV: shows [5c Ks] (three of a kind, Fives)
siuraz83: mucks hand
BugerDV collected $47.50 from pot
*** SUMMARY ***
Total pot $48 | Rake $0.50
Board [5h 7s 5d Ad Jc]
Seat 1: siuraz83 (button) (small blind) mucked
Seat 2: BugerDV (big blind) showed [5c Ks] and won ($47.50) with three of a kind, Fives


PokerStars Hand #145111667992:  Hold'em Limit ($3/$6 USD) - 2015/12/10 4:16:00 ET
Table 'Tugela' 2-max Seat #2 is the button
Seat 1: siuraz83 ($68.58 in chips)
Seat 2: BugerDV ($177.14 in chips)
BugerDV: posts small blind $1
siuraz83: posts big blind $3
*** HOLE CARDS ***
BugerDV: raises $3 to $6
siuraz83: calls $3
*** FLOP *** [Qd Ac 2h]
siuraz83: checks
BugerDV: bets $3
siuraz83: folds
Uncalled bet ($3) returned to BugerDV
BugerDV collected $11.76 from pot
BugerDV: doesn't show hand
*** SUMMARY ***
Total pot $12 | Rake $0.24
Board [Qd Ac 2h]
Seat 1: siuraz83 (big blind) folded on the Flop
Seat 2: BugerDV (button) (small blind) collected ($11.76)


PokerStars Hand #145111680981:  Hold'em Limit ($3/$6 USD) - 2015/12/10 4:16:36 ET
Table 'Tugela' 2-max Seat #1 is the button
Seat 1: siuraz83 ($47.58 in chips)
Seat 2: BugerDV ($197.30 in chips)
siuraz83: posts small blind $1
BugerDV: posts big blind $3
*** HOLE CARDS ***
siuraz83: folds
Uncalled bet ($2) returned to BugerDV
BugerDV collected $2 from pot
BugerDV: doesn't show hand
*** SUMMARY ***
Total pot $2 | Rake $0
Seat 1: siuraz83 (button) (small blind) folded before Flop
Seat 2: BugerDV (big blind) collected ($2)


PokerStars Hand #145111676393:  Hold'em Limit ($3/$6 USD) - 2015/12/10 4:16:23 ET
Table 'Tugela' 2-max Seat #2 is the button
Seat 1: siuraz83 ($53.58 in chips)
Seat 2: BugerDV ($191.54 in chips)
BugerDV: posts small blind $1
siuraz83: posts big blind $3
*** HOLE CARDS ***
BugerDV: raises $3 to $6
siuraz83: calls $3
*** FLOP *** [9s 6s 3s]
siuraz83: checks
BugerDV: bets $3
siuraz83: folds
Uncalled bet ($3) returned to BugerDV
BugerDV collected $11.76 from pot
BugerDV: doesn't show hand
*** SUMMARY ***
Total pot $12 | Rake $0.24
Board [9s 6s 3s]
Seat 1: siuraz83 (big blind) folded on the Flop
Seat 2: BugerDV (button) (small blind) collected ($11.76)


PokerStars Hand #145111682843:  Hold'em Limit ($3/$6 USD) - 2015/12/10 4:16:40 ET
Table 'Tugela' 2-max Seat #2 is the button
Seat 1: siuraz83 ($46.58 in chips)
Seat 2: BugerDV ($198.30 in chips)
BugerDV: posts small blind $1
siuraz83: posts big blind $3
*** HOLE CARDS ***
BugerDV: raises $3 to $6
siuraz83: calls $3
*** FLOP *** [3s 6d Qd]
siuraz83: checks
BugerDV: bets $3
siuraz83: folds
Uncalled bet ($3) returned to BugerDV
BugerDV collected $11.76 from pot
BugerDV: doesn't show hand
*** SUMMARY ***
Total pot $12 | Rake $0.24
Board [3s 6d Qd]
Seat 1: siuraz83 (big blind) folded on the Flop
Seat 2: BugerDV (button) (small blind) collected ($11.76)


PokerStars Hand #145111671898:  Hold'em Limit ($3/$6 USD) - 2015/12/10 4:16:11 ET
Table 'Tugela' 2-max Seat #1 is the button
Seat 1: siuraz83 ($62.58 in chips)
Seat 2: BugerDV ($182.90 in chips)
siuraz83: posts small blind $1
BugerDV: posts big blind $3
*** HOLE CARDS ***
siuraz83: calls $2
BugerDV: raises $3 to $6
siuraz83: calls $3
*** FLOP *** [2s 3c Ac]
BugerDV: bets $3
siuraz83: calls $3
*** TURN *** [2s 3c Ac] [9s]
BugerDV: bets $6
siuraz83: folds
Uncalled bet ($6) returned to BugerDV
BugerDV collected $17.64 from pot
BugerDV: doesn't show hand
*** SUMMARY ***
Total pot $18 | Rake $0.36
Board [2s 3c Ac 9s]
Seat 1: siuraz83 (button) (small blind) folded on the Turn
Seat 2: BugerDV (big blind) collected ($17.64)


PokerStars Hand #145111687015:  Hold'em Limit ($3/$6 USD) - 2015/12/10 4:16:52 ET
Table 'Tugela' 2-max Seat #1 is the button
Seat 1: siuraz83 ($40.58 in chips)
Seat 2: BugerDV ($204.06 in chips)
siuraz83: posts small blind $1
BugerDV: posts big blind $3
*** HOLE CARDS ***
siuraz83: calls $2
BugerDV: checks
*** FLOP *** [9s 8h 7c]
BugerDV: checks
siuraz83: checks
*** TURN *** [9s 8h 7c] [Kd]
BugerDV: checks
siuraz83: bets $6
BugerDV: calls $6
*** RIVER *** [9s 8h 7c Kd] [Qd]
BugerDV: checks
siuraz83: bets $6
BugerDV: calls $6
*** SHOW DOWN ***
siuraz83: shows [2c Ks] (a pair of Kings)
BugerDV: mucks hand
siuraz83 collected $29.50 from pot
*** SUMMARY ***
Total pot $30 | Rake $0.50
Board [9s 8h 7c Kd Qd]
Seat 1: siuraz83 (button) (small blind) showed [2c Ks] and won ($29.50) with a pair of Kings
Seat 2: BugerDV (big blind) mucked


PokerStars Hand #145111697685:  Hold'em Limit ($3/$6 USD) - 2015/12/10 4:17:20 ET
Table 'Tugela' 2-max Seat #2 is the button
Seat 1: siuraz83 ($55.08 in chips)
Seat 2: BugerDV ($189.06 in chips)
BugerDV: posts small blind $1
siuraz83: posts big blind $3
*** HOLE CARDS ***
BugerDV: raises $3 to $6
siuraz83: calls $3
*** FLOP *** [5h 9s 4s]
siuraz83: bets $3
BugerDV: calls $3
*** TURN *** [5h 9s 4s] [Qh]
siuraz83: checks
BugerDV: checks
*** RIVER *** [5h 9s 4s Qh] [5c]
siuraz83: checks
BugerDV: bets $6
siuraz83: folds
Uncalled bet ($6) returned to BugerDV
BugerDV collected $17.64 from pot
BugerDV: doesn't show hand
*** SUMMARY ***
Total pot $18 | Rake $0.36
Board [5h 9s 4s Qh 5c]
Seat 1: siuraz83 (big blind) folded on the River
Seat 2: BugerDV (button) (small blind) collected ($17.64)


PokerStars Hand #145111704681:  Hold'em Limit ($3/$6 USD) - 2015/12/10 4:17:39 ET
Table 'Tugela' 2-max Seat #1 is the button
Seat 1: siuraz83 ($46.08 in chips)
Seat 2: BugerDV ($197.70 in chips)
siuraz83: posts small blind $1
BugerDV: posts big blind $3
*** HOLE CARDS ***
siuraz83: calls $2
BugerDV: checks
*** FLOP *** [Tc 3h Jh]
BugerDV: bets $3
siuraz83: calls $3
*** TURN *** [Tc 3h Jh] [7h]
BugerDV: bets $6
siuraz83: raises $6 to $12
BugerDV: calls $6
*** RIVER *** [Tc 3h Jh 7h] [5d]
BugerDV: checks
siuraz83: bets $6
BugerDV: calls $6
*** SHOW DOWN ***
siuraz83: shows [Ah 3c] (a pair of Threes)
BugerDV: mucks hand
siuraz83 collected $47.50 from pot
*** SUMMARY ***
Total pot $48 | Rake $0.50
Board [Tc 3h Jh 7h 5d]
Seat 1: siuraz83 (button) (small blind) showed [Ah 3c] and won ($47.50) with a pair of Threes
Seat 2: BugerDV (big blind) mucked


PokerStars Hand #145111695579:  Hold'em Limit ($3/$6 USD) - 2015/12/10 4:17:15 ET
Table 'Tugela' 2-max Seat #1 is the button
Seat 1: siuraz83 ($52.08 in chips)
Seat 2: BugerDV ($192.06 in chips)
siuraz83: posts small blind $1
BugerDV: posts big blind $3
*** HOLE CARDS ***
siuraz83: raises $3 to $6
BugerDV: folds
Uncalled bet ($3) returned to siuraz83
siuraz83 collected $6 from pot
siuraz83: doesn't show hand
*** SUMMARY ***
Total pot $6 | Rake $0
Seat 1: siuraz83 (button) (small blind) collected ($6)
Seat 2: BugerDV (big blind) folded before Flop


PokerStars Hand #145111693643:  Hold'em Limit ($3/$6 USD) - 2015/12/10 4:17:09 ET
Table 'Tugela' 2-max Seat #2 is the button
Seat 1: siuraz83 ($55.08 in chips)
Seat 2: BugerDV ($189.06 in chips)
BugerDV: posts small blind $1
siuraz83: posts big blind $3
*** HOLE CARDS ***
BugerDV: raises $3 to $6
siuraz83: folds
Uncalled bet ($3) returned to BugerDV
BugerDV collected $6 from pot
BugerDV: doesn't show hand
*** SUMMARY ***
Total pot $6 | Rake $0
Seat 1: siuraz83 (big blind) folded before Flop
Seat 2: BugerDV (button) (small blind) collected ($6)


PokerStars Hand #145111710825:  Hold'em Limit ($3/$6 USD) - 2015/12/10 4:17:56 ET
Table 'Tugela' 2-max Seat #2 is the button
Seat 1: siuraz83 ($69.58 in chips)
Seat 2: BugerDV ($173.70 in chips)
BugerDV: posts small blind $1
siuraz83: posts big blind $3
*** HOLE CARDS ***
BugerDV: raises $3 to $6
siuraz83: calls $3
*** FLOP *** [2d Th 7d]
siuraz83: bets $3
BugerDV: calls $3
*** TURN *** [2d Th 7d] [6h]
siuraz83: bets $6
BugerDV: calls $6
*** RIVER *** [2d Th 7d 6h] [5d]
siuraz83: bets $6
BugerDV: raises $6 to $12
siuraz83: calls $6
*** SHOW DOWN ***
BugerDV: shows [Jd Kd] (a flush, King high)
siuraz83: mucks hand
BugerDV collected $53.50 from pot
*** SUMMARY ***
Total pot $54 | Rake $0.50
Board [2d Th 7d 6h 5d]
Seat 1: siuraz83 (big blind) mucked
Seat 2: BugerDV (button) (small blind) showed [Jd Kd] and won ($53.50) with a flush, King high


PokerStars Hand #145111723565:  Hold'em Limit ($3/$6 USD) - 2015/12/10 4:18:30 ET
Table 'Tugela' 2-max Seat #2 is the button
Seat 1: siuraz83 ($57.08 in chips)
Seat 2: BugerDV ($185.20 in chips)
BugerDV: posts small blind $1
siuraz83: posts big blind $3
*** HOLE CARDS ***
BugerDV: folds
Uncalled bet ($2) returned to siuraz83
siuraz83 collected $2 from pot
siuraz83: doesn't show hand
*** SUMMARY ***
Total pot $2 | Rake $0
Seat 1: siuraz83 (big blind) collected ($2)
Seat 2: BugerDV (button) (small blind) folded before Flop


PokerStars Hand #145111717025:  Hold'em Limit ($3/$6 USD) - 2015/12/10 4:18:12 ET
Table 'Tugela' 2-max Seat #1 is the button
Seat 1: siuraz83 ($42.58 in chips)
Seat 2: BugerDV ($200.20 in chips)
siuraz83: posts small blind $1
BugerDV: posts big blind $3
*** HOLE CARDS ***
siuraz83: calls $2
BugerDV: checks
*** FLOP *** [Jh 7s 8d]
BugerDV: checks
siuraz83: checks
*** TURN *** [Jh 7s 8d] [Jc]
BugerDV: bets $6
siuraz83: calls $6
*** RIVER *** [Jh 7s 8d Jc] [Js]
BugerDV: bets $6
siuraz83: calls $6
*** SHOW DOWN ***
BugerDV: shows [9d 2s] (three of a kind, Jacks)
siuraz83: shows [9s Kd] (three of a kind, Jacks - King kicker)
siuraz83 collected $29.50 from pot
*** SUMMARY ***
Total pot $30 | Rake $0.50
Board [Jh 7s 8d Jc Js]
Seat 1: siuraz83 (button) (small blind) showed [9s Kd] and won ($29.50) with three of a kind, Jacks
Seat 2: BugerDV (big blind) showed [9d 2s] and lost with three of a kind, Jacks


PokerStars Hand #145111725315:  Hold'em Limit ($3/$6 USD) - 2015/12/10 4:18:35 ET
Table 'Tugela' 2-max Seat #1 is the button
Seat 1: siuraz83 ($58.08 in chips)
Seat 2: BugerDV ($184.20 in chips)
siuraz83: posts small blind $1
BugerDV: posts big blind $3
*** HOLE CARDS ***
siuraz83: calls $2
BugerDV: raises $3 to $6
siuraz83: calls $3
*** FLOP *** [Jd 6s 6h]
BugerDV: bets $3
siuraz83: calls $3
*** TURN *** [Jd 6s 6h] [Kc]
BugerDV: bets $6
siuraz83: calls $6
*** RIVER *** [Jd 6s 6h Kc] [4s]
BugerDV: bets $6
siuraz83: calls $6
*** SHOW DOWN ***
BugerDV: shows [4c As] (two pair, Sixes and Fours)
siuraz83: mucks hand
BugerDV collected $41.50 from pot
*** SUMMARY ***
Total pot $42 | Rake $0.50
Board [Jd 6s 6h Kc 4s]
Seat 1: siuraz83 (button) (small blind) mucked
Seat 2: BugerDV (big blind) showed [4c As] and won ($41.50) with two pair, Sixes and Fours


PokerStars Hand #145111730858:  Hold'em Limit ($3/$6 USD) - 2015/12/10 4:18:50 ET
Table 'Tugela' 2-max Seat #2 is the button
Seat 1: siuraz83 ($37.08 in chips)
Seat 2: BugerDV ($204.70 in chips)
BugerDV: posts small blind $1
siuraz83: posts big blind $3
*** HOLE CARDS ***
BugerDV: raises $3 to $6
siuraz83: calls $3
*** FLOP *** [7s 9d 9h]
siuraz83: checks
BugerDV: bets $3
siuraz83: folds
Uncalled bet ($3) returned to BugerDV
BugerDV collected $11.76 from pot
BugerDV: doesn't show hand
*** SUMMARY ***
Total pot $12 | Rake $0.24
Board [7s 9d 9h]
Seat 1: siuraz83 (big blind) folded on the Flop
Seat 2: BugerDV (button) (small blind) collected ($11.76)


PokerStars Hand #145111752740:  Hold'em Limit ($3/$6 USD) - 2015/12/10 4:19:47 ET
Table 'Tugela' 2-max Seat #2 is the button
Seat 1: siuraz83 ($48.08 in chips)
Seat 2: BugerDV ($191.96 in chips)
BugerDV: posts small blind $1
siuraz83: posts big blind $3
*** HOLE CARDS ***
BugerDV: raises $3 to $6
siuraz83: folds
Uncalled bet ($3) returned to BugerDV
BugerDV collected $6 from pot
BugerDV: doesn't show hand
*** SUMMARY ***
Total pot $6 | Rake $0
Seat 1: siuraz83 (big blind) folded before Flop
Seat 2: BugerDV (button) (small blind) collected ($6)


PokerStars Hand #145111745957:  Hold'em Limit ($3/$6 USD) - 2015/12/10 4:19:30 ET
Table 'Tugela' 2-max Seat #1 is the button
Seat 1: siuraz83 ($27.58 in chips)
Seat 2: BugerDV ($212.96 in chips)
siuraz83: posts small blind $1
BugerDV: posts big blind $3
*** HOLE CARDS ***
siuraz83: calls $2
BugerDV: raises $3 to $6
siuraz83: calls $3
*** FLOP *** [Qd Ac 6h]
BugerDV: bets $3
siuraz83: calls $3
*** TURN *** [Qd Ac 6h] [Ts]
BugerDV: bets $6
siuraz83: calls $6
*** RIVER *** [Qd Ac 6h Ts] [9h]
BugerDV: checks
siuraz83: bets $6
BugerDV: calls $6
*** SHOW DOWN ***
siuraz83: shows [9d 7d] (a pair of Nines)
BugerDV: mucks hand
siuraz83 collected $41.50 from pot
*** SUMMARY ***
Total pot $42 | Rake $0.50
Board [Qd Ac 6h Ts 9h]
Seat 1: siuraz83 (button) (small blind) showed [9d 7d] and won ($41.50) with a pair of Nines
Seat 2: BugerDV (big blind) mucked


PokerStars Hand #145111754532:  Hold'em Limit ($3/$6 USD) - 2015/12/10 4:19:52 ET
Table 'Tugela' 2-max Seat #1 is the button
Seat 1: siuraz83 ($45.08 in chips)
Seat 2: BugerDV ($194.96 in chips)
siuraz83: posts small blind $1
BugerDV: posts big blind $3
*** HOLE CARDS ***
siuraz83: folds
Uncalled bet ($2) returned to BugerDV
BugerDV collected $2 from pot
BugerDV: doesn't show hand
*** SUMMARY ***
Total pot $2 | Rake $0
Seat 1: siuraz83 (button) (small blind) folded before Flop
Seat 2: BugerDV (big blind) collected ($2)


PokerStars Hand #145111756310:  Hold'em Limit ($3/$6 USD) - 2015/12/10 4:19:57 ET
Table 'Tugela' 2-max Seat #2 is the button
Seat 1: siuraz83 ($44.08 in chips)
Seat 2: BugerDV ($195.96 in chips)
BugerDV: posts small blind $1
siuraz83: posts big blind $3
*** HOLE CARDS ***
BugerDV: raises $3 to $6
siuraz83: calls $3
*** FLOP *** [5c 2s Kh]
siuraz83: checks
BugerDV: checks
*** TURN *** [5c 2s Kh] [8d]
siuraz83: bets $6
BugerDV: raises $6 to $12
siuraz83: calls $6
*** RIVER *** [5c 2s Kh 8d] [Tc]
siuraz83: bets $6
BugerDV: raises $6 to $12
siuraz83: calls $6
*** SHOW DOWN ***
BugerDV: shows [Kd 2h] (two pair, Kings and Deuces)
siuraz83: mucks hand
BugerDV collected $59.50 from pot
*** SUMMARY ***
Total pot $60 | Rake $0.50
Board [5c 2s Kh 8d Tc]
Seat 1: siuraz83 (big blind) mucked
Seat 2: BugerDV (button) (small blind) showed [Kd 2h] and won ($59.50) with two pair, Kings and Deuces


PokerStars Hand #145111734693:  Hold'em Limit ($3/$6 USD) - 2015/12/10 4:19:00 ET
Table 'Tugela' 2-max Seat #1 is the button
Seat 1: siuraz83 ($31.08 in chips)
Seat 2: BugerDV ($210.46 in chips)
siuraz83: posts small blind $1
BugerDV: posts big blind $3
*** HOLE CARDS ***
siuraz83: raises $3 to $6
BugerDV: calls $3
*** FLOP *** [Th Kh Kd]
BugerDV: checks
siuraz83: checks
*** TURN *** [Th Kh Kd] [6c]
BugerDV: bets $6
siuraz83: calls $6
*** RIVER *** [Th Kh Kd 6c] [As]
BugerDV: checks
siuraz83: bets $6
BugerDV: calls $6
*** SHOW DOWN ***
siuraz83: shows [Ks 5h] (three of a kind, Kings)
BugerDV: mucks hand
siuraz83 collected $35.50 from pot
*** SUMMARY ***
Total pot $36 | Rake $0.50
Board [Th Kh Kd 6c As]
Seat 1: siuraz83 (button) (small blind) showed [Ks 5h] and won ($35.50) with three of a kind, Kings
Seat 2: BugerDV (big blind) mucked


PokerStars Hand #145111740583:  Hold'em Limit ($3/$6 USD) - 2015/12/10 4:19:15 ET
Table 'Tugela' 2-max Seat #2 is the button
Seat 1: siuraz83 ($48.58 in chips)
Seat 2: BugerDV ($192.46 in chips)
BugerDV: posts small blind $1
siuraz83: posts big blind $3
*** HOLE CARDS ***
BugerDV: raises $3 to $6
siuraz83: calls $3
*** FLOP *** [6s 5d Jd]
siuraz83: bets $3
BugerDV: calls $3
*** TURN *** [6s 5d Jd] [9h]
siuraz83: bets $6
BugerDV: calls $6
*** RIVER *** [6s 5d Jd 9h] [9c]
siuraz83: bets $6
BugerDV: calls $6
*** SHOW DOWN ***
siuraz83: shows [8d 5c] (two pair, Nines and Fives)
BugerDV: shows [7h 6d] (two pair, Nines and Sixes)
BugerDV collected $41.50 from pot
*** SUMMARY ***
Total pot $42 | Rake $0.50
Board [6s 5d Jd 9h 9c]
Seat 1: siuraz83 (big blind) showed [8d 5c] and lost with two pair, Nines and Fives
Seat 2: BugerDV (button) (small blind) showed [7h 6d] and won ($41.50) with two pair, Nines and Sixes


PokerStars Hand #145111762738:  Hold'em Limit ($3/$6 USD) - 2015/12/10 4:20:14 ET
Table 'Tugela' 2-max Seat #1 is the button
Seat 1: siuraz83 ($14.08 in chips)
Seat 2: BugerDV ($225.46 in chips)
siuraz83: posts small blind $1
BugerDV: posts big blind $3
*** HOLE CARDS ***
siuraz83: calls $2
BugerDV: raises $3 to $6
siuraz83: calls $3
*** FLOP *** [5d Qh Ad]
BugerDV: bets $3
siuraz83: folds
Uncalled bet ($3) returned to BugerDV
BugerDV collected $11.76 from pot
BugerDV: doesn't show hand
*** SUMMARY ***
Total pot $12 | Rake $0.24
Board [5d Qh Ad]
Seat 1: siuraz83 (button) (small blind) folded on the Flop
Seat 2: BugerDV (big blind) collected ($11.76)


PokerStars Hand #145111766129:  Hold'em Limit ($3/$6 USD) - 2015/12/10 4:20:23 ET
Table 'Tugela' 2-max Seat #2 is the button
Seat 1: siuraz83 ($8.08 in chips)
Seat 2: BugerDV ($231.22 in chips)
BugerDV: posts small blind $1
siuraz83: posts big blind $3
*** HOLE CARDS ***
BugerDV: raises $3 to $6
siuraz83: raises $2.08 to $8.08 and is all-in
BugerDV: calls $2.08
*** FLOP *** [5h Ac 5c]
*** TURN *** [5h Ac 5c] [7h]
*** RIVER *** [5h Ac 5c 7h] [7s]
*** SHOW DOWN ***
siuraz83: shows [6s Js] (two pair, Sevens and Fives)
BugerDV: shows [6h Qs] (two pair, Sevens and Fives)
siuraz83 collected $7.92 from pot
BugerDV collected $7.92 from pot
*** SUMMARY ***
Total pot $16.16 | Rake $0.32
Board [5h Ac 5c 7h 7s]
Seat 1: siuraz83 (big blind) showed [6s Js] and won ($7.92) with two pair, Sevens and Fives
Seat 2: BugerDV (button) (small blind) showed [6h Qs] and won ($7.92) with two pair, Sevens and Fives


PokerStars Hand #145111770391:  Hold'em Limit ($3/$6 USD) - 2015/12/10 4:20:35 ET
Table 'Tugela' 2-max Seat #1 is the button
Seat 1: siuraz83 ($7.92 in chips)
Seat 2: BugerDV ($231.06 in chips)
siuraz83: posts small blind $1
BugerDV: posts big blind $3
*** HOLE CARDS ***
siuraz83: raises $3 to $6
BugerDV: calls $3
*** FLOP *** [6h 9s 6d]
BugerDV: bets $3
siuraz83: calls $1.92 and is all-in
Uncalled bet ($1.08) returned to BugerDV
*** TURN *** [6h 9s 6d] [Kh]
*** RIVER *** [6h 9s 6d Kh] [5c]
*** SHOW DOWN ***
BugerDV: shows [Th 5s] (two pair, Sixes and Fives)
siuraz83: shows [6c Ts] (three of a kind, Sixes)
siuraz83 collected $15.52 from pot
*** SUMMARY ***
Total pot $15.84 | Rake $0.32
Board [6h 9s 6d Kh 5c]
Seat 1: siuraz83 (button) (small blind) showed [6c Ts] and won ($15.52) with three of a kind, Sixes
Seat 2: BugerDV (big blind) showed [Th 5s] and lost with two pair, Sixes and Fives


PokerStars Hand #145111792384:  Hold'em Limit ($3/$6 USD) - 2015/12/10 4:21:33 ET
Table 'Tugela' 2-max Seat #1 is the button
Seat 1: siuraz83 ($85.88 in chips)
Seat 2: BugerDV ($234.66 in chips)
siuraz83: posts small blind $1
BugerDV: posts big blind $3
*** HOLE CARDS ***
siuraz83: calls $2
BugerDV: checks
*** FLOP *** [4d 2d Jh]
BugerDV: checks
siuraz83: checks
*** TURN *** [4d 2d Jh] [Tc]
BugerDV: checks
siuraz83: checks
*** RIVER *** [4d 2d Jh Tc] [7d]
BugerDV: bets $6
siuraz83: calls $6
*** SHOW DOWN ***
BugerDV: shows [Qs 7h] (a pair of Sevens)
siuraz83: mucks hand
BugerDV collected $17.64 from pot
*** SUMMARY ***
Total pot $18 | Rake $0.36
Board [4d 2d Jh Tc 7d]
Seat 1: siuraz83 (button) (small blind) mucked
Seat 2: BugerDV (big blind) showed [Qs 7h] and won ($17.64) with a pair of Sevens


PokerStars Hand #145111797779:  Hold'em Limit ($3/$6 USD) - 2015/12/10 4:21:48 ET
Table 'Tugela' 2-max Seat #2 is the button
Seat 1: siuraz83 ($76.88 in chips)
Seat 2: BugerDV ($243.30 in chips)
BugerDV: posts small blind $1
siuraz83: posts big blind $3
*** HOLE CARDS ***
BugerDV: raises $3 to $6
siuraz83: calls $3
*** FLOP *** [Js Jh Ad]
siuraz83: checks
BugerDV: checks
*** TURN *** [Js Jh Ad] [6c]
siuraz83: checks
BugerDV: bets $6
siuraz83: folds
Uncalled bet ($6) returned to BugerDV
BugerDV collected $11.76 from pot
BugerDV: doesn't show hand
*** SUMMARY ***
Total pot $12 | Rake $0.24
Board [Js Jh Ad 6c]
Seat 1: siuraz83 (big blind) folded on the Turn
Seat 2: BugerDV (button) (small blind) collected ($11.76)


PokerStars Hand #145111785409:  Hold'em Limit ($3/$6 USD) - 2015/12/10 4:21:15 ET
Table 'Tugela' 2-max Seat #2 is the button
Seat 1: siuraz83 ($97.88 in chips)
Seat 2: BugerDV ($223.14 in chips)
BugerDV: posts small blind $1
siuraz83: posts big blind $3
*** HOLE CARDS ***
BugerDV: calls $2
siuraz83: checks
*** FLOP *** [Qd 4d Jc]
siuraz83: bets $3
BugerDV: calls $3
*** TURN *** [Qd 4d Jc] [6s]
siuraz83: checks
BugerDV: bets $6
siuraz83: calls $6
*** RIVER *** [Qd 4d Jc 6s] [Kd]
siuraz83: checks
BugerDV: checks
*** SHOW DOWN ***
siuraz83: shows [5c 3h] (high card King)
BugerDV: shows [2s 4s] (a pair of Fours)
BugerDV collected $23.52 from pot
*** SUMMARY ***
Total pot $24 | Rake $0.48
Board [Qd 4d Jc 6s Kd]
Seat 1: siuraz83 (big blind) showed [5c 3h] and lost with high card King
Seat 2: BugerDV (button) (small blind) showed [2s 4s] and won ($23.52) with a pair of Fours


PokerStars Hand #145111816877:  Hold'em Limit ($3/$6 USD) - 2015/12/10 4:22:39 ET
Table 'Tugela' 2-max Seat #2 is the button
Seat 1: siuraz83 ($79.40 in chips)
Seat 2: BugerDV ($239.94 in chips)
BugerDV: posts small blind $1
siuraz83: posts big blind $3
*** HOLE CARDS ***
BugerDV: raises $3 to $6
siuraz83: calls $3
*** FLOP *** [Jh Th As]
siuraz83: bets $3
BugerDV: raises $3 to $6
siuraz83: calls $3
*** TURN *** [Jh Th As] [2d]
siuraz83: checks
BugerDV: checks
*** RIVER *** [Jh Th As 2d] [4c]
siuraz83: bets $6
BugerDV: calls $6
*** SHOW DOWN ***
siuraz83: shows [Ts 4d] (two pair, Tens and Fours)
BugerDV: mucks hand
siuraz83 collected $35.50 from pot
*** SUMMARY ***
Total pot $36 | Rake $0.50
Board [Jh Th As 2d 4c]
Seat 1: siuraz83 (big blind) showed [Ts 4d] and won ($35.50) with two pair, Tens and Fours
Seat 2: BugerDV (button) (small blind) mucked


PokerStars Hand #145111823235:  Hold'em Limit ($3/$6 USD) - 2015/12/10 4:22:55 ET
Table 'Tugela' 2-max Seat #1 is the button
Seat 1: siuraz83 ($96.90 in chips)
Seat 2: BugerDV ($221.94 in chips)
siuraz83: posts small blind $1
BugerDV: posts big blind $3
*** HOLE CARDS ***
siuraz83: raises $3 to $6
BugerDV: calls $3
*** FLOP *** [9d 3c 4c]
BugerDV: checks
siuraz83: bets $3
BugerDV: raises $3 to $6
siuraz83: calls $3
*** TURN *** [9d 3c 4c] [5h]
BugerDV: bets $6
siuraz83: calls $6
*** RIVER *** [9d 3c 4c 5h] [4h]
BugerDV: bets $6
siuraz83: calls $6
*** SHOW DOWN ***
BugerDV: shows [7c 9c] (two pair, Nines and Fours)
siuraz83: shows [9s 8d] (two pair, Nines and Fours - Eight kicker)
siuraz83 collected $47.50 from pot
*** SUMMARY ***
Total pot $48 | Rake $0.50
Board [9d 3c 4c 5h 4h]
Seat 1: siuraz83 (button) (small blind) showed [9s 8d] and won ($47.50) with two pair, Nines and Fours
Seat 2: BugerDV (big blind) showed [7c 9c] and lost with two pair, Nines and Fours


PokerStars Hand #145111803148:  Hold'em Limit ($3/$6 USD) - 2015/12/10 4:22:02 ET
Table 'Tugela' 2-max Seat #1 is the button
Seat 1: siuraz83 ($70.88 in chips)
Seat 2: BugerDV ($249.06 in chips)
siuraz83: posts small blind $1
BugerDV: posts big blind $3
*** HOLE CARDS ***
siuraz83: calls $2
BugerDV: checks
*** FLOP *** [6s 7s 4d]
BugerDV: checks
siuraz83: checks
*** TURN *** [6s 7s 4d] [3d]
BugerDV: checks
siuraz83: bets $6
BugerDV: folds
Uncalled bet ($6) returned to siuraz83
siuraz83 collected $5.88 from pot
siuraz83: doesn't show hand
*** SUMMARY ***
Total pot $6 | Rake $0.12
Board [6s 7s 4d 3d]
Seat 1: siuraz83 (button) (small blind) collected ($5.88)
Seat 2: BugerDV (big blind) folded on the Turn


PokerStars Hand #145111813613:  Hold'em Limit ($3/$6 USD) - 2015/12/10 4:22:30 ET
Table 'Tugela' 2-max Seat #1 is the button
Seat 1: siuraz83 ($82.40 in chips)
Seat 2: BugerDV ($237.06 in chips)
siuraz83: posts small blind $1
BugerDV: posts big blind $3
*** HOLE CARDS ***
siuraz83: calls $2
BugerDV: checks
*** FLOP *** [Ks 4d 3s]
BugerDV: bets $3
siuraz83: folds
Uncalled bet ($3) returned to BugerDV
BugerDV collected $5.88 from pot
BugerDV: doesn't show hand
*** SUMMARY ***
Total pot $6 | Rake $0.12
Board [Ks 4d 3s]
Seat 1: siuraz83 (button) (small blind) folded on the Flop
Seat 2: BugerDV (big blind) collected ($5.88)


PokerStars Hand #145111808965:  Hold'em Limit ($3/$6 USD) - 2015/12/10 4:22:18 ET
Table 'Tugela' 2-max Seat #2 is the button
Seat 1: siuraz83 ($73.76 in chips)
Seat 2: BugerDV ($246.06 in chips)
BugerDV: posts small blind $1
siuraz83: posts big blind $3
*** HOLE CARDS ***
BugerDV: raises $3 to $6
siuraz83: raises $3 to $9
BugerDV: calls $3
*** FLOP *** [6d Qh 9s]
siuraz83: checks
BugerDV: checks
*** TURN *** [6d Qh 9s] [9h]
siuraz83: bets $6
BugerDV: folds
Uncalled bet ($6) returned to siuraz83
siuraz83 collected $17.64 from pot
siuraz83: doesn't show hand
*** SUMMARY ***
Total pot $18 | Rake $0.36
Board [6d Qh 9s 9h]
Seat 1: siuraz83 (big blind) collected ($17.64)
Seat 2: BugerDV (button) (small blind) folded on the Turn


PokerStars Hand #145111833331:  Hold'em Limit ($3/$6 USD) - 2015/12/10 4:23:23 ET
Table 'Tugela' 2-max Seat #1 is the button
Seat 1: siuraz83 ($129.04 in chips)
Seat 2: BugerDV ($188.94 in chips)
siuraz83: posts small blind $1
BugerDV: posts big blind $3
*** HOLE CARDS ***
siuraz83: calls $2
BugerDV: checks
*** FLOP *** [4h Jd Kh]
BugerDV: checks
siuraz83: checks
*** TURN *** [4h Jd Kh] [Kd]
BugerDV: checks
siuraz83: checks
*** RIVER *** [4h Jd Kh Kd] [Kc]
BugerDV: checks
siuraz83: checks
*** SHOW DOWN ***
BugerDV: shows [7c 3h] (three of a kind, Kings)
siuraz83: shows [9s 8h] (three of a kind, Kings - Jack+Nine kicker)
siuraz83 collected $5.88 from pot
*** SUMMARY ***
Total pot $6 | Rake $0.12
Board [4h Jd Kh Kd Kc]
Seat 1: siuraz83 (button) (small blind) showed [9s 8h] and won ($5.88) with three of a kind, Kings
Seat 2: BugerDV (big blind) showed [7c 3h] and lost with three of a kind, Kings


PokerStars Hand #145111838475:  Hold'em Limit ($3/$6 USD) - 2015/12/10 4:23:36 ET
Table 'Tugela' 2-max Seat #2 is the button
Seat 1: siuraz83 ($131.92 in chips)
Seat 2: BugerDV ($185.94 in chips)
BugerDV: posts small blind $1
siuraz83: posts big blind $3
*** HOLE CARDS ***
BugerDV: raises $3 to $6
siuraz83: calls $3
*** FLOP *** [9d 3c Ac]
siuraz83: bets $3
BugerDV: calls $3
*** TURN *** [9d 3c Ac] [Kh]
siuraz83: checks
BugerDV: bets $6
siuraz83: raises $6 to $12
BugerDV: calls $6
*** RIVER *** [9d 3c Ac Kh] [4d]
siuraz83: bets $6
BugerDV: calls $6
*** SHOW DOWN ***
siuraz83: shows [Ks 4h] (two pair, Kings and Fours)
BugerDV: mucks hand
siuraz83 collected $53.50 from pot
*** SUMMARY ***
Total pot $54 | Rake $0.50
Board [9d 3c Ac Kh 4d]
Seat 1: siuraz83 (big blind) showed [Ks 4h] and won ($53.50) with two pair, Kings and Fours
Seat 2: BugerDV (button) (small blind) mucked


PokerStars Hand #145111846635:  Hold'em Limit ($3/$6 USD) - 2015/12/10 4:23:58 ET
Table 'Tugela' 2-max Seat #1 is the button
Seat 1: siuraz83 ($158.42 in chips)
Seat 2: BugerDV ($158.94 in chips)
siuraz83: posts small blind $1
BugerDV: posts big blind $3
*** HOLE CARDS ***
siuraz83: raises $3 to $6
BugerDV: raises $3 to $9
siuraz83: calls $3
*** FLOP *** [4s 7s 8h]
BugerDV: bets $3
siuraz83: raises $3 to $6
BugerDV: calls $3
*** TURN *** [4s 7s 8h] [9s]
BugerDV: checks
siuraz83: bets $6
BugerDV: calls $6
*** RIVER *** [4s 7s 8h 9s] [6h]
BugerDV: checks
siuraz83: checks
*** SHOW DOWN ***
BugerDV: shows [Qd Jh] (high card Queen)
siuraz83: shows [Ah 8s] (a pair of Eights)
siuraz83 collected $41.50 from pot
*** SUMMARY ***
Total pot $42 | Rake $0.50
Board [4s 7s 8h 9s 6h]
Seat 1: siuraz83 (button) (small blind) showed [Ah 8s] and won ($41.50) with a pair of Eights
Seat 2: BugerDV (big blind) showed [Qd Jh] and lost with high card Queen


PokerStars Hand #145111829094:  Hold'em Limit ($3/$6 USD) - 2015/12/10 4:23:11 ET
Table 'Tugela' 2-max Seat #2 is the button
Seat 1: siuraz83 ($120.40 in chips)
Seat 2: BugerDV ($197.94 in chips)
BugerDV: posts small blind $1
siuraz83: posts big blind $3
*** HOLE CARDS ***
BugerDV: raises $3 to $6
siuraz83: raises $3 to $9
BugerDV: calls $3
*** FLOP *** [Ac Kh Ah]
siuraz83: bets $3
BugerDV: folds
Uncalled bet ($3) returned to siuraz83
siuraz83 collected $17.64 from pot
siuraz83: doesn't show hand
*** SUMMARY ***
Total pot $18 | Rake $0.36
Board [Ac Kh Ah]
Seat 1: siuraz83 (big blind) collected ($17.64)
Seat 2: BugerDV (button) (small blind) folded on the Flop


PokerStars Hand #145111853437:  Hold'em Limit ($3/$6 USD) - 2015/12/10 4:24:16 ET
Table 'Tugela' 2-max Seat #2 is the button
Seat 1: siuraz83 ($178.92 in chips)
Seat 2: BugerDV ($137.94 in chips)
BugerDV: posts small blind $1
siuraz83: posts big blind $3
*** HOLE CARDS ***
BugerDV: raises $3 to $6
siuraz83: calls $3
*** FLOP *** [Tc 6d 7h]
siuraz83: bets $3
BugerDV: calls $3
*** TURN *** [Tc 6d 7h] [3c]
siuraz83: bets $6
BugerDV: calls $6
*** RIVER *** [Tc 6d 7h 3c] [5h]
siuraz83: bets $6
BugerDV: calls $6
*** SHOW DOWN ***
siuraz83: shows [Ts 8s] (a pair of Tens)
BugerDV: mucks hand
siuraz83 collected $41.50 from pot
*** SUMMARY ***
Total pot $42 | Rake $0.50
Board [Tc 6d 7h 3c 5h]
Seat 1: siuraz83 (big blind) showed [Ts 8s] and won ($41.50) with a pair of Tens
Seat 2: BugerDV (button) (small blind) mucked


PokerStars Hand #145111858396:  Hold'em Limit ($3/$6 USD) - 2015/12/10 4:24:30 ET
Table 'Tugela' 2-max Seat #1 is the button
Seat 1: siuraz83 ($199.42 in chips)
Seat 2: BugerDV ($116.94 in chips)
siuraz83: posts small blind $1
BugerDV: posts big blind $3
*** HOLE CARDS ***
siuraz83: calls $2
BugerDV: checks
*** FLOP *** [8c 9c 2c]
BugerDV: bets $3
siuraz83: calls $3
*** TURN *** [8c 9c 2c] [3h]
BugerDV: bets $6
siuraz83: raises $6 to $12
BugerDV: raises $6 to $18
siuraz83: calls $6
*** RIVER *** [8c 9c 2c 3h] [Jd]
BugerDV: bets $6
siuraz83: calls $6
*** SHOW DOWN ***
BugerDV: shows [2h 3d] (two pair, Threes and Deuces)
siuraz83: shows [9s 8s] (two pair, Nines and Eights)
siuraz83 collected $59.50 from pot
*** SUMMARY ***
Total pot $60 | Rake $0.50
Board [8c 9c 2c 3h Jd]
Seat 1: siuraz83 (button) (small blind) showed [9s 8s] and won ($59.50) with two pair, Nines and Eights
Seat 2: BugerDV (big blind) showed [2h 3d] and lost with two pair, Threes and Deuces


PokerStars Hand #145111865140:  Hold'em Limit ($3/$6 USD) - 2015/12/10 4:24:47 ET
Table 'Tugela' 2-max Seat #2 is the button
Seat 1: siuraz83 ($228.92 in chips)
Seat 2: BugerDV ($86.94 in chips)
BugerDV: posts small blind $1
siuraz83: posts big blind $3
*** HOLE CARDS ***
BugerDV: raises $3 to $6
siuraz83: calls $3
*** FLOP *** [5h 8s 2c]
siuraz83: bets $3
BugerDV: calls $3
*** TURN *** [5h 8s 2c] [4c]
siuraz83: checks
BugerDV: checks
*** RIVER *** [5h 8s 2c 4c] [Qc]
siuraz83: bets $6
BugerDV: raises $6 to $12
siuraz83: calls $6
*** SHOW DOWN ***
BugerDV: shows [Qh 7d] (a pair of Queens)
siuraz83: mucks hand
BugerDV collected $41.50 from pot
*** SUMMARY ***
Total pot $42 | Rake $0.50
Board [5h 8s 2c 4c Qc]
Seat 1: siuraz83 (big blind) mucked
Seat 2: BugerDV (button) (small blind) showed [Qh 7d] and won ($41.50) with a pair of Queens


PokerStars Hand #145111873198:  Hold'em Limit ($3/$6 USD) - 2015/12/10 4:25:09 ET
Table 'Tugela' 2-max Seat #2 is the button
Seat 1: siuraz83 ($206.92 in chips)
Seat 2: BugerDV ($108.44 in chips)
BugerDV: posts small blind $1
siuraz83: posts big blind $3
*** HOLE CARDS ***
BugerDV: folds
Uncalled bet ($2) returned to siuraz83
siuraz83 collected $2 from pot
siuraz83: doesn't show hand
*** SUMMARY ***
Total pot $2 | Rake $0
Seat 1: siuraz83 (big blind) collected ($2)
Seat 2: BugerDV (button) (small blind) folded before Flop


PokerStars Hand #145111871285:  Hold'em Limit ($3/$6 USD) - 2015/12/10 4:25:04 ET
Table 'Tugela' 2-max Seat #1 is the button
Seat 1: siuraz83 ($207.92 in chips)
Seat 2: BugerDV ($107.44 in chips)
siuraz83: posts small blind $1
BugerDV: posts big blind $3
*** HOLE CARDS ***
siuraz83: folds
Uncalled bet ($2) returned to BugerDV
BugerDV collected $2 from pot
BugerDV: doesn't show hand
*** SUMMARY ***
Total pot $2 | Rake $0
Seat 1: siuraz83 (button) (small blind) folded before Flop
Seat 2: BugerDV (big blind) collected ($2)


PokerStars Hand #145111880454:  Hold'em Limit ($3/$6 USD) - 2015/12/10 4:25:29 ET
Table 'Tugela' 2-max Seat #2 is the button
Seat 1: siuraz83 ($186.92 in chips)
Seat 2: BugerDV ($127.94 in chips)
BugerDV: posts small blind $1
siuraz83: posts big blind $3
*** HOLE CARDS ***
BugerDV: raises $3 to $6
siuraz83: raises $3 to $9
BugerDV: calls $3
*** FLOP *** [Kd 5h 4c]
siuraz83: checks
BugerDV: checks
*** TURN *** [Kd 5h 4c] [7c]
siuraz83: bets $6
BugerDV: calls $6
*** RIVER *** [Kd 5h 4c 7c] [Tc]
siuraz83: bets $6
BugerDV: folds
Uncalled bet ($6) returned to siuraz83
siuraz83 collected $29.50 from pot
siuraz83: doesn't show hand
*** SUMMARY ***
Total pot $30 | Rake $0.50
Board [Kd 5h 4c 7c Tc]
Seat 1: siuraz83 (big blind) collected ($29.50)
Seat 2: BugerDV (button) (small blind) folded on the River


PokerStars Hand #145111875136:  Hold'em Limit ($3/$6 USD) - 2015/12/10 4:25:14 ET
Table 'Tugela' 2-max Seat #1 is the button
Seat 1: siuraz83 ($207.92 in chips)
Seat 2: BugerDV ($107.44 in chips)
siuraz83: posts small blind $1
BugerDV: posts big blind $3
*** HOLE CARDS ***
siuraz83: calls $2
BugerDV: raises $3 to $6
siuraz83: calls $3
*** FLOP *** [Ac Ah Jd]
BugerDV: bets $3
siuraz83: calls $3
*** TURN *** [Ac Ah Jd] [8h]
BugerDV: bets $6
siuraz83: calls $6
*** RIVER *** [Ac Ah Jd 8h] [Jc]
BugerDV: bets $6
siuraz83: calls $6
*** SHOW DOWN ***
BugerDV: shows [8s 8d] (a full house, Eights full of Aces)
siuraz83: mucks hand
BugerDV collected $41.50 from pot
*** SUMMARY ***
Total pot $42 | Rake $0.50
Board [Ac Ah Jd 8h Jc]
Seat 1: siuraz83 (button) (small blind) mucked
Seat 2: BugerDV (big blind) showed [8s 8d] and won ($41.50) with a full house, Eights full of Aces


PokerStars Hand #145111887121:  Hold'em Limit ($3/$6 USD) - 2015/12/10 4:25:46 ET
Table 'Tugela' 2-max Seat #1 is the button
Seat 1: siuraz83 ($201.42 in chips)
Seat 2: BugerDV ($112.94 in chips)
siuraz83: posts small blind $1
BugerDV: posts big blind $3
*** HOLE CARDS ***
siuraz83: calls $2
BugerDV: checks
*** FLOP *** [3s Qs 5d]
BugerDV: bets $3
siuraz83: calls $3
*** TURN *** [3s Qs 5d] [7h]
BugerDV: checks
siuraz83: checks
*** RIVER *** [3s Qs 5d 7h] [4c]
BugerDV: bets $6
siuraz83: calls $6
*** SHOW DOWN ***
BugerDV: shows [2h 3h] (a pair of Threes)
siuraz83: mucks hand
BugerDV collected $23.52 from pot
*** SUMMARY ***
Total pot $24 | Rake $0.48
Board [3s Qs 5d 7h 4c]
Seat 1: siuraz83 (button) (small blind) mucked
Seat 2: BugerDV (big blind) showed [2h 3h] and won ($23.52) with a pair of Threes


PokerStars Hand #145111893499:  Hold'em Limit ($3/$6 USD) - 2015/12/10 4:26:03 ET
Table 'Tugela' 2-max Seat #2 is the button
Seat 1: siuraz83 ($189.42 in chips)
Seat 2: BugerDV ($124.46 in chips)
BugerDV: posts small blind $1
siuraz83: posts big blind $3
*** HOLE CARDS ***
BugerDV: raises $3 to $6
siuraz83: calls $3
*** FLOP *** [7c 3c 8s]
siuraz83: bets $3
BugerDV: calls $3
*** TURN *** [7c 3c 8s] [As]
siuraz83: checks
BugerDV: checks
*** RIVER *** [7c 3c 8s As] [9h]
siuraz83: bets $6
BugerDV: folds
Uncalled bet ($6) returned to siuraz83
siuraz83 collected $17.64 from pot
siuraz83: doesn't show hand
*** SUMMARY ***
Total pot $18 | Rake $0.36
Board [7c 3c 8s As 9h]
Seat 1: siuraz83 (big blind) collected ($17.64)
Seat 2: BugerDV (button) (small blind) folded on the River


PokerStars Hand #145111906571:  Hold'em Limit ($3/$6 USD) - 2015/12/10 4:26:38 ET
Table 'Tugela' 2-max Seat #1 is the button
Seat 1: siuraz83 ($185.06 in chips)
Seat 2: BugerDV ($127.98 in chips)
siuraz83: posts small blind $1
BugerDV: posts big blind $3
*** HOLE CARDS ***
siuraz83: folds
Uncalled bet ($2) returned to BugerDV
BugerDV collected $2 from pot
BugerDV: doesn't show hand
*** SUMMARY ***
Total pot $2 | Rake $0
Seat 1: siuraz83 (button) (small blind) folded before Flop
Seat 2: BugerDV (big blind) collected ($2)


PokerStars Hand #145111900409:  Hold'em Limit ($3/$6 USD) - 2015/12/10 4:26:21 ET
Table 'Tugela' 2-max Seat #2 is the button
Seat 1: siuraz83 ($197.06 in chips)
Seat 2: BugerDV ($116.46 in chips)
BugerDV: posts small blind $1
siuraz83: posts big blind $3
*** HOLE CARDS ***
BugerDV: calls $2
siuraz83: checks
*** FLOP *** [Qh 9d 4c]
siuraz83: bets $3
BugerDV: calls $3
*** TURN *** [Qh 9d 4c] [3s]
siuraz83: bets $6
BugerDV: calls $6
*** RIVER *** [Qh 9d 4c 3s] [Ah]
siuraz83: checks
BugerDV: checks
*** SHOW DOWN ***
siuraz83: shows [6s 5h] (high card Ace)
BugerDV: shows [4h 7c] (a pair of Fours)
BugerDV collected $23.52 from pot
*** SUMMARY ***
Total pot $24 | Rake $0.48
Board [Qh 9d 4c 3s Ah]
Seat 1: siuraz83 (big blind) showed [6s 5h] and lost with high card Ace
Seat 2: BugerDV (button) (small blind) showed [4h 7c] and won ($23.52) with a pair of Fours


PokerStars Hand #145111908361:  Hold'em Limit ($3/$6 USD) - 2015/12/10 4:26:42 ET
Table 'Tugela' 2-max Seat #2 is the button
Seat 1: siuraz83 ($184.06 in chips)
Seat 2: BugerDV ($128.98 in chips)
BugerDV: posts small blind $1
siuraz83: posts big blind $3
*** HOLE CARDS ***
BugerDV: raises $3 to $6
siuraz83: raises $3 to $9
BugerDV: calls $3
*** FLOP *** [6c 2d 7d]
siuraz83: bets $3
BugerDV: calls $3
*** TURN *** [6c 2d 7d] [Qc]
siuraz83: checks
BugerDV: bets $6
siuraz83: raises $6 to $12
BugerDV: raises $6 to $18
siuraz83: calls $6
*** RIVER *** [6c 2d 7d Qc] [9d]
siuraz83: checks
BugerDV: bets $6
siuraz83: raises $6 to $12
BugerDV: calls $6
*** SHOW DOWN ***
siuraz83: shows [9h Qd] (two pair, Queens and Nines)
BugerDV: mucks hand
siuraz83 collected $83.50 from pot
*** SUMMARY ***
Total pot $84 | Rake $0.50
Board [6c 2d 7d Qc 9d]
Seat 1: siuraz83 (big blind) showed [9h Qd] and won ($83.50) with two pair, Queens and Nines
Seat 2: BugerDV (button) (small blind) mucked


PokerStars Hand #145111898658:  Hold'em Limit ($3/$6 USD) - 2015/12/10 4:26:17 ET
Table 'Tugela' 2-max Seat #1 is the button
Seat 1: siuraz83 ($198.06 in chips)
Seat 2: BugerDV ($115.46 in chips)
siuraz83: posts small blind $1
BugerDV: posts big blind $3
*** HOLE CARDS ***
siuraz83: folds
Uncalled bet ($2) returned to BugerDV
BugerDV collected $2 from pot
BugerDV: doesn't show hand
*** SUMMARY ***
Total pot $2 | Rake $0
Seat 1: siuraz83 (button) (small blind) folded before Flop
Seat 2: BugerDV (big blind) collected ($2)


PokerStars Hand #145111937438:  Hold'em Limit ($3/$6 USD) - 2015/12/10 4:28:00 ET
Table 'Tugela' 2-max Seat #2 is the button
Seat 1: siuraz83 ($305.06 in chips)
Seat 2: BugerDV ($65.98 in chips)
BugerDV: posts small blind $1
siuraz83: posts big blind $3
*** HOLE CARDS ***
BugerDV: raises $3 to $6
siuraz83: calls $3
*** FLOP *** [4c Th 5h]
siuraz83: checks
BugerDV: bets $3
siuraz83: folds
Uncalled bet ($3) returned to BugerDV
BugerDV collected $11.76 from pot
BugerDV: doesn't show hand
*** SUMMARY ***
Total pot $12 | Rake $0.24
Board [4c Th 5h]
Seat 1: siuraz83 (big blind) folded on the Flop
Seat 2: BugerDV (button) (small blind) collected ($11.76)


PokerStars Hand #145111929650:  Hold'em Limit ($3/$6 USD) - 2015/12/10 4:27:39 ET
Table 'Tugela' 2-max Seat #1 is the button
Seat 1: siuraz83 ($263.56 in chips)
Seat 2: BugerDV ($47.98 in chips)
siuraz83: posts small blind $1
BugerDV: posts big blind $3
*** HOLE CARDS ***
siuraz83: raises $3 to $6
BugerDV: raises $3 to $9
siuraz83: calls $3
*** FLOP *** [3d Tc 5s]
BugerDV: bets $3
siuraz83: calls $3
*** TURN *** [3d Tc 5s] [6s]
BugerDV: bets $6
siuraz83: raises $6 to $12
BugerDV: raises $6 to $18
siuraz83: raises $6 to $24
Betting is capped
BugerDV: calls $6
*** RIVER *** [3d Tc 5s 6s] [Ts]
BugerDV: checks
siuraz83: bets $6
BugerDV: calls $6
*** SHOW DOWN ***
siuraz83: shows [6c 6d] (a full house, Sixes full of Tens)
BugerDV: mucks hand
siuraz83 collected $83.50 from pot
*** SUMMARY ***
Total pot $84 | Rake $0.50
Board [3d Tc 5s 6s Ts]
Seat 1: siuraz83 (button) (small blind) showed [6c 6d] and won ($83.50) with a full house, Sixes full of Tens
Seat 2: BugerDV (big blind) mucked


PokerStars Hand #145111923352:  Hold'em Limit ($3/$6 USD) - 2015/12/10 4:27:22 ET
Table 'Tugela' 2-max Seat #2 is the button
Seat 1: siuraz83 ($240.06 in chips)
Seat 2: BugerDV ($71.98 in chips)
BugerDV: posts small blind $1
siuraz83: posts big blind $3
*** HOLE CARDS ***
BugerDV: raises $3 to $6
siuraz83: calls $3
*** FLOP *** [2h As Ac]
siuraz83: bets $3
BugerDV: raises $3 to $6
siuraz83: calls $3
*** TURN *** [2h As Ac] [4s]
siuraz83: checks
BugerDV: bets $6
siuraz83: calls $6
*** RIVER *** [2h As Ac 4s] [5h]
siuraz83: bets $6
BugerDV: calls $6
*** SHOW DOWN ***
siuraz83: shows [3c 3s] (a straight, Ace to Five)
BugerDV: mucks hand
siuraz83 collected $47.50 from pot
*** SUMMARY ***
Total pot $48 | Rake $0.50
Board [2h As Ac 4s 5h]
Seat 1: siuraz83 (big blind) showed [3c 3s] and won ($47.50) with a straight, Ace to Five
Seat 2: BugerDV (button) (small blind) mucked


PokerStars Hand #145111917052:  Hold'em Limit ($3/$6 USD) - 2015/12/10 4:27:05 ET
Table 'Tugela' 2-max Seat #1 is the button
Seat 1: siuraz83 ($225.56 in chips)
Seat 2: BugerDV ($86.98 in chips)
siuraz83: posts small blind $1
BugerDV: posts big blind $3
*** HOLE CARDS ***
siuraz83: calls $2
BugerDV: raises $3 to $6
siuraz83: calls $3
*** FLOP *** [6c Qh 4c]
BugerDV: bets $3
siuraz83: calls $3
*** TURN *** [6c Qh 4c] [4h]
BugerDV: bets $6
siuraz83: calls $6
*** RIVER *** [6c Qh 4c 4h] [Qc]
BugerDV: checks
siuraz83: bets $6
BugerDV: folds
Uncalled bet ($6) returned to siuraz83
siuraz83 collected $29.50 from pot
siuraz83: doesn't show hand
*** SUMMARY ***
Total pot $30 | Rake $0.50
Board [6c Qh 4c 4h Qc]
Seat 1: siuraz83 (button) (small blind) collected ($29.50)
Seat 2: BugerDV (big blind) folded on the River


PokerStars Hand #145111941050:  Hold'em Limit ($3/$6 USD) - 2015/12/10 4:28:09 ET
Table 'Tugela' 2-max Seat #1 is the button
Seat 1: siuraz83 ($299.06 in chips)
Seat 2: BugerDV ($71.74 in chips)
siuraz83: posts small blind $1
BugerDV: posts big blind $3
*** HOLE CARDS ***
siuraz83: raises $3 to $6
BugerDV: raises $3 to $9
siuraz83: calls $3
*** FLOP *** [Qc 2c 4c]
BugerDV: bets $3
siuraz83: raises $3 to $6
BugerDV: raises $3 to $9
siuraz83: calls $3
*** TURN *** [Qc 2c 4c] [4s]
BugerDV: bets $6
siuraz83: raises $6 to $12
BugerDV: calls $6
*** RIVER *** [Qc 2c 4c 4s] [9s]
BugerDV: checks
siuraz83: bets $6
BugerDV: calls $6
*** SHOW DOWN ***
siuraz83: shows [5h 4d] (three of a kind, Fours)
BugerDV: mucks hand
siuraz83 collected $71.50 from pot
*** SUMMARY ***
Total pot $72 | Rake $0.50
Board [Qc 2c 4c 4s 9s]
Seat 1: siuraz83 (button) (small blind) showed [5h 4d] and won ($71.50) with three of a kind, Fours
Seat 2: BugerDV (big blind) mucked


PokerStars Hand #145111959297:  Hold'em Limit ($3/$6 USD) - 2015/12/10 4:28:57 ET
Table 'Tugela' 2-max Seat #2 is the button
Seat 1: siuraz83 ($349.06 in chips)
Seat 2: BugerDV ($80.38 in chips)
BugerDV: posts small blind $1
siuraz83: posts big blind $3
*** HOLE CARDS ***
BugerDV: raises $3 to $6
siuraz83: raises $3 to $9
BugerDV: raises $3 to $12
Betting is capped
siuraz83: calls $3
*** FLOP *** [9h 8c 2d]
siuraz83: bets $3
BugerDV: raises $3 to $6
siuraz83: calls $3
*** TURN *** [9h 8c 2d] [Td]
siuraz83: checks
BugerDV: bets $6
siuraz83: calls $6
*** RIVER *** [9h 8c 2d Td] [7s]
siuraz83: checks
BugerDV: bets $6
siuraz83: calls $6
*** SHOW DOWN ***
BugerDV: shows [2c 2s] (three of a kind, Deuces)
siuraz83: mucks hand
BugerDV collected $59.50 from pot
*** SUMMARY ***
Total pot $60 | Rake $0.50
Board [9h 8c 2d Td 7s]
Seat 1: siuraz83 (big blind) mucked
Seat 2: BugerDV (button) (small blind) showed [2c 2s] and won ($59.50) with three of a kind, Deuces


PokerStars Hand #145111951991:  Hold'em Limit ($3/$6 USD) - 2015/12/10 4:28:38 ET
Table 'Tugela' 2-max Seat #1 is the button
Seat 1: siuraz83 ($325.56 in chips)
Seat 2: BugerDV ($104.38 in chips)
siuraz83: posts small blind $1
BugerDV: posts big blind $3
*** HOLE CARDS ***
siuraz83: calls $2
BugerDV: raises $3 to $6
siuraz83: raises $3 to $9
BugerDV: calls $3
*** FLOP *** [Ts 4h Tc]
BugerDV: checks
siuraz83: bets $3
BugerDV: calls $3
*** TURN *** [Ts 4h Tc] [8c]
BugerDV: checks
siuraz83: bets $6
BugerDV: calls $6
*** RIVER *** [Ts 4h Tc 8c] [8d]
BugerDV: checks
siuraz83: bets $6
BugerDV: calls $6
*** SHOW DOWN ***
siuraz83: shows [Kh Kd] (two pair, Kings and Tens)
BugerDV: mucks hand
siuraz83 collected $47.50 from pot
*** SUMMARY ***
Total pot $48 | Rake $0.50
Board [Ts 4h Tc 8c 8d]
Seat 1: siuraz83 (button) (small blind) showed [Kh Kd] and won ($47.50) with two pair, Kings and Tens
Seat 2: BugerDV (big blind) mucked


PokerStars Hand #145111947406:  Hold'em Limit ($3/$6 USD) - 2015/12/10 4:28:26 ET
Table 'Tugela' 2-max Seat #2 is the button
Seat 1: siuraz83 ($334.56 in chips)
Seat 2: BugerDV ($35.74 in chips)
BugerDV: posts small blind $1
siuraz83: posts big blind $3
*** HOLE CARDS ***
BugerDV: raises $3 to $6
siuraz83: calls $3
*** FLOP *** [6c Kd 7d]
siuraz83: checks
BugerDV: bets $3
siuraz83: calls $3
*** TURN *** [6c Kd 7d] [2s]
siuraz83: checks
BugerDV: bets $6
siuraz83: folds
Uncalled bet ($6) returned to BugerDV
BugerDV collected $17.64 from pot
BugerDV: doesn't show hand
*** SUMMARY ***
Total pot $18 | Rake $0.36
Board [6c Kd 7d 2s]
Seat 1: siuraz83 (big blind) folded on the Turn
Seat 2: BugerDV (button) (small blind) collected ($17.64)


PokerStars Hand #145111978989:  Hold'em Limit ($3/$6 USD) - 2015/12/10 4:29:49 ET
Table 'Tugela' 2-max Seat #1 is the button
Seat 1: siuraz83 ($313.82 in chips)
Seat 2: BugerDV ($114.40 in chips)
siuraz83: posts small blind $1
BugerDV: posts big blind $3
*** HOLE CARDS ***
siuraz83: raises $3 to $6
BugerDV: calls $3
*** FLOP *** [Ah Kc 3c]
BugerDV: checks
siuraz83: bets $3
BugerDV: raises $3 to $6
siuraz83: calls $3
*** TURN *** [Ah Kc 3c] [7d]
BugerDV: bets $6
siuraz83: calls $6
*** RIVER *** [Ah Kc 3c 7d] [8d]
BugerDV: bets $6
siuraz83: calls $6
*** SHOW DOWN ***
BugerDV: shows [5d 6h] (high card Ace)
siuraz83: shows [5h Kh] (a pair of Kings)
siuraz83 collected $47.50 from pot
*** SUMMARY ***
Total pot $48 | Rake $0.50
Board [Ah Kc 3c 7d 8d]
Seat 1: siuraz83 (button) (small blind) showed [5h Kh] and won ($47.50) with a pair of Kings
Seat 2: BugerDV (big blind) showed [5d 6h] and lost with high card Ace


PokerStars Hand #145111975469:  Hold'em Limit ($3/$6 USD) - 2015/12/10 4:29:40 ET
Table 'Tugela' 2-max Seat #2 is the button
Seat 1: siuraz83 ($319.82 in chips)
Seat 2: BugerDV ($108.64 in chips)
BugerDV: posts small blind $1
siuraz83: posts big blind $3
*** HOLE CARDS ***
BugerDV: raises $3 to $6
siuraz83: calls $3
*** FLOP *** [Kc 8s 2d]
siuraz83: checks
BugerDV: bets $3
siuraz83: folds
Uncalled bet ($3) returned to BugerDV
BugerDV collected $11.76 from pot
BugerDV: doesn't show hand
*** SUMMARY ***
Total pot $12 | Rake $0.24
Board [Kc 8s 2d]
Seat 1: siuraz83 (big blind) folded on the Flop
Seat 2: BugerDV (button) (small blind) collected ($11.76)


PokerStars Hand #145111971038:  Hold'em Limit ($3/$6 USD) - 2015/12/10 4:29:28 ET
Table 'Tugela' 2-max Seat #1 is the button
Seat 1: siuraz83 ($314.06 in chips)
Seat 2: BugerDV ($114.64 in chips)
siuraz83: posts small blind $1
BugerDV: posts big blind $3
*** HOLE CARDS ***
siuraz83: raises $3 to $6
BugerDV: calls $3
*** FLOP *** [Jh 4h 6s]
BugerDV: checks
siuraz83: checks
*** TURN *** [Jh 4h 6s] [6d]
BugerDV: checks
siuraz83: bets $6
BugerDV: folds
Uncalled bet ($6) returned to siuraz83
siuraz83 collected $11.76 from pot
siuraz83: doesn't show hand
*** SUMMARY ***
Total pot $12 | Rake $0.24
Board [Jh 4h 6s 6d]
Seat 1: siuraz83 (button) (small blind) collected ($11.76)
Seat 2: BugerDV (big blind) folded on the Turn


PokerStars Hand #145111969390:  Hold'em Limit ($3/$6 USD) - 2015/12/10 4:29:24 ET
Table 'Tugela' 2-max Seat #2 is the button
Seat 1: siuraz83 ($313.06 in chips)
Seat 2: BugerDV ($115.64 in chips)
BugerDV: posts small blind $1
siuraz83: posts big blind $3
*** HOLE CARDS ***
BugerDV: folds
Uncalled bet ($2) returned to siuraz83
siuraz83 collected $2 from pot
siuraz83: doesn't show hand
*** SUMMARY ***
Total pot $2 | Rake $0
Seat 1: siuraz83 (big blind) collected ($2)
Seat 2: BugerDV (button) (small blind) folded before Flop


PokerStars Hand #145111965932:  Hold'em Limit ($3/$6 USD) - 2015/12/10 4:29:14 ET
Table 'Tugela' 2-max Seat #1 is the button
Seat 1: siuraz83 ($319.06 in chips)
Seat 2: BugerDV ($109.88 in chips)
siuraz83: posts small blind $1
BugerDV: posts big blind $3
*** HOLE CARDS ***
siuraz83: calls $2
BugerDV: raises $3 to $6
siuraz83: calls $3
*** FLOP *** [Jh 8c Kc]
BugerDV: bets $3
siuraz83: folds
Uncalled bet ($3) returned to BugerDV
BugerDV collected $11.76 from pot
BugerDV: doesn't show hand
*** SUMMARY ***
Total pot $12 | Rake $0.24
Board [Jh 8c Kc]
Seat 1: siuraz83 (button) (small blind) folded on the Flop
Seat 2: BugerDV (big blind) collected ($11.76)


PokerStars Hand #145112009228:  Hold'em Limit ($3/$6 USD) - 2015/12/10 4:31:07 ET
Table 'Tugela' 2-max Seat #1 is the button
Seat 1: siuraz83 ($327.82 in chips)
Seat 2: BugerDV ($98.54 in chips)
siuraz83: posts small blind $1
BugerDV: posts big blind $3
*** HOLE CARDS ***
siuraz83: folds
Uncalled bet ($2) returned to BugerDV
BugerDV collected $2 from pot
BugerDV: doesn't show hand
*** SUMMARY ***
Total pot $2 | Rake $0
Seat 1: siuraz83 (button) (small blind) folded before Flop
Seat 2: BugerDV (big blind) collected ($2)


PokerStars Hand #145112007156:  Hold'em Limit ($3/$6 USD) - 2015/12/10 4:31:02 ET
Table 'Tugela' 2-max Seat #2 is the button
Seat 1: siuraz83 ($326.82 in chips)
Seat 2: BugerDV ($99.54 in chips)
BugerDV: posts small blind $1
siuraz83: posts big blind $3
*** HOLE CARDS ***
BugerDV: folds
Uncalled bet ($2) returned to siuraz83
siuraz83 collected $2 from pot
siuraz83: doesn't show hand
*** SUMMARY ***
Total pot $2 | Rake $0
Seat 1: siuraz83 (big blind) collected ($2)
Seat 2: BugerDV (button) (small blind) folded before Flop


PokerStars Hand #145112005327:  Hold'em Limit ($3/$6 USD) - 2015/12/10 4:30:57 ET
Table 'Tugela' 2-max Seat #1 is the button
Seat 1: siuraz83 ($327.82 in chips)
Seat 2: BugerDV ($98.54 in chips)
siuraz83: posts small blind $1
BugerDV: posts big blind $3
*** HOLE CARDS ***
siuraz83: folds
Uncalled bet ($2) returned to BugerDV
BugerDV collected $2 from pot
BugerDV: doesn't show hand
*** SUMMARY ***
Total pot $2 | Rake $0
Seat 1: siuraz83 (button) (small blind) folded before Flop
Seat 2: BugerDV (big blind) collected ($2)


PokerStars Hand #145111996859:  Hold'em Limit ($3/$6 USD) - 2015/12/10 4:30:35 ET
Table 'Tugela' 2-max Seat #2 is the button
Seat 1: siuraz83 ($307.32 in chips)
Seat 2: BugerDV ($119.54 in chips)
BugerDV: posts small blind $1
siuraz83: posts big blind $3
*** HOLE CARDS ***
BugerDV: raises $3 to $6
siuraz83: raises $3 to $9
BugerDV: calls $3
*** FLOP *** [8d Tc Jd]
siuraz83: bets $3
BugerDV: raises $3 to $6
siuraz83: calls $3
*** TURN *** [8d Tc Jd] [Ad]
siuraz83: checks
BugerDV: bets $6
siuraz83: calls $6
*** RIVER *** [8d Tc Jd Ad] [Kd]
siuraz83: bets $6
BugerDV: folds
Uncalled bet ($6) returned to siuraz83
siuraz83 collected $41.50 from pot
siuraz83: doesn't show hand
*** SUMMARY ***
Total pot $42 | Rake $0.50
Board [8d Tc Jd Ad Kd]
Seat 1: siuraz83 (big blind) collected ($41.50)
Seat 2: BugerDV (button) (small blind) folded on the River


PokerStars Hand #145111992388:  Hold'em Limit ($3/$6 USD) - 2015/12/10 4:30:23 ET
Table 'Tugela' 2-max Seat #1 is the button
Seat 1: siuraz83 ($316.32 in chips)
Seat 2: BugerDV ($110.90 in chips)
siuraz83: posts small blind $1
BugerDV: posts big blind $3
*** HOLE CARDS ***
siuraz83: calls $2
BugerDV: raises $3 to $6
siuraz83: calls $3
*** FLOP *** [Qs 4s Td]
BugerDV: bets $3
siuraz83: calls $3
*** TURN *** [Qs 4s Td] [4c]
BugerDV: bets $6
siuraz83: folds
Uncalled bet ($6) returned to BugerDV
BugerDV collected $17.64 from pot
BugerDV: doesn't show hand
*** SUMMARY ***
Total pot $18 | Rake $0.36
Board [Qs 4s Td 4c]
Seat 1: siuraz83 (button) (small blind) folded on the Turn
Seat 2: BugerDV (big blind) collected ($17.64)


PokerStars Hand #145111985043:  Hold'em Limit ($3/$6 USD) - 2015/12/10 4:30:05 ET
Table 'Tugela' 2-max Seat #2 is the button
Seat 1: siuraz83 ($337.32 in chips)
Seat 2: BugerDV ($90.40 in chips)
BugerDV: posts small blind $1
siuraz83: posts big blind $3
*** HOLE CARDS ***
BugerDV: raises $3 to $6
siuraz83: calls $3
*** FLOP *** [Kd Jd Kh]
siuraz83: checks
BugerDV: bets $3
siuraz83: calls $3
*** TURN *** [Kd Jd Kh] [Kc]
siuraz83: checks
BugerDV: bets $6
siuraz83: calls $6
*** RIVER *** [Kd Jd Kh Kc] [Ac]
siuraz83: checks
BugerDV: bets $6
siuraz83: calls $6
*** SHOW DOWN ***
BugerDV: shows [4s Jh] (a full house, Kings full of Jacks)
siuraz83: mucks hand
BugerDV collected $41.50 from pot
*** SUMMARY ***
Total pot $42 | Rake $0.50
Board [Kd Jd Kh Kc Ac]
Seat 1: siuraz83 (big blind) mucked
Seat 2: BugerDV (button) (small blind) showed [4s Jh] and won ($41.50) with a full house, Kings full of Jacks


PokerStars Hand #145112025751:  Hold'em Limit ($3/$6 USD) - 2015/12/10 4:31:50 ET
Table 'Tugela' 2-max Seat #1 is the button
Seat 1: siuraz83 ($358.07 in chips)
Seat 2: BugerDV ($67.29 in chips)
siuraz83: posts small blind $1
BugerDV: posts big blind $3
*** HOLE CARDS ***
siuraz83: raises $3 to $6
BugerDV: raises $3 to $9
siuraz83: raises $3 to $12
Betting is capped
BugerDV: calls $3
*** FLOP *** [Ah Th 7d]
BugerDV: checks
siuraz83: checks
*** TURN *** [Ah Th 7d] [3d]
BugerDV: checks
siuraz83: bets $6
BugerDV: calls $6
*** RIVER *** [Ah Th 7d 3d] [Ks]
BugerDV: checks
siuraz83: bets $6
BugerDV: calls $6
*** SHOW DOWN ***
siuraz83: shows [Tc Td] (three of a kind, Tens)
BugerDV: mucks hand
siuraz83 collected $47.50 from pot
*** SUMMARY ***
Total pot $48 | Rake $0.50
Board [Ah Th 7d 3d Ks]
Seat 1: siuraz83 (button) (small blind) showed [Tc Td] and won ($47.50) with three of a kind, Tens
Seat 2: BugerDV (big blind) mucked


PokerStars Hand #145112020186:  Hold'em Limit ($3/$6 USD) - 2015/12/10 4:31:36 ET
Table 'Tugela' 2-max Seat #2 is the button
Seat 1: siuraz83 ($358.32 in chips)
Seat 2: BugerDV ($67.54 in chips)
BugerDV: posts small blind $1
siuraz83: posts big blind $3
*** HOLE CARDS ***
BugerDV: raises $3 to $6
siuraz83: calls $3
*** FLOP *** [Kh 5h 2d]
siuraz83: bets $3
BugerDV: calls $3
*** TURN *** [Kh 5h 2d] [8d]
siuraz83: checks
BugerDV: bets $6
siuraz83: calls $6
*** RIVER *** [Kh 5h 2d 8d] [9d]
siuraz83: bets $6
BugerDV: calls $6
*** SHOW DOWN ***
siuraz83: shows [4h 5d] (a pair of Fives)
BugerDV: shows [6d 5c] (a pair of Fives)
siuraz83 collected $20.75 from pot
BugerDV collected $20.75 from pot
*** SUMMARY ***
Total pot $42 | Rake $0.50
Board [Kh 5h 2d 8d 9d]
Seat 1: siuraz83 (big blind) showed [4h 5d] and won ($20.75) with a pair of Fives
Seat 2: BugerDV (button) (small blind) showed [6d 5c] and won ($20.75) with a pair of Fives


PokerStars Hand #145112018408:  Hold'em Limit ($3/$6 USD) - 2015/12/10 4:31:31 ET
Table 'Tugela' 2-max Seat #1 is the button
Seat 1: siuraz83 ($359.32 in chips)
Seat 2: BugerDV ($66.54 in chips)
siuraz83: posts small blind $1
BugerDV: posts big blind $3
*** HOLE CARDS ***
siuraz83: folds
Uncalled bet ($2) returned to BugerDV
BugerDV collected $2 from pot
BugerDV: doesn't show hand
*** SUMMARY ***
Total pot $2 | Rake $0
Seat 1: siuraz83 (button) (small blind) folded before Flop
Seat 2: BugerDV (big blind) collected ($2)


PokerStars Hand #145112011091:  Hold'em Limit ($3/$6 USD) - 2015/12/10 4:31:12 ET
Table 'Tugela' 2-max Seat #2 is the button
Seat 1: siuraz83 ($326.82 in chips)
Seat 2: BugerDV ($99.54 in chips)
BugerDV: posts small blind $1
siuraz83: posts big blind $3
*** HOLE CARDS ***
BugerDV: raises $3 to $6
siuraz83: raises $3 to $9
BugerDV: calls $3
*** FLOP *** [5s 9h 7s]
siuraz83: bets $3
BugerDV: raises $3 to $6
siuraz83: calls $3
*** TURN *** [5s 9h 7s] [Jh]
siuraz83: checks
BugerDV: bets $6
siuraz83: calls $6
*** RIVER *** [5s 9h 7s Jh] [5d]
siuraz83: bets $6
BugerDV: raises $6 to $12
siuraz83: calls $6
*** SHOW DOWN ***
BugerDV: shows [9s Qd] (two pair, Nines and Fives)
siuraz83: shows [Ac 9d] (two pair, Nines and Fives - Ace kicker)
siuraz83 collected $65.50 from pot
*** SUMMARY ***
Total pot $66 | Rake $0.50
Board [5s 9h 7s Jh 5d]
Seat 1: siuraz83 (big blind) showed [Ac 9d] and won ($65.50) with two pair, Nines and Fives
Seat 2: BugerDV (button) (small blind) showed [9s Qd] and lost with two pair, Nines and Fives


PokerStars Hand #145112055546:  Hold'em Limit ($3/$6 USD) - 2015/12/10 4:33:08 ET
Table 'Tugela' 2-max Seat #2 is the button
Seat 1: siuraz83 ($434.07 in chips)
Seat 2: BugerDV ($49.29 in chips)
BugerDV: posts small blind $1
siuraz83: posts big blind $3
*** HOLE CARDS ***
BugerDV: raises $3 to $6
siuraz83: calls $3
*** FLOP *** [5c 9s 8c]
siuraz83: checks
BugerDV: bets $3
siuraz83: folds
Uncalled bet ($3) returned to BugerDV
BugerDV collected $11.76 from pot
BugerDV: doesn't show hand
*** SUMMARY ***
Total pot $12 | Rake $0.24
Board [5c 9s 8c]
Seat 1: siuraz83 (big blind) folded on the Flop
Seat 2: BugerDV (button) (small blind) collected ($11.76)


PokerStars Hand #145112048707:  Hold'em Limit ($3/$6 USD) - 2015/12/10 4:32:50 ET
Table 'Tugela' 2-max Seat #1 is the button
Seat 1: siuraz83 ($419.57 in chips)
Seat 2: BugerDV ($64.29 in chips)
siuraz83: posts small blind $1
BugerDV: posts big blind $3
*** HOLE CARDS ***
siuraz83: calls $2
BugerDV: raises $3 to $6
siuraz83: raises $3 to $9
BugerDV: raises $3 to $12
Betting is capped
siuraz83: calls $3
*** FLOP *** [5c Tc 9s]
BugerDV: bets $3
siuraz83: calls $3
*** TURN *** [5c Tc 9s] [7h]
BugerDV: checks
siuraz83: checks
*** RIVER *** [5c Tc 9s 7h] [3s]
BugerDV: checks
siuraz83: checks
*** SHOW DOWN ***
BugerDV: shows [Qh Kc] (high card King)
siuraz83: shows [Ad 6h] (high card Ace)
siuraz83 collected $29.50 from pot
*** SUMMARY ***
Total pot $30 | Rake $0.50
Board [5c Tc 9s 7h 3s]
Seat 1: siuraz83 (button) (small blind) showed [Ad 6h] and won ($29.50) with high card Ace
Seat 2: BugerDV (big blind) showed [Qh Kc] and lost with high card King


PokerStars Hand #145112046771:  Hold'em Limit ($3/$6 USD) - 2015/12/10 4:32:45 ET
Table 'Tugela' 2-max Seat #2 is the button
Seat 1: siuraz83 ($422.57 in chips)
Seat 2: BugerDV ($61.29 in chips)
BugerDV: posts small blind $1
siuraz83: posts big blind $3
*** HOLE CARDS ***
BugerDV: raises $3 to $6
siuraz83: folds
Uncalled bet ($3) returned to BugerDV
BugerDV collected $6 from pot
BugerDV: doesn't show hand
*** SUMMARY ***
Total pot $6 | Rake $0
Seat 1: siuraz83 (big blind) folded before Flop
Seat 2: BugerDV (button) (small blind) collected ($6)


PokerStars Hand #145112040930:  Hold'em Limit ($3/$6 USD) - 2015/12/10 4:32:30 ET
Table 'Tugela' 2-max Seat #1 is the button
Seat 1: siuraz83 ($402.07 in chips)
Seat 2: BugerDV ($82.29 in chips)
siuraz83: posts small blind $1
BugerDV: posts big blind $3
*** HOLE CARDS ***
siuraz83: calls $2
BugerDV: raises $3 to $6
siuraz83: calls $3
*** FLOP *** [Jc Kc 5c]
BugerDV: bets $3
siuraz83: calls $3
*** TURN *** [Jc Kc 5c] [9c]
BugerDV: bets $6
siuraz83: raises $6 to $12
BugerDV: calls $6
*** RIVER *** [Jc Kc 5c 9c] [3d]
BugerDV: checks
siuraz83: checks
*** SHOW DOWN ***
BugerDV: shows [Js 8d] (a pair of Jacks)
siuraz83: shows [6c 4s] (a flush, King high)
siuraz83 collected $41.50 from pot
*** SUMMARY ***
Total pot $42 | Rake $0.50
Board [Jc Kc 5c 9c 3d]
Seat 1: siuraz83 (button) (small blind) showed [6c 4s] and won ($41.50) with a flush, King high
Seat 2: BugerDV (big blind) showed [Js 8d] and lost with a pair of Jacks


PokerStars Hand #145112032798:  Hold'em Limit ($3/$6 USD) - 2015/12/10 4:32:08 ET
Table 'Tugela' 2-max Seat #2 is the button
Seat 1: siuraz83 ($381.57 in chips)
Seat 2: BugerDV ($43.29 in chips)
BugerDV: posts small blind $1
siuraz83: posts big blind $3
*** HOLE CARDS ***
BugerDV: raises $3 to $6
siuraz83: raises $3 to $9
BugerDV: raises $3 to $12
Betting is capped
siuraz83: calls $3
*** FLOP *** [6s Qs 2d]
siuraz83: checks
BugerDV: bets $3
siuraz83: calls $3
*** TURN *** [6s Qs 2d] [8d]
siuraz83: bets $6
BugerDV: calls $6
*** RIVER *** [6s Qs 2d 8d] [4d]
siuraz83: bets $6
BugerDV: folds
Uncalled bet ($6) returned to siuraz83
siuraz83 collected $41.50 from pot
siuraz83: doesn't show hand
*** SUMMARY ***
Total pot $42 | Rake $0.50
Board [6s Qs 2d 8d 4d]
Seat 1: siuraz83 (big blind) collected ($41.50)
Seat 2: BugerDV (button) (small blind) folded on the River


PokerStars Hand #145112080780:  Hold'em Limit ($3/$6 USD) - 2015/12/10 4:34:14 ET
Table 'Tugela' 2-max Seat #2 is the button
Seat 1: siuraz83 ($373.07 in chips)
Seat 2: BugerDV ($168.57 in chips)
BugerDV: posts small blind $1
siuraz83: posts big blind $3
*** HOLE CARDS ***
BugerDV: folds
Uncalled bet ($2) returned to siuraz83
siuraz83 collected $2 from pot
siuraz83: doesn't show hand
*** SUMMARY ***
Total pot $2 | Rake $0
Seat 1: siuraz83 (big blind) collected ($2)
Seat 2: BugerDV (button) (small blind) folded before Flop


PokerStars Hand #145112076075:  Hold'em Limit ($3/$6 USD) - 2015/12/10 4:34:02 ET
Table 'Tugela' 2-max Seat #1 is the button
Seat 1: siuraz83 ($385.07 in chips)
Seat 2: BugerDV ($157.05 in chips)
siuraz83: posts small blind $1
BugerDV: posts big blind $3
*** HOLE CARDS ***
siuraz83: raises $3 to $6
BugerDV: raises $3 to $9
siuraz83: calls $3
*** FLOP *** [7h 3d Kc]
BugerDV: bets $3
siuraz83: calls $3
*** TURN *** [7h 3d Kc] [5h]
BugerDV: bets $6
siuraz83: folds
Uncalled bet ($6) returned to BugerDV
BugerDV collected $23.52 from pot
BugerDV: doesn't show hand
*** SUMMARY ***
Total pot $24 | Rake $0.48
Board [7h 3d Kc 5h]
Seat 1: siuraz83 (button) (small blind) folded on the Turn
Seat 2: BugerDV (big blind) collected ($23.52)


PokerStars Hand #145112068309:  Hold'em Limit ($3/$6 USD) - 2015/12/10 4:33:42 ET
Table 'Tugela' 2-max Seat #2 is the button
Seat 1: siuraz83 ($409.07 in chips)
Seat 2: BugerDV ($133.55 in chips)
BugerDV: posts small blind $1
siuraz83: posts big blind $3
*** HOLE CARDS ***
BugerDV: raises $3 to $6
siuraz83: calls $3
*** FLOP *** [4d 4s 7h]
siuraz83: bets $3
BugerDV: raises $3 to $6
siuraz83: calls $3
*** TURN *** [4d 4s 7h] [Jh]
siuraz83: checks
BugerDV: bets $6
siuraz83: calls $6
*** RIVER *** [4d 4s 7h Jh] [8d]
siuraz83: checks
BugerDV: bets $6
siuraz83: calls $6
*** SHOW DOWN ***
BugerDV: shows [Jc 4h] (a full house, Fours full of Jacks)
siuraz83: mucks hand
BugerDV collected $47.50 from pot
*** SUMMARY ***
Total pot $48 | Rake $0.50
Board [4d 4s 7h Jh 8d]
Seat 1: siuraz83 (big blind) mucked
Seat 2: BugerDV (button) (small blind) showed [Jc 4h] and won ($47.50) with a full house, Fours full of Jacks


PokerStars Hand #145112066627:  Hold'em Limit ($3/$6 USD) - 2015/12/10 4:33:37 ET
Table 'Tugela' 2-max Seat #1 is the button
Seat 1: siuraz83 ($410.07 in chips)
Seat 2: BugerDV ($132.55 in chips)
siuraz83: posts small blind $1
BugerDV: posts big blind $3
*** HOLE CARDS ***
siuraz83: folds
Uncalled bet ($2) returned to BugerDV
BugerDV collected $2 from pot
BugerDV: doesn't show hand
*** SUMMARY ***
Total pot $2 | Rake $0
Seat 1: siuraz83 (button) (small blind) folded before Flop
Seat 2: BugerDV (big blind) collected ($2)


PokerStars Hand #145112064493:  Hold'em Limit ($3/$6 USD) - 2015/12/10 4:33:32 ET
Table 'Tugela' 2-max Seat #2 is the button
Seat 1: siuraz83 ($413.07 in chips)
Seat 2: BugerDV ($129.55 in chips)
BugerDV: posts small blind $1
siuraz83: posts big blind $3
*** HOLE CARDS ***
BugerDV: raises $3 to $6
siuraz83: folds
Uncalled bet ($3) returned to BugerDV
BugerDV collected $6 from pot
BugerDV: doesn't show hand
*** SUMMARY ***
Total pot $6 | Rake $0
Seat 1: siuraz83 (big blind) folded before Flop
Seat 2: BugerDV (button) (small blind) collected ($6)


PokerStars Hand #145112058798:  Hold'em Limit ($3/$6 USD) - 2015/12/10 4:33:17 ET
Table 'Tugela' 2-max Seat #1 is the button
Seat 1: siuraz83 ($428.07 in chips)
Seat 2: BugerDV ($115.05 in chips)
siuraz83: posts small blind $1
BugerDV: posts big blind $3
*** HOLE CARDS ***
siuraz83: raises $3 to $6
BugerDV: calls $3
*** FLOP *** [8s 8h 6c]
BugerDV: checks
siuraz83: bets $3
BugerDV: calls $3
*** TURN *** [8s 8h 6c] [4s]
BugerDV: checks
siuraz83: checks
*** RIVER *** [8s 8h 6c 4s] [2s]
BugerDV: bets $6
siuraz83: calls $6
*** SHOW DOWN ***
BugerDV: shows [Jc 2c] (two pair, Eights and Deuces)
siuraz83: mucks hand
BugerDV collected $29.50 from pot
*** SUMMARY ***
Total pot $30 | Rake $0.50
Board [8s 8h 6c 4s 2s]
Seat 1: siuraz83 (button) (small blind) mucked
Seat 2: BugerDV (big blind) showed [Jc 2c] and won ($29.50) with two pair, Eights and Deuces


PokerStars Hand #145112088100:  Hold'em Limit ($3/$6 USD) - 2015/12/10 4:34:33 ET
Table 'Tugela' 2-max Seat #1 is the button
Seat 1: siuraz83 ($367.07 in chips)
Seat 2: BugerDV ($174.33 in chips)
siuraz83: posts small blind $1
BugerDV: posts big blind $3
*** HOLE CARDS ***
siuraz83: calls $2
BugerDV: raises $3 to $6
siuraz83: calls $3
*** FLOP *** [2c Qh 7d]
BugerDV: bets $3
siuraz83: folds
Uncalled bet ($3) returned to BugerDV
BugerDV collected $11.76 from pot
BugerDV: doesn't show hand
*** SUMMARY ***
Total pot $12 | Rake $0.24
Board [2c Qh 7d]
Seat 1: siuraz83 (button) (small blind) folded on the Flop
Seat 2: BugerDV (big blind) collected ($11.76)


PokerStars Hand #145112084399:  Hold'em Limit ($3/$6 USD) - 2015/12/10 4:34:24 ET
Table 'Tugela' 2-max Seat #2 is the button
Seat 1: siuraz83 ($373.07 in chips)
Seat 2: BugerDV ($168.57 in chips)
BugerDV: posts small blind $1
siuraz83: posts big blind $3
*** HOLE CARDS ***
BugerDV: raises $3 to $6
siuraz83: calls $3
*** FLOP *** [Jd 8s Qh]
siuraz83: checks
BugerDV: bets $3
siuraz83: folds
Uncalled bet ($3) returned to BugerDV
BugerDV collected $11.76 from pot
BugerDV: doesn't show hand
*** SUMMARY ***
Total pot $12 | Rake $0.24
Board [Jd 8s Qh]
Seat 1: siuraz83 (big blind) folded on the Flop
Seat 2: BugerDV (button) (small blind) collected ($11.76)


PokerStars Hand #145112082433:  Hold'em Limit ($3/$6 USD) - 2015/12/10 4:34:19 ET
Table 'Tugela' 2-max Seat #1 is the button
Seat 1: siuraz83 ($374.07 in chips)
Seat 2: BugerDV ($167.57 in chips)
siuraz83: posts small blind $1
BugerDV: posts big blind $3
*** HOLE CARDS ***
siuraz83: folds
Uncalled bet ($2) returned to BugerDV
BugerDV collected $2 from pot
BugerDV: doesn't show hand
*** SUMMARY ***
Total pot $2 | Rake $0
Seat 1: siuraz83 (button) (small blind) folded before Flop
Seat 2: BugerDV (big blind) collected ($2)


PokerStars Hand #145112091748:  Hold'em Limit ($3/$6 USD) - 2015/12/10 4:34:43 ET
Table 'Tugela' 2-max Seat #2 is the button
Seat 1: siuraz83 ($361.07 in chips)
Seat 2: BugerDV ($180.09 in chips)
BugerDV: posts small blind $1
siuraz83: posts big blind $3
*** HOLE CARDS ***
BugerDV: raises $3 to $6
siuraz83: raises $3 to $9
BugerDV: calls $3
*** FLOP *** [Td 7d 9c]
siuraz83: bets $3
BugerDV: calls $3
*** TURN *** [Td 7d 9c] [4c]
siuraz83: checks
BugerDV: checks
*** RIVER *** [Td 7d 9c 4c] [8s]
siuraz83: bets $6
BugerDV: raises $6 to $12
siuraz83: calls $6
*** SHOW DOWN ***
BugerDV: shows [As 3c] (high card Ace)
siuraz83: shows [Jd Kh] (a straight, Seven to Jack)
siuraz83 collected $47.50 from pot
*** SUMMARY ***
Total pot $48 | Rake $0.50
Board [Td 7d 9c 4c 8s]
Seat 1: siuraz83 (big blind) showed [Jd Kh] and won ($47.50) with a straight, Seven to Jack
Seat 2: BugerDV (button) (small blind) showed [As 3c] and lost with high card Ace


PokerStars Hand #145112098664:  Hold'em Limit ($3/$6 USD) - 2015/12/10 4:35:01 ET
Table 'Tugela' 2-max Seat #1 is the button
Seat 1: siuraz83 ($384.57 in chips)
Seat 2: BugerDV ($156.09 in chips)
siuraz83: posts small blind $1
BugerDV: posts big blind $3
*** HOLE CARDS ***
siuraz83: calls $2
BugerDV: raises $3 to $6
siuraz83: calls $3
*** FLOP *** [Ts Js 2s]
BugerDV: bets $3
siuraz83: calls $3
*** TURN *** [Ts Js 2s] [Qc]
BugerDV: checks
siuraz83: checks
*** RIVER *** [Ts Js 2s Qc] [6s]
BugerDV: checks
siuraz83: checks
*** SHOW DOWN ***
BugerDV: shows [7d Kc] (high card King)
siuraz83: mucks hand
BugerDV collected $17.64 from pot
*** SUMMARY ***
Total pot $18 | Rake $0.36
Board [Ts Js 2s Qc 6s]
Seat 1: siuraz83 (button) (small blind) mucked
Seat 2: BugerDV (big blind) showed [7d Kc] and won ($17.64) with high card King


PokerStars Hand #145112110128:  Hold'em Limit ($3/$6 USD) - 2015/12/10 4:35:30 ET
Table 'Tugela' 2-max Seat #2 is the button
Seat 1: siuraz83 ($375.57 in chips)
Seat 2: BugerDV ($164.73 in chips)
BugerDV: posts small blind $1
siuraz83: posts big blind $3
*** HOLE CARDS ***
BugerDV: folds
Uncalled bet ($2) returned to siuraz83
siuraz83 collected $2 from pot
siuraz83: doesn't show hand
*** SUMMARY ***
Total pot $2 | Rake $0
Seat 1: siuraz83 (big blind) collected ($2)
Seat 2: BugerDV (button) (small blind) folded before Flop


PokerStars Hand #145112107525:  Hold'em Limit ($3/$6 USD) - 2015/12/10 4:35:24 ET
Table 'Tugela' 2-max Seat #1 is the button
Seat 1: siuraz83 ($372.57 in chips)
Seat 2: BugerDV ($167.73 in chips)
siuraz83: posts small blind $1
BugerDV: posts big blind $3
*** HOLE CARDS ***
siuraz83: raises $3 to $6
BugerDV: folds
Uncalled bet ($3) returned to siuraz83
siuraz83 collected $6 from pot
siuraz83: doesn't show hand
*** SUMMARY ***
Total pot $6 | Rake $0
Seat 1: siuraz83 (button) (small blind) collected ($6)
Seat 2: BugerDV (big blind) folded before Flop


PokerStars Hand #145112104928:  Hold'em Limit ($3/$6 USD) - 2015/12/10 4:35:17 ET
Table 'Tugela' 2-max Seat #2 is the button
Seat 1: siuraz83 ($375.57 in chips)
Seat 2: BugerDV ($164.73 in chips)
BugerDV: posts small blind $1
siuraz83: posts big blind $3
*** HOLE CARDS ***
BugerDV: raises $3 to $6
siuraz83: folds
Uncalled bet ($3) returned to BugerDV
BugerDV collected $6 from pot
BugerDV: doesn't show hand
*** SUMMARY ***
Total pot $6 | Rake $0
Seat 1: siuraz83 (big blind) folded before Flop
Seat 2: BugerDV (button) (small blind) collected ($6)


PokerStars Hand #145112118902:  Hold'em Limit ($3/$6 USD) - 2015/12/10 4:35:54 ET
Table 'Tugela' 2-max Seat #2 is the button
Seat 1: siuraz83 ($406.07 in chips)
Seat 2: BugerDV ($133.73 in chips)
BugerDV: posts small blind $1
siuraz83: posts big blind $3
*** HOLE CARDS ***
BugerDV: folds
Uncalled bet ($2) returned to siuraz83
siuraz83 collected $2 from pot
siuraz83: doesn't show hand
*** SUMMARY ***
Total pot $2 | Rake $0
Seat 1: siuraz83 (big blind) collected ($2)
Seat 2: BugerDV (button) (small blind) folded before Flop


PokerStars Hand #145112111782:  Hold'em Limit ($3/$6 USD) - 2015/12/10 4:35:35 ET
Table 'Tugela' 2-max Seat #1 is the button
Seat 1: siuraz83 ($376.57 in chips)
Seat 2: BugerDV ($163.73 in chips)
siuraz83: posts small blind $1
BugerDV: posts big blind $3
*** HOLE CARDS ***
siuraz83: calls $2
BugerDV: checks
*** FLOP *** [Jd 5h 7h]
BugerDV: checks
siuraz83: bets $3
BugerDV: calls $3
*** TURN *** [Jd 5h 7h] [Ks]
BugerDV: checks
siuraz83: bets $6
BugerDV: raises $6 to $12
siuraz83: calls $6
*** RIVER *** [Jd 5h 7h Ks] [Jc]
BugerDV: bets $6
siuraz83: raises $6 to $12
BugerDV: calls $6
*** SHOW DOWN ***
siuraz83: shows [6d Js] (three of a kind, Jacks)
BugerDV: mucks hand
siuraz83 collected $59.50 from pot
*** SUMMARY ***
Total pot $60 | Rake $0.50
Board [Jd 5h 7h Ks Jc]
Seat 1: siuraz83 (button) (small blind) showed [6d Js] and won ($59.50) with three of a kind, Jacks
Seat 2: BugerDV (big blind) mucked


PokerStars Hand #145112126839:  Hold'em Limit ($3/$6 USD) - 2015/12/10 4:36:14 ET
Table 'Tugela' 2-max Seat #1 is the button
Seat 1: siuraz83 ($406.95 in chips)
Seat 2: BugerDV ($132.73 in chips)
siuraz83: posts small blind $1
BugerDV: posts big blind $3
*** HOLE CARDS ***
siuraz83: folds
Uncalled bet ($2) returned to BugerDV
BugerDV collected $2 from pot
BugerDV: doesn't show hand
*** SUMMARY ***
Total pot $2 | Rake $0
Seat 1: siuraz83 (button) (small blind) folded before Flop
Seat 2: BugerDV (big blind) collected ($2)


PokerStars Hand #145112124829:  Hold'em Limit ($3/$6 USD) - 2015/12/10 4:36:09 ET
Table 'Tugela' 2-max Seat #2 is the button
Seat 1: siuraz83 ($409.95 in chips)
Seat 2: BugerDV ($129.73 in chips)
BugerDV: posts small blind $1
siuraz83: posts big blind $3
*** HOLE CARDS ***
BugerDV: raises $3 to $6
siuraz83: folds
Uncalled bet ($3) returned to BugerDV
BugerDV collected $6 from pot
BugerDV: doesn't show hand
*** SUMMARY ***
Total pot $6 | Rake $0
Seat 1: siuraz83 (big blind) folded before Flop
Seat 2: BugerDV (button) (small blind) collected ($6)


PokerStars Hand #145112120834:  Hold'em Limit ($3/$6 USD) - 2015/12/10 4:35:59 ET
Table 'Tugela' 2-max Seat #1 is the button
Seat 1: siuraz83 ($407.07 in chips)
Seat 2: BugerDV ($132.73 in chips)
siuraz83: posts small blind $1
BugerDV: posts big blind $3
*** HOLE CARDS ***
siuraz83: calls $2
BugerDV: checks
*** FLOP *** [Ah 8c 4h]
BugerDV: checks
siuraz83: bets $3
BugerDV: folds
Uncalled bet ($3) returned to siuraz83
siuraz83 collected $5.88 from pot
siuraz83: doesn't show hand
*** SUMMARY ***
Total pot $6 | Rake $0.12
Board [Ah 8c 4h]
Seat 1: siuraz83 (button) (small blind) collected ($5.88)
Seat 2: BugerDV (big blind) folded on the Flop


PokerStars Hand #145112136460:  Hold'em Limit ($3/$6 USD) - 2015/12/10 4:36:40 ET
Table 'Tugela' 2-max Seat #2 is the button
Seat 1: siuraz83 ($390.95 in chips)
Seat 2: BugerDV ($148.23 in chips)
BugerDV: posts small blind $1
siuraz83: posts big blind $3
*** HOLE CARDS ***
BugerDV: folds
Uncalled bet ($2) returned to siuraz83
siuraz83 collected $2 from pot
siuraz83: doesn't show hand
*** SUMMARY ***
Total pot $2 | Rake $0
Seat 1: siuraz83 (big blind) collected ($2)
Seat 2: BugerDV (button) (small blind) folded before Flop


PokerStars Hand #145112134336:  Hold'em Limit ($3/$6 USD) - 2015/12/10 4:36:34 ET
Table 'Tugela' 2-max Seat #1 is the button
Seat 1: siuraz83 ($387.95 in chips)
Seat 2: BugerDV ($151.23 in chips)
siuraz83: posts small blind $1
BugerDV: posts big blind $3
*** HOLE CARDS ***
siuraz83: raises $3 to $6
BugerDV: folds
Uncalled bet ($3) returned to siuraz83
siuraz83 collected $6 from pot
siuraz83: doesn't show hand
*** SUMMARY ***
Total pot $6 | Rake $0
Seat 1: siuraz83 (button) (small blind) collected ($6)
Seat 2: BugerDV (big blind) folded before Flop


PokerStars Hand #145112128541:  Hold'em Limit ($3/$6 USD) - 2015/12/10 4:36:19 ET
Table 'Tugela' 2-max Seat #2 is the button
Seat 1: siuraz83 ($405.95 in chips)
Seat 2: BugerDV ($133.73 in chips)
BugerDV: posts small blind $1
siuraz83: posts big blind $3
*** HOLE CARDS ***
BugerDV: raises $3 to $6
siuraz83: raises $3 to $9
BugerDV: calls $3
*** FLOP *** [Qc Td 5c]
siuraz83: bets $3
BugerDV: calls $3
*** TURN *** [Qc Td 5c] [9h]
siuraz83: checks
BugerDV: checks
*** RIVER *** [Qc Td 5c 9h] [Kc]
siuraz83: bets $6
BugerDV: raises $6 to $12
siuraz83: folds
Uncalled bet ($6) returned to BugerDV
BugerDV collected $35.50 from pot
BugerDV: doesn't show hand
*** SUMMARY ***
Total pot $36 | Rake $0.50
Board [Qc Td 5c 9h Kc]
Seat 1: siuraz83 (big blind) folded on the River
Seat 2: BugerDV (button) (small blind) collected ($35.50)


PokerStars Hand #145112144971:  Hold'em Limit ($3/$6 USD) - 2015/12/10 4:37:02 ET
Table 'Tugela' 2-max Seat #1 is the button
Seat 1: siuraz83 ($391.83 in chips)
Seat 2: BugerDV ($147.23 in chips)
siuraz83: posts small blind $1
BugerDV: posts big blind $3
*** HOLE CARDS ***
siuraz83: calls $2
BugerDV: checks
*** FLOP *** [5s 7s 3c]
BugerDV: bets $3
siuraz83: calls $3
*** TURN *** [5s 7s 3c] [4c]
BugerDV: bets $6
siuraz83: raises $6 to $12
BugerDV: raises $6 to $18
siuraz83: folds
Uncalled bet ($6) returned to BugerDV
BugerDV collected $35.50 from pot
BugerDV: doesn't show hand
*** SUMMARY ***
Total pot $36 | Rake $0.50
Board [5s 7s 3c 4c]
Seat 1: siuraz83 (button) (small blind) folded on the Turn
Seat 2: BugerDV (big blind) collected ($35.50)


PokerStars Hand #145112138297:  Hold'em Limit ($3/$6 USD) - 2015/12/10 4:36:44 ET
Table 'Tugela' 2-max Seat #1 is the button
Seat 1: siuraz83 ($391.95 in chips)
Seat 2: BugerDV ($147.23 in chips)
siuraz83: posts small blind $1
BugerDV: posts big blind $3
*** HOLE CARDS ***
siuraz83: calls $2
BugerDV: checks
*** FLOP *** [5d Js 9d]
BugerDV: checks
siuraz83: bets $3
BugerDV: folds
Uncalled bet ($3) returned to siuraz83
siuraz83 collected $5.88 from pot
siuraz83: doesn't show hand
*** SUMMARY ***
Total pot $6 | Rake $0.12
Board [5d Js 9d]
Seat 1: siuraz83 (button) (small blind) collected ($5.88)
Seat 2: BugerDV (big blind) folded on the Flop


PokerStars Hand #145112142892:  Hold'em Limit ($3/$6 USD) - 2015/12/10 4:36:56 ET
Table 'Tugela' 2-max Seat #2 is the button
Seat 1: siuraz83 ($394.83 in chips)
Seat 2: BugerDV ($144.23 in chips)
BugerDV: posts small blind $1
siuraz83: posts big blind $3
*** HOLE CARDS ***
BugerDV: raises $3 to $6
siuraz83: folds
Uncalled bet ($3) returned to BugerDV
BugerDV collected $6 from pot
BugerDV: doesn't show hand
*** SUMMARY ***
Total pot $6 | Rake $0
Seat 1: siuraz83 (big blind) folded before Flop
Seat 2: BugerDV (button) (small blind) collected ($6)


PokerStars Hand #145112156941:  Hold'em Limit ($3/$6 USD) - 2015/12/10 4:37:33 ET
Table 'Tugela' 2-max Seat #1 is the button
Seat 1: siuraz83 ($385.35 in chips)
Seat 2: BugerDV ($152.73 in chips)
siuraz83: posts small blind $1
BugerDV: posts big blind $3
*** HOLE CARDS ***
siuraz83: calls $2
BugerDV: checks
*** FLOP *** [Qs Ts 7c]
BugerDV: checks
siuraz83: bets $3
BugerDV: folds
Uncalled bet ($3) returned to siuraz83
siuraz83 collected $5.88 from pot
siuraz83: doesn't show hand
*** SUMMARY ***
Total pot $6 | Rake $0.12
Board [Qs Ts 7c]
Seat 1: siuraz83 (button) (small blind) collected ($5.88)
Seat 2: BugerDV (big blind) folded on the Flop


PokerStars Hand #145112150713:  Hold'em Limit ($3/$6 USD) - 2015/12/10 4:37:17 ET
Table 'Tugela' 2-max Seat #2 is the button
Seat 1: siuraz83 ($373.83 in chips)
Seat 2: BugerDV ($164.73 in chips)
BugerDV: posts small blind $1
siuraz83: posts big blind $3
*** HOLE CARDS ***
BugerDV: raises $3 to $6
siuraz83: calls $3
*** FLOP *** [9c 8h 4d]
siuraz83: bets $3
BugerDV: raises $3 to $6
siuraz83: calls $3
*** TURN *** [9c 8h 4d] [7s]
siuraz83: checks
BugerDV: checks
*** RIVER *** [9c 8h 4d 7s] [3c]
siuraz83: bets $6
BugerDV: folds
Uncalled bet ($6) returned to siuraz83
siuraz83 collected $23.52 from pot
siuraz83: doesn't show hand
*** SUMMARY ***
Total pot $24 | Rake $0.48
Board [9c 8h 4d 7s 3c]
Seat 1: siuraz83 (big blind) collected ($23.52)
Seat 2: BugerDV (button) (small blind) folded on the River


PokerStars Hand #145112173160:  Hold'em Limit ($3/$6 USD) - 2015/12/10 4:38:15 ET
Table 'Tugela' 2-max Seat #2 is the button
Seat 1: siuraz83 ($423.49 in chips)
Seat 2: BugerDV ($113.73 in chips)
BugerDV: posts small blind $1
siuraz83: posts big blind $3
*** HOLE CARDS ***
BugerDV: folds
Uncalled bet ($2) returned to siuraz83
siuraz83 collected $2 from pot
siuraz83: doesn't show hand
*** SUMMARY ***
Total pot $2 | Rake $0
Seat 1: siuraz83 (big blind) collected ($2)
Seat 2: BugerDV (button) (small blind) folded before Flop


PokerStars Hand #145112167126:  Hold'em Limit ($3/$6 USD) - 2015/12/10 4:38:00 ET
Table 'Tugela' 2-max Seat #1 is the button
Seat 1: siuraz83 ($417.73 in chips)
Seat 2: BugerDV ($119.73 in chips)
siuraz83: posts small blind $1
BugerDV: posts big blind $3
*** HOLE CARDS ***
siuraz83: raises $3 to $6
BugerDV: calls $3
*** FLOP *** [Jd 4d 6h]
BugerDV: checks
siuraz83: checks
*** TURN *** [Jd 4d 6h] [Kc]
BugerDV: checks
siuraz83: checks
*** RIVER *** [Jd 4d 6h Kc] [Th]
BugerDV: checks
siuraz83: checks
*** SHOW DOWN ***
BugerDV: shows [3c Qh] (high card King)
siuraz83: shows [3s Ac] (high card Ace)
siuraz83 collected $11.76 from pot
*** SUMMARY ***
Total pot $12 | Rake $0.24
Board [Jd 4d 6h Kc Th]
Seat 1: siuraz83 (button) (small blind) showed [3s Ac] and won ($11.76) with high card Ace
Seat 2: BugerDV (big blind) showed [3c Qh] and lost with high card King


PokerStars Hand #145112160498:  Hold'em Limit ($3/$6 USD) - 2015/12/10 4:37:43 ET
Table 'Tugela' 2-max Seat #2 is the button
Seat 1: siuraz83 ($388.23 in chips)
Seat 2: BugerDV ($149.73 in chips)
BugerDV: posts small blind $1
siuraz83: posts big blind $3
*** HOLE CARDS ***
BugerDV: raises $3 to $6
siuraz83: raises $3 to $9
BugerDV: calls $3
*** FLOP *** [Ah 5c 6h]
siuraz83: bets $3
BugerDV: calls $3
*** TURN *** [Ah 5c 6h] [2h]
siuraz83: bets $6
BugerDV: raises $6 to $12
siuraz83: calls $6
*** RIVER *** [Ah 5c 6h 2h] [Jh]
siuraz83: checks
BugerDV: bets $6
siuraz83: calls $6
*** SHOW DOWN ***
BugerDV: shows [8d 9d] (high card Ace)
siuraz83: shows [Kh Kc] (a flush, Ace high)
siuraz83 collected $59.50 from pot
*** SUMMARY ***
Total pot $60 | Rake $0.50
Board [Ah 5c 6h 2h Jh]
Seat 1: siuraz83 (big blind) showed [Kh Kc] and won ($59.50) with a flush, Ace high
Seat 2: BugerDV (button) (small blind) showed [8d 9d] and lost with high card Ace


PokerStars Hand #145112187846:  Hold'em Limit ($3/$6 USD) - 2015/12/10 4:38:54 ET
Table 'Tugela' 2-max Seat #2 is the button
Seat 1: siuraz83 ($447.75 in chips)
Seat 2: BugerDV ($88.61 in chips)
BugerDV: posts small blind $1
siuraz83: posts big blind $3
*** HOLE CARDS ***
BugerDV: raises $3 to $6
siuraz83: folds
Uncalled bet ($3) returned to BugerDV
BugerDV collected $6 from pot
BugerDV: doesn't show hand
*** SUMMARY ***
Total pot $6 | Rake $0
Seat 1: siuraz83 (big blind) folded before Flop
Seat 2: BugerDV (button) (small blind) collected ($6)


PokerStars Hand #145112184495:  Hold'em Limit ($3/$6 USD) - 2015/12/10 4:38:45 ET
Table 'Tugela' 2-max Seat #1 is the button
Seat 1: siuraz83 ($450.75 in chips)
Seat 2: BugerDV ($85.73 in chips)
siuraz83: posts small blind $1
BugerDV: posts big blind $3
*** HOLE CARDS ***
siuraz83: calls $2
BugerDV: checks
*** FLOP *** [Jc 2c Ks]
BugerDV: bets $3
siuraz83: folds
Uncalled bet ($3) returned to BugerDV
BugerDV collected $5.88 from pot
BugerDV: doesn't show hand
*** SUMMARY ***
Total pot $6 | Rake $0.12
Board [Jc 2c Ks]
Seat 1: siuraz83 (button) (small blind) folded on the Flop
Seat 2: BugerDV (big blind) collected ($5.88)


PokerStars Hand #145112178706:  Hold'em Limit ($3/$6 USD) - 2015/12/10 4:38:30 ET
Table 'Tugela' 2-max Seat #2 is the button
Seat 1: siuraz83 ($430.25 in chips)
Seat 2: BugerDV ($106.73 in chips)
BugerDV: posts small blind $1
siuraz83: posts big blind $3
*** HOLE CARDS ***
BugerDV: raises $3 to $6
siuraz83: raises $3 to $9
BugerDV: calls $3
*** FLOP *** [Qd Ah 5c]
siuraz83: checks
BugerDV: checks
*** TURN *** [Qd Ah 5c] [5d]
siuraz83: bets $6
BugerDV: calls $6
*** RIVER *** [Qd Ah 5c 5d] [3h]
siuraz83: bets $6
BugerDV: calls $6
*** SHOW DOWN ***
siuraz83: shows [Th Ac] (two pair, Aces and Fives)
BugerDV: mucks hand
siuraz83 collected $41.50 from pot
*** SUMMARY ***
Total pot $42 | Rake $0.50
Board [Qd Ah 5c 5d 3h]
Seat 1: siuraz83 (big blind) showed [Th Ac] and won ($41.50) with two pair, Aces and Fives
Seat 2: BugerDV (button) (small blind) mucked


PokerStars Hand #145112175146:  Hold'em Limit ($3/$6 USD) - 2015/12/10 4:38:20 ET
Table 'Tugela' 2-max Seat #1 is the button
Seat 1: siuraz83 ($424.49 in chips)
Seat 2: BugerDV ($112.73 in chips)
siuraz83: posts small blind $1
BugerDV: posts big blind $3
*** HOLE CARDS ***
siuraz83: raises $3 to $6
BugerDV: calls $3
*** FLOP *** [Jc 2c 4d]
BugerDV: checks
siuraz83: bets $3
BugerDV: folds
Uncalled bet ($3) returned to siuraz83
siuraz83 collected $11.76 from pot
siuraz83: doesn't show hand
*** SUMMARY ***
Total pot $12 | Rake $0.24
Board [Jc 2c 4d]
Seat 1: siuraz83 (button) (small blind) collected ($11.76)
Seat 2: BugerDV (big blind) folded on the Flop


PokerStars Hand #145112190128:  Hold'em Limit ($3/$6 USD) - 2015/12/10 4:38:59 ET
Table 'Tugela' 2-max Seat #1 is the button
Seat 1: siuraz83 ($444.75 in chips)
Seat 2: BugerDV ($91.61 in chips)
siuraz83: posts small blind $1
BugerDV: posts big blind $3
*** HOLE CARDS ***
siuraz83: calls $2
BugerDV: checks
*** FLOP *** [5d Qd 3h]
BugerDV: bets $3
siuraz83: calls $3
*** TURN *** [5d Qd 3h] [4d]
BugerDV: bets $6
siuraz83: calls $6
*** RIVER *** [5d Qd 3h 4d] [6c]
BugerDV: bets $6
siuraz83: calls $6
*** SHOW DOWN ***
BugerDV: shows [2c 3d] (a straight, Deuce to Six)
siuraz83: mucks hand
BugerDV collected $35.50 from pot
*** SUMMARY ***
Total pot $36 | Rake $0.50
Board [5d Qd 3h 4d 6c]
Seat 1: siuraz83 (button) (small blind) mucked
Seat 2: BugerDV (big blind) showed [2c 3d] and won ($35.50) with a straight, Deuce to Six


PokerStars Hand #145112209908:  Hold'em Limit ($3/$6 USD) - 2015/12/10 4:39:51 ET
Table 'Tugela' 2-max Seat #1 is the button
Seat 1: siuraz83 ($419.39 in chips)
Seat 2: BugerDV ($115.61 in chips)
siuraz83: posts small blind $1
BugerDV: posts big blind $3
*** HOLE CARDS ***
siuraz83: calls $2
BugerDV: raises $3 to $6
siuraz83: calls $3
*** FLOP *** [8c 9h Td]
BugerDV: bets $3
siuraz83: folds
Uncalled bet ($3) returned to BugerDV
BugerDV collected $11.76 from pot
BugerDV: doesn't show hand
*** SUMMARY ***
Total pot $12 | Rake $0.24
Board [8c 9h Td]
Seat 1: siuraz83 (button) (small blind) folded on the Flop
Seat 2: BugerDV (big blind) collected ($11.76)


PokerStars Hand #145112205396:  Hold'em Limit ($3/$6 USD) - 2015/12/10 4:39:39 ET
Table 'Tugela' 2-max Seat #2 is the button
Seat 1: siuraz83 ($410.75 in chips)
Seat 2: BugerDV ($124.61 in chips)
BugerDV: posts small blind $1
siuraz83: posts big blind $3
*** HOLE CARDS ***
BugerDV: raises $3 to $6
siuraz83: raises $3 to $9
BugerDV: calls $3
*** FLOP *** [2h Th Ad]
siuraz83: bets $3
BugerDV: folds
Uncalled bet ($3) returned to siuraz83
siuraz83 collected $17.64 from pot
siuraz83: doesn't show hand
*** SUMMARY ***
Total pot $18 | Rake $0.36
Board [2h Th Ad]
Seat 1: siuraz83 (big blind) collected ($17.64)
Seat 2: BugerDV (button) (small blind) folded on the Flop


PokerStars Hand #145112203440:  Hold'em Limit ($3/$6 USD) - 2015/12/10 4:39:34 ET
Table 'Tugela' 2-max Seat #1 is the button
Seat 1: siuraz83 ($411.75 in chips)
Seat 2: BugerDV ($123.61 in chips)
siuraz83: posts small blind $1
BugerDV: posts big blind $3
*** HOLE CARDS ***
siuraz83: folds
Uncalled bet ($2) returned to BugerDV
BugerDV collected $2 from pot
BugerDV: doesn't show hand
*** SUMMARY ***
Total pot $2 | Rake $0
Seat 1: siuraz83 (button) (small blind) folded before Flop
Seat 2: BugerDV (big blind) collected ($2)


PokerStars Hand #145112196221:  Hold'em Limit ($3/$6 USD) - 2015/12/10 4:39:15 ET
Table 'Tugela' 2-max Seat #2 is the button
Seat 1: siuraz83 ($426.75 in chips)
Seat 2: BugerDV ($109.11 in chips)
BugerDV: posts small blind $1
siuraz83: posts big blind $3
*** HOLE CARDS ***
BugerDV: raises $3 to $6
siuraz83: calls $3
*** FLOP *** [5h Td 9s]
siuraz83: checks
BugerDV: bets $3
siuraz83: calls $3
*** TURN *** [5h Td 9s] [Kh]
siuraz83: checks
BugerDV: bets $6
siuraz83: calls $6
*** RIVER *** [5h Td 9s Kh] [3c]
siuraz83: folds
BugerDV collected $29.50 from pot
BugerDV: doesn't show hand
*** SUMMARY ***
Total pot $30 | Rake $0.50
Board [5h Td 9s Kh 3c]
Seat 1: siuraz83 (big blind) folded on the River
Seat 2: BugerDV (button) (small blind) collected ($29.50)


PokerStars Hand #145112235311:  Hold'em Limit ($3/$6 USD) - 2015/12/10 4:40:57 ET
Table 'Tugela' 2-max Seat #2 is the button
Seat 1: siuraz83 ($460.41 in chips)
Seat 2: BugerDV ($73.37 in chips)
BugerDV: posts small blind $1
siuraz83: posts big blind $3
*** HOLE CARDS ***
BugerDV: folds
Uncalled bet ($2) returned to siuraz83
siuraz83 collected $2 from pot
siuraz83: doesn't show hand
*** SUMMARY ***
Total pot $2 | Rake $0
Seat 1: siuraz83 (big blind) collected ($2)
Seat 2: BugerDV (button) (small blind) folded before Flop


PokerStars Hand #145112221996:  Hold'em Limit ($3/$6 USD) - 2015/12/10 4:40:23 ET
Table 'Tugela' 2-max Seat #1 is the button
Seat 1: siuraz83 ($448.89 in chips)
Seat 2: BugerDV ($85.37 in chips)
siuraz83: posts small blind $1
BugerDV: posts big blind $3
*** HOLE CARDS ***
siuraz83: calls $2
BugerDV: raises $3 to $6
siuraz83: calls $3
*** FLOP *** [8s 9d 6h]
BugerDV: bets $3
siuraz83: raises $3 to $6
BugerDV: calls $3
*** TURN *** [8s 9d 6h] [Ts]
BugerDV: checks
siuraz83: checks
*** RIVER *** [8s 9d 6h Ts] [9s]
BugerDV: checks
siuraz83: bets $6
BugerDV: folds
Uncalled bet ($6) returned to siuraz83
siuraz83 collected $23.52 from pot
siuraz83: doesn't show hand
*** SUMMARY ***
Total pot $24 | Rake $0.48
Board [8s 9d 6h Ts 9s]
Seat 1: siuraz83 (button) (small blind) collected ($23.52)
Seat 2: BugerDV (big blind) folded on the River


PokerStars Hand #145112242792:  Hold'em Limit ($3/$6 USD) - 2015/12/10 4:41:16 ET
Table 'Tugela' 2-max Seat #2 is the button
Seat 1: siuraz83 ($484.91 in chips)
Seat 2: BugerDV ($48.37 in chips)
BugerDV: posts small blind $1
siuraz83: posts big blind $3
*** HOLE CARDS ***
BugerDV: raises $3 to $6
siuraz83: folds
Uncalled bet ($3) returned to BugerDV
BugerDV collected $6 from pot
BugerDV: doesn't show hand
*** SUMMARY ***
Total pot $6 | Rake $0
Seat 1: siuraz83 (big blind) folded before Flop
Seat 2: BugerDV (button) (small blind) collected ($6)


PokerStars Hand #145112236994:  Hold'em Limit ($3/$6 USD) - 2015/12/10 4:41:01 ET
Table 'Tugela' 2-max Seat #1 is the button
Seat 1: siuraz83 ($461.41 in chips)
Seat 2: BugerDV ($72.37 in chips)
siuraz83: posts small blind $1
BugerDV: posts big blind $3
*** HOLE CARDS ***
siuraz83: raises $3 to $6
BugerDV: raises $3 to $9
siuraz83: calls $3
*** FLOP *** [8c 9d Ac]
BugerDV: bets $3
siuraz83: calls $3
*** TURN *** [8c 9d Ac] [7h]
BugerDV: bets $6
siuraz83: calls $6
*** RIVER *** [8c 9d Ac 7h] [Kc]
BugerDV: checks
siuraz83: bets $6
BugerDV: calls $6
*** SHOW DOWN ***
siuraz83: shows [6h Kh] (a pair of Kings)
BugerDV: mucks hand
siuraz83 collected $47.50 from pot
*** SUMMARY ***
Total pot $48 | Rake $0.50
Board [8c 9d Ac 7h Kc]
Seat 1: siuraz83 (button) (small blind) showed [6h Kh] and won ($47.50) with a pair of Kings
Seat 2: BugerDV (big blind) mucked


PokerStars Hand #145112213643:  Hold'em Limit ($3/$6 USD) - 2015/12/10 4:40:01 ET
Table 'Tugela' 2-max Seat #2 is the button
Seat 1: siuraz83 ($413.39 in chips)
Seat 2: BugerDV ($121.37 in chips)
BugerDV: posts small blind $1
siuraz83: posts big blind $3
*** HOLE CARDS ***
BugerDV: raises $3 to $6
siuraz83: calls $3
*** FLOP *** [Qc 6h 3c]
siuraz83: checks
BugerDV: bets $3
siuraz83: raises $3 to $6
BugerDV: calls $3
*** TURN *** [Qc 6h 3c] [7h]
siuraz83: bets $6
BugerDV: calls $6
*** RIVER *** [Qc 6h 3c 7h] [Ks]
siuraz83: bets $6
BugerDV: raises $6 to $12
siuraz83: raises $6 to $18
BugerDV: calls $6
*** SHOW DOWN ***
siuraz83: shows [Qs 6s] (two pair, Queens and Sixes)
BugerDV: mucks hand
siuraz83 collected $71.50 from pot
*** SUMMARY ***
Total pot $72 | Rake $0.50
Board [Qc 6h 3c 7h Ks]
Seat 1: siuraz83 (big blind) showed [Qs 6s] and won ($71.50) with two pair, Queens and Sixes
Seat 2: BugerDV (button) (small blind) mucked


PokerStars Hand #145112253414:  Hold'em Limit ($3/$6 USD) - 2015/12/10 4:41:44 ET
Table 'Tugela' 2-max Seat #1 is the button
Seat 1: siuraz83 ($484.55 in chips)
Seat 2: BugerDV ($48.13 in chips)
siuraz83: posts small blind $1
BugerDV: posts big blind $3
*** HOLE CARDS ***
siuraz83: calls $2
BugerDV: raises $3 to $6
siuraz83: raises $3 to $9
BugerDV: calls $3
*** FLOP *** [6d Ks 8c]
BugerDV: checks
siuraz83: checks
*** TURN *** [6d Ks 8c] [Jh]
BugerDV: checks
siuraz83: bets $6
BugerDV: folds
Uncalled bet ($6) returned to siuraz83
siuraz83 collected $17.64 from pot
siuraz83: doesn't show hand
*** SUMMARY ***
Total pot $18 | Rake $0.36
Board [6d Ks 8c Jh]
Seat 1: siuraz83 (button) (small blind) collected ($17.64)
Seat 2: BugerDV (big blind) folded on the Turn


PokerStars Hand #145112249312:  Hold'em Limit ($3/$6 USD) - 2015/12/10 4:41:33 ET
Table 'Tugela' 2-max Seat #2 is the button
Seat 1: siuraz83 ($475.91 in chips)
Seat 2: BugerDV ($57.13 in chips)
BugerDV: posts small blind $1
siuraz83: posts big blind $3
*** HOLE CARDS ***
BugerDV: raises $3 to $6
siuraz83: calls $3
*** FLOP *** [9h 3c Kh]
siuraz83: checks
BugerDV: bets $3
siuraz83: raises $3 to $6
BugerDV: folds
Uncalled bet ($3) returned to siuraz83
siuraz83 collected $17.64 from pot
siuraz83: doesn't show hand
*** SUMMARY ***
Total pot $18 | Rake $0.36
Board [9h 3c Kh]
Seat 1: siuraz83 (big blind) collected ($17.64)
Seat 2: BugerDV (button) (small blind) folded on the Flop


PokerStars Hand #145112244762:  Hold'em Limit ($3/$6 USD) - 2015/12/10 4:41:21 ET
Table 'Tugela' 2-max Seat #1 is the button
Seat 1: siuraz83 ($481.91 in chips)
Seat 2: BugerDV ($51.37 in chips)
siuraz83: posts small blind $1
BugerDV: posts big blind $3
*** HOLE CARDS ***
siuraz83: calls $2
BugerDV: raises $3 to $6
siuraz83: calls $3
*** FLOP *** [2c Ah Th]
BugerDV: bets $3
siuraz83: folds
Uncalled bet ($3) returned to BugerDV
BugerDV collected $11.76 from pot
BugerDV: doesn't show hand
*** SUMMARY ***
Total pot $12 | Rake $0.24
Board [2c Ah Th]
Seat 1: siuraz83 (button) (small blind) folded on the Flop
Seat 2: BugerDV (big blind) collected ($11.76)


PokerStars Hand #145112259447:  Hold'em Limit ($3/$6 USD) - 2015/12/10 4:41:59 ET
Table 'Tugela' 2-max Seat #2 is the button
Seat 1: siuraz83 ($493.19 in chips)
Seat 2: BugerDV ($99.13 in chips)
BugerDV: posts small blind $1
siuraz83: posts big blind $3
*** HOLE CARDS ***
BugerDV: raises $3 to $6
siuraz83: folds
Uncalled bet ($3) returned to BugerDV
BugerDV collected $6 from pot
BugerDV: doesn't show hand
*** SUMMARY ***
Total pot $6 | Rake $0
Seat 1: siuraz83 (big blind) folded before Flop
Seat 2: BugerDV (button) (small blind) collected ($6)


PokerStars Hand #145112269054:  Hold'em Limit ($3/$6 USD) - 2015/12/10 4:42:22 ET
Table 'Tugela' 2-max Seat #2 is the button
Seat 1: siuraz83 ($507.69 in chips)
Seat 2: BugerDV ($84.13 in chips)
BugerDV: posts small blind $1
siuraz83: posts big blind $3
*** HOLE CARDS ***
BugerDV: folds
Uncalled bet ($2) returned to siuraz83
siuraz83 collected $2 from pot
siuraz83: doesn't show hand
*** SUMMARY ***
Total pot $2 | Rake $0
Seat 1: siuraz83 (big blind) collected ($2)
Seat 2: BugerDV (button) (small blind) folded before Flop


PokerStars Hand #145112263190:  Hold'em Limit ($3/$6 USD) - 2015/12/10 4:42:07 ET
Table 'Tugela' 2-max Seat #1 is the button
Seat 1: siuraz83 ($490.19 in chips)
Seat 2: BugerDV ($102.13 in chips)
siuraz83: posts small blind $1
BugerDV: posts big blind $3
*** HOLE CARDS ***
siuraz83: raises $3 to $6
BugerDV: calls $3
*** FLOP *** [8s Kh 3d]
BugerDV: checks
siuraz83: checks
*** TURN *** [8s Kh 3d] [2d]
BugerDV: bets $6
siuraz83: calls $6
*** RIVER *** [8s Kh 3d 2d] [Qh]
BugerDV: bets $6
siuraz83: calls $6
*** SHOW DOWN ***
BugerDV: shows [9d 6d] (high card King)
siuraz83: shows [7h Ad] (high card Ace)
siuraz83 collected $35.50 from pot
*** SUMMARY ***
Total pot $36 | Rake $0.50
Board [8s Kh 3d 2d Qh]
Seat 1: siuraz83 (button) (small blind) showed [7h Ad] and won ($35.50) with high card Ace
Seat 2: BugerDV (big blind) showed [9d 6d] and lost with high card King


PokerStars Hand #145112270881:  Hold'em Limit ($3/$6 USD) - 2015/12/10 4:42:27 ET
Table 'Tugela' 2-max Seat #1 is the button
Seat 1: siuraz83 ($508.69 in chips)
Seat 2: BugerDV ($83.13 in chips)
siuraz83: posts small blind $1
BugerDV: posts big blind $3
*** HOLE CARDS ***
siuraz83: calls $2
BugerDV: checks
*** FLOP *** [Td 9s Ac]
BugerDV: checks
siuraz83: bets $3
BugerDV: folds
Uncalled bet ($3) returned to siuraz83
siuraz83 collected $5.88 from pot
siuraz83: doesn't show hand
*** SUMMARY ***
Total pot $6 | Rake $0.12
Board [Td 9s Ac]
Seat 1: siuraz83 (button) (small blind) collected ($5.88)
Seat 2: BugerDV (big blind) folded on the Flop


PokerStars Hand #145112274897:  Hold'em Limit ($3/$6 USD) - 2015/12/10 4:42:37 ET
Table 'Tugela' 2-max Seat #2 is the button
Seat 1: siuraz83 ($511.57 in chips)
Seat 2: BugerDV ($80.13 in chips)
BugerDV: posts small blind $1
siuraz83: posts big blind $3
*** HOLE CARDS ***
BugerDV: raises $3 to $6
siuraz83: raises $3 to $9
BugerDV: calls $3
*** FLOP *** [9h Qc 4d]
siuraz83: checks
BugerDV: checks
*** TURN *** [9h Qc 4d] [Tc]
siuraz83: checks
BugerDV: checks
*** RIVER *** [9h Qc 4d Tc] [7s]
siuraz83: bets $6
BugerDV: folds
Uncalled bet ($6) returned to siuraz83
siuraz83 collected $17.64 from pot
siuraz83: doesn't show hand
*** SUMMARY ***
Total pot $18 | Rake $0.36
Board [9h Qc 4d Tc 7s]
Seat 1: siuraz83 (big blind) collected ($17.64)
Seat 2: BugerDV (button) (small blind) folded on the River


PokerStars Hand #145112281508:  Hold'em Limit ($3/$6 USD) - 2015/12/10 4:42:53 ET
Table 'Tugela' 2-max Seat #1 is the button
Seat 1: siuraz83 ($520.21 in chips)
Seat 2: BugerDV ($71.13 in chips)
siuraz83: posts small blind $1
BugerDV: posts big blind $3
*** HOLE CARDS ***
siuraz83: raises $3 to $6
BugerDV: calls $3
*** FLOP *** [Qc 8c Ah]
BugerDV: checks
siuraz83: checks
*** TURN *** [Qc 8c Ah] [Qh]
BugerDV: checks
siuraz83: bets $6
BugerDV: folds
Uncalled bet ($6) returned to siuraz83
siuraz83 collected $11.76 from pot
siuraz83: doesn't show hand
*** SUMMARY ***
Total pot $12 | Rake $0.24
Board [Qc 8c Ah Qh]
Seat 1: siuraz83 (button) (small blind) collected ($11.76)
Seat 2: BugerDV (big blind) folded on the Turn


PokerStars Hand #145112314391:  Hold'em Limit ($3/$6 USD) - 2015/12/10 4:44:15 ET
Table 'Tugela' 2-max Seat #2 is the button
Seat 1: siuraz83 ($522.47 in chips)
Seat 2: BugerDV ($127.27 in chips)
BugerDV: posts small blind $1
siuraz83: posts big blind $3
*** HOLE CARDS ***
BugerDV: raises $3 to $6
siuraz83: folds
Uncalled bet ($3) returned to BugerDV
BugerDV collected $6 from pot
BugerDV: doesn't show hand
*** SUMMARY ***
Total pot $6 | Rake $0
Seat 1: siuraz83 (big blind) folded before Flop
Seat 2: BugerDV (button) (small blind) collected ($6)


PokerStars Hand #145112312413:  Hold'em Limit ($3/$6 USD) - 2015/12/10 4:44:11 ET
Table 'Tugela' 2-max Seat #1 is the button
Seat 1: siuraz83 ($523.47 in chips)
Seat 2: BugerDV ($126.27 in chips)
siuraz83: posts small blind $1
BugerDV: posts big blind $3
*** HOLE CARDS ***
siuraz83: folds
Uncalled bet ($2) returned to BugerDV
BugerDV collected $2 from pot
BugerDV: doesn't show hand
*** SUMMARY ***
Total pot $2 | Rake $0
Seat 1: siuraz83 (button) (small blind) folded before Flop
Seat 2: BugerDV (big blind) collected ($2)


PokerStars Hand #145112287070:  Hold'em Limit ($3/$6 USD) - 2015/12/10 4:43:07 ET
Table 'Tugela' 2-max Seat #2 is the button
Seat 1: siuraz83 ($525.97 in chips)
Seat 2: BugerDV ($65.13 in chips)
BugerDV: posts small blind $1
siuraz83: posts big blind $3
*** HOLE CARDS ***
BugerDV: raises $3 to $6
siuraz83: raises $3 to $9
BugerDV: calls $3
*** FLOP *** [2s Jh 4s]
siuraz83: bets $3
BugerDV: calls $3
*** TURN *** [2s Jh 4s] [Ks]
siuraz83: bets $6
BugerDV: raises $6 to $12
siuraz83: calls $6
*** RIVER *** [2s Jh 4s Ks] [Kh]
siuraz83: checks
BugerDV: bets $6
siuraz83: calls $6
*** SHOW DOWN ***
BugerDV: shows [9h 6s] (a pair of Kings)
siuraz83: shows [Tc Ts] (two pair, Kings and Tens)
siuraz83 collected $59.50 from pot
*** SUMMARY ***
Total pot $60 | Rake $0.50
Board [2s Jh 4s Ks Kh]
Seat 1: siuraz83 (big blind) showed [Tc Ts] and won ($59.50) with two pair, Kings and Tens
Seat 2: BugerDV (button) (small blind) showed [9h 6s] and lost with a pair of Kings


PokerStars Hand #145112294228:  Hold'em Limit ($3/$6 USD) - 2015/12/10 4:43:25 ET
Table 'Tugela' 2-max Seat #1 is the button
Seat 1: siuraz83 ($555.47 in chips)
Seat 2: BugerDV ($35.13 in chips)
siuraz83: posts small blind $1
BugerDV: posts big blind $3
*** HOLE CARDS ***
siuraz83: calls $2
BugerDV: raises $3 to $6
siuraz83: calls $3
*** FLOP *** [2d Ad 6d]
BugerDV: bets $3
siuraz83: folds
Uncalled bet ($3) returned to BugerDV
BugerDV collected $11.76 from pot
BugerDV: doesn't show hand
*** SUMMARY ***
Total pot $12 | Rake $0.24
Board [2d Ad 6d]
Seat 1: siuraz83 (button) (small blind) folded on the Flop
Seat 2: BugerDV (big blind) collected ($11.76)


PokerStars Hand #145112298416:  Hold'em Limit ($3/$6 USD) - 2015/12/10 4:43:35 ET
Table 'Tugela' 2-max Seat #2 is the button
Seat 1: siuraz83 ($549.47 in chips)
Seat 2: BugerDV ($100.89 in chips)
BugerDV: posts small blind $1
siuraz83: posts big blind $3
*** HOLE CARDS ***
BugerDV: raises $3 to $6
siuraz83: calls $3
*** FLOP *** [6c 7h 4h]
siuraz83: bets $3
BugerDV: raises $3 to $6
siuraz83: calls $3
*** TURN *** [6c 7h 4h] [Th]
siuraz83: checks
BugerDV: bets $6
siuraz83: calls $6
*** RIVER *** [6c 7h 4h Th] [9h]
siuraz83: bets $6
BugerDV: calls $6
*** SHOW DOWN ***
siuraz83: shows [7s Kc] (a pair of Sevens)
BugerDV: shows [Ts 8h] (a flush, Ten high)
BugerDV collected $47.50 from pot
*** SUMMARY ***
Total pot $48 | Rake $0.50
Board [6c 7h 4h Th 9h]
Seat 1: siuraz83 (big blind) showed [7s Kc] and lost with a pair of Sevens
Seat 2: BugerDV (button) (small blind) showed [Ts 8h] and won ($47.50) with a flush, Ten high


PokerStars Hand #145112309871:  Hold'em Limit ($3/$6 USD) - 2015/12/10 4:44:04 ET
Table 'Tugela' 2-max Seat #2 is the button
Seat 1: siuraz83 ($522.47 in chips)
Seat 2: BugerDV ($127.27 in chips)
BugerDV: posts small blind $1
siuraz83: posts big blind $3
*** HOLE CARDS ***
BugerDV: folds
Uncalled bet ($2) returned to siuraz83
siuraz83 collected $2 from pot
siuraz83: doesn't show hand
*** SUMMARY ***
Total pot $2 | Rake $0
Seat 1: siuraz83 (big blind) collected ($2)
Seat 2: BugerDV (button) (small blind) folded before Flop


PokerStars Hand #145112306140:  Hold'em Limit ($3/$6 USD) - 2015/12/10 4:43:55 ET
Table 'Tugela' 2-max Seat #1 is the button
Seat 1: siuraz83 ($525.47 in chips)
Seat 2: BugerDV ($124.39 in chips)
siuraz83: posts small blind $1
BugerDV: posts big blind $3
*** HOLE CARDS ***
siuraz83: calls $2
BugerDV: checks
*** FLOP *** [9c Td 4c]
BugerDV: bets $3
siuraz83: folds
Uncalled bet ($3) returned to BugerDV
BugerDV collected $5.88 from pot
BugerDV: doesn't show hand
*** SUMMARY ***
Total pot $6 | Rake $0.12
Board [9c Td 4c]
Seat 1: siuraz83 (button) (small blind) folded on the Flop
Seat 2: BugerDV (big blind) collected ($5.88)


PokerStars Hand #145112316476:  Hold'em Limit ($3/$6 USD) - 2015/12/10 4:44:21 ET
Table 'Tugela' 2-max Seat #1 is the button
Seat 1: siuraz83 ($519.47 in chips)
Seat 2: BugerDV ($130.27 in chips)
siuraz83: posts small blind $1
BugerDV: posts big blind $3
*** HOLE CARDS ***
siuraz83: raises $3 to $6
BugerDV: folds
Uncalled bet ($3) returned to siuraz83
siuraz83 collected $6 from pot
siuraz83: doesn't show hand
*** SUMMARY ***
Total pot $6 | Rake $0
Seat 1: siuraz83 (button) (small blind) collected ($6)
Seat 2: BugerDV (big blind) folded before Flop


PokerStars Hand #145112318813:  Hold'em Limit ($3/$6 USD) - 2015/12/10 4:44:27 ET
Table 'Tugela' 2-max Seat #2 is the button
Seat 1: siuraz83 ($522.47 in chips)
Seat 2: BugerDV ($127.27 in chips)
BugerDV: posts small blind $1
siuraz83: posts big blind $3
*** HOLE CARDS ***
BugerDV: raises $3 to $6
siuraz83: calls $3
*** FLOP *** [Ah Js Qc]
siuraz83: bets $3
BugerDV: raises $3 to $6
siuraz83: calls $3
*** TURN *** [Ah Js Qc] [9h]
siuraz83: checks
BugerDV: bets $6
siuraz83: calls $6
*** RIVER *** [Ah Js Qc 9h] [5d]
siuraz83: checks
BugerDV: bets $6
siuraz83: folds
Uncalled bet ($6) returned to BugerDV
BugerDV collected $35.50 from pot
BugerDV: doesn't show hand
*** SUMMARY ***
Total pot $36 | Rake $0.50
Board [Ah Js Qc 9h 5d]
Seat 1: siuraz83 (big blind) folded on the River
Seat 2: BugerDV (button) (small blind) collected ($35.50)


PokerStars Hand #145112326220:  Hold'em Limit ($3/$6 USD) - 2015/12/10 4:44:45 ET
Table 'Tugela' 2-max Seat #1 is the button
Seat 1: siuraz83 ($504.47 in chips)
Seat 2: BugerDV ($144.77 in chips)
siuraz83: posts small blind $1
BugerDV: posts big blind $3
*** HOLE CARDS ***
siuraz83: raises $3 to $6
BugerDV: raises $3 to $9
siuraz83: calls $3
*** FLOP *** [Ac 4h 5d]
BugerDV: bets $3
siuraz83: calls $3
*** TURN *** [Ac 4h 5d] [2h]
BugerDV: bets $6
siuraz83: calls $6
*** RIVER *** [Ac 4h 5d 2h] [4d]
BugerDV: bets $6
siuraz83: calls $6
*** SHOW DOWN ***
BugerDV: shows [Ad Tc] (two pair, Aces and Fours)
siuraz83: mucks hand
BugerDV collected $47.50 from pot
*** SUMMARY ***
Total pot $48 | Rake $0.50
Board [Ac 4h 5d 2h 4d]
Seat 1: siuraz83 (button) (small blind) mucked
Seat 2: BugerDV (big blind) showed [Ad Tc] and won ($47.50) with two pair, Aces and Fours


PokerStars Hand #145112332766:  Hold'em Limit ($3/$6 USD) - 2015/12/10 4:45:02 ET
Table 'Tugela' 2-max Seat #2 is the button
Seat 1: siuraz83 ($480.47 in chips)
Seat 2: BugerDV ($168.27 in chips)
BugerDV: posts small blind $1
siuraz83: posts big blind $3
*** HOLE CARDS ***
BugerDV: raises $3 to $6
siuraz83: calls $3
*** FLOP *** [6h 9c Ks]
siuraz83: checks
BugerDV: bets $3
siuraz83: folds
Uncalled bet ($3) returned to BugerDV
BugerDV collected $11.76 from pot
BugerDV: doesn't show hand
*** SUMMARY ***
Total pot $12 | Rake $0.24
Board [6h 9c Ks]
Seat 1: siuraz83 (big blind) folded on the Flop
Seat 2: BugerDV (button) (small blind) collected ($11.76)


PokerStars Hand #145112336879:  Hold'em Limit ($3/$6 USD) - 2015/12/10 4:45:12 ET
Table 'Tugela' 2-max Seat #1 is the button
Seat 1: siuraz83 ($474.47 in chips)
Seat 2: BugerDV ($174.03 in chips)
siuraz83: posts small blind $1
BugerDV: posts big blind $3
*** HOLE CARDS ***
siuraz83: folds
Uncalled bet ($2) returned to BugerDV
BugerDV collected $2 from pot
BugerDV: doesn't show hand
*** SUMMARY ***
Total pot $2 | Rake $0
Seat 1: siuraz83 (button) (small blind) folded before Flop
Seat 2: BugerDV (big blind) collected ($2)


PokerStars Hand #145112341335:  Hold'em Limit ($3/$6 USD) - 2015/12/10 4:45:23 ET
Table 'Tugela' 2-max Seat #1 is the button
Seat 1: siuraz83 ($474.47 in chips)
Seat 2: BugerDV ($174.03 in chips)
siuraz83: posts small blind $1
BugerDV: posts big blind $3
*** HOLE CARDS ***
siuraz83: calls $2
BugerDV: raises $3 to $6
siuraz83: calls $3
*** FLOP *** [9h 6c 7h]
BugerDV: bets $3
siuraz83: folds
Uncalled bet ($3) returned to BugerDV
BugerDV collected $11.76 from pot
BugerDV: doesn't show hand
*** SUMMARY ***
Total pot $12 | Rake $0.24
Board [9h 6c 7h]
Seat 1: siuraz83 (button) (small blind) folded on the Flop
Seat 2: BugerDV (big blind) collected ($11.76)


PokerStars Hand #145112339085:  Hold'em Limit ($3/$6 USD) - 2015/12/10 4:45:18 ET
Table 'Tugela' 2-max Seat #2 is the button
Seat 1: siuraz83 ($473.47 in chips)
Seat 2: BugerDV ($175.03 in chips)
BugerDV: posts small blind $1
siuraz83: posts big blind $3
*** HOLE CARDS ***
BugerDV: folds
Uncalled bet ($2) returned to siuraz83
siuraz83 collected $2 from pot
siuraz83: doesn't show hand
*** SUMMARY ***
Total pot $2 | Rake $0
Seat 1: siuraz83 (big blind) collected ($2)
Seat 2: BugerDV (button) (small blind) folded before Flop


PokerStars Hand #145112345136:  Hold'em Limit ($3/$6 USD) - 2015/12/10 4:45:33 ET
Table 'Tugela' 2-max Seat #2 is the button
Seat 1: siuraz83 ($468.47 in chips)
Seat 2: BugerDV ($179.79 in chips)
BugerDV: posts small blind $1
siuraz83: posts big blind $3
*** HOLE CARDS ***
BugerDV: raises $3 to $6
siuraz83: calls $3
*** FLOP *** [9s Ts 5h]
siuraz83: bets $3
BugerDV: calls $3
*** TURN *** [9s Ts 5h] [Qd]
siuraz83: checks
BugerDV: bets $6
siuraz83: folds
Uncalled bet ($6) returned to BugerDV
BugerDV collected $17.64 from pot
BugerDV: doesn't show hand
*** SUMMARY ***
Total pot $18 | Rake $0.36
Board [9s Ts 5h Qd]
Seat 1: siuraz83 (big blind) folded on the Turn
Seat 2: BugerDV (button) (small blind) collected ($17.64)


PokerStars Hand #145112350361:  Hold'em Limit ($3/$6 USD) - 2015/12/10 4:45:46 ET
Table 'Tugela' 2-max Seat #1 is the button
Seat 1: siuraz83 ($459.47 in chips)
Seat 2: BugerDV ($188.43 in chips)
siuraz83: posts small blind $1
BugerDV: posts big blind $3
*** HOLE CARDS ***
siuraz83: raises $3 to $6
BugerDV: calls $3
*** FLOP *** [2h 9c 5s]
BugerDV: checks
siuraz83: checks
*** TURN *** [2h 9c 5s] [Qd]
BugerDV: checks
siuraz83: checks
*** RIVER *** [2h 9c 5s Qd] [7h]
BugerDV: checks
siuraz83: checks
*** SHOW DOWN ***
BugerDV: shows [Jd 8d] (high card Queen)
siuraz83: shows [Ks 6s] (high card King)
siuraz83 collected $11.76 from pot
*** SUMMARY ***
Total pot $12 | Rake $0.24
Board [2h 9c 5s Qd 7h]
Seat 1: siuraz83 (button) (small blind) showed [Ks 6s] and won ($11.76) with high card King
Seat 2: BugerDV (big blind) showed [Jd 8d] and lost with high card Queen


PokerStars Hand #145112358817:  Hold'em Limit ($3/$6 USD) - 2015/12/10 4:46:07 ET
Table 'Tugela' 2-max Seat #1 is the button
Seat 1: siuraz83 ($466.23 in chips)
Seat 2: BugerDV ($181.43 in chips)
siuraz83: posts small blind $1
BugerDV: posts big blind $3
*** HOLE CARDS ***
siuraz83: folds
Uncalled bet ($2) returned to BugerDV
BugerDV collected $2 from pot
BugerDV: doesn't show hand
*** SUMMARY ***
Total pot $2 | Rake $0
Seat 1: siuraz83 (button) (small blind) folded before Flop
Seat 2: BugerDV (big blind) collected ($2)


PokerStars Hand #145112356999:  Hold'em Limit ($3/$6 USD) - 2015/12/10 4:46:02 ET
Table 'Tugela' 2-max Seat #2 is the button
Seat 1: siuraz83 ($465.23 in chips)
Seat 2: BugerDV ($182.43 in chips)
BugerDV: posts small blind $1
siuraz83: posts big blind $3
*** HOLE CARDS ***
BugerDV: folds
Uncalled bet ($2) returned to siuraz83
siuraz83 collected $2 from pot
siuraz83: doesn't show hand
*** SUMMARY ***
Total pot $2 | Rake $0
Seat 1: siuraz83 (big blind) collected ($2)
Seat 2: BugerDV (button) (small blind) folded before Flop


PokerStars Hand #145112361061:  Hold'em Limit ($3/$6 USD) - 2015/12/10 4:46:12 ET
Table 'Tugela' 2-max Seat #2 is the button
Seat 1: siuraz83 ($465.23 in chips)
Seat 2: BugerDV ($182.43 in chips)
BugerDV: posts small blind $1
siuraz83: posts big blind $3
*** HOLE CARDS ***
BugerDV: raises $3 to $6
siuraz83: folds
Uncalled bet ($3) returned to BugerDV
BugerDV collected $6 from pot
BugerDV: doesn't show hand
*** SUMMARY ***
Total pot $6 | Rake $0
Seat 1: siuraz83 (big blind) folded before Flop
Seat 2: BugerDV (button) (small blind) collected ($6)


PokerStars Hand #145112363094:  Hold'em Limit ($3/$6 USD) - 2015/12/10 4:46:17 ET
Table 'Tugela' 2-max Seat #1 is the button
Seat 1: siuraz83 ($462.23 in chips)
Seat 2: BugerDV ($185.43 in chips)
siuraz83: posts small blind $1
BugerDV: posts big blind $3
*** HOLE CARDS ***
siuraz83: calls $2
BugerDV: checks
*** FLOP *** [Jd 5h 4d]
BugerDV: bets $3
siuraz83: calls $3
*** TURN *** [Jd 5h 4d] [2h]
BugerDV: checks
siuraz83: bets $6
BugerDV: calls $6
*** RIVER *** [Jd 5h 4d 2h] [Ts]
BugerDV: checks
siuraz83: bets $6
BugerDV: calls $6
*** SHOW DOWN ***
siuraz83: shows [Jc 5d] (two pair, Jacks and Fives)
BugerDV: mucks hand
siuraz83 collected $35.50 from pot
*** SUMMARY ***
Total pot $36 | Rake $0.50
Board [Jd 5h 4d 2h Ts]
Seat 1: siuraz83 (button) (small blind) showed [Jc 5d] and won ($35.50) with two pair, Jacks and Fives
Seat 2: BugerDV (big blind) mucked


PokerStars Hand #145112370118:  Hold'em Limit ($3/$6 USD) - 2015/12/10 4:46:35 ET
Table 'Tugela' 2-max Seat #2 is the button
Seat 1: siuraz83 ($479.73 in chips)
Seat 2: BugerDV ($167.43 in chips)
BugerDV: posts small blind $1
siuraz83: posts big blind $3
*** HOLE CARDS ***
BugerDV: raises $3 to $6
siuraz83: calls $3
*** FLOP *** [Kd Ad 3c]
siuraz83: bets $3
BugerDV: raises $3 to $6
siuraz83: calls $3
*** TURN *** [Kd Ad 3c] [Js]
siuraz83: checks
BugerDV: bets $6
siuraz83: calls $6
*** RIVER *** [Kd Ad 3c Js] [Ks]
siuraz83: checks
BugerDV: bets $6
siuraz83: folds
Uncalled bet ($6) returned to BugerDV
BugerDV collected $35.50 from pot
BugerDV: doesn't show hand
*** SUMMARY ***
Total pot $36 | Rake $0.50
Board [Kd Ad 3c Js Ks]
Seat 1: siuraz83 (big blind) folded on the River
Seat 2: BugerDV (button) (small blind) collected ($35.50)


PokerStars Hand #145112377176:  Hold'em Limit ($3/$6 USD) - 2015/12/10 4:46:52 ET
Table 'Tugela' 2-max Seat #1 is the button
Seat 1: siuraz83 ($461.73 in chips)
Seat 2: BugerDV ($184.93 in chips)
siuraz83: posts small blind $1
BugerDV: posts big blind $3
*** HOLE CARDS ***
siuraz83: calls $2
BugerDV: raises $3 to $6
siuraz83: calls $3
*** FLOP *** [8s Qs 9s]
BugerDV: bets $3
siuraz83: raises $3 to $6
BugerDV: calls $3
*** TURN *** [8s Qs 9s] [3c]
BugerDV: bets $6
siuraz83: calls $6
*** RIVER *** [8s Qs 9s 3c] [As]
BugerDV: checks
siuraz83: checks
*** SHOW DOWN ***
BugerDV: shows [8c 7d] (a pair of Eights)
siuraz83: shows [6c 8d] (a pair of Eights)
BugerDV collected $17.75 from pot
siuraz83 collected $17.75 from pot
*** SUMMARY ***
Total pot $36 | Rake $0.50
Board [8s Qs 9s 3c As]
Seat 1: siuraz83 (button) (small blind) showed [6c 8d] and won ($17.75) with a pair of Eights
Seat 2: BugerDV (big blind) showed [8c 7d] and won ($17.75) with a pair of Eights


PokerStars Hand #145112383686:  Hold'em Limit ($3/$6 USD) - 2015/12/10 4:47:08 ET
Table 'Tugela' 2-max Seat #2 is the button
Seat 1: siuraz83 ($461.48 in chips)
Seat 2: BugerDV ($184.68 in chips)
BugerDV: posts small blind $1
siuraz83: posts big blind $3
*** HOLE CARDS ***
BugerDV: folds
Uncalled bet ($2) returned to siuraz83
siuraz83 collected $2 from pot
siuraz83: doesn't show hand
*** SUMMARY ***
Total pot $2 | Rake $0
Seat 1: siuraz83 (big blind) collected ($2)
Seat 2: BugerDV (button) (small blind) folded before Flop


PokerStars Hand #145112385745:  Hold'em Limit ($3/$6 USD) - 2015/12/10 4:47:14 ET
Table 'Tugela' 2-max Seat #1 is the button
Seat 1: siuraz83 ($462.48 in chips)
Seat 2: BugerDV ($183.68 in chips)
siuraz83: posts small blind $1
BugerDV: posts big blind $3
*** HOLE CARDS ***
siuraz83: calls $2
BugerDV: checks
*** FLOP *** [7d Kd Th]
BugerDV: checks
siuraz83: bets $3
BugerDV: folds
Uncalled bet ($3) returned to siuraz83
siuraz83 collected $5.88 from pot
siuraz83: doesn't show hand
*** SUMMARY ***
Total pot $6 | Rake $0.12
Board [7d Kd Th]
Seat 1: siuraz83 (button) (small blind) collected ($5.88)
Seat 2: BugerDV (big blind) folded on the Flop


PokerStars Hand #145112390228:  Hold'em Limit ($3/$6 USD) - 2015/12/10 4:47:25 ET
Table 'Tugela' 2-max Seat #2 is the button
Seat 1: siuraz83 ($465.36 in chips)
Seat 2: BugerDV ($180.68 in chips)
BugerDV: posts small blind $1
siuraz83: posts big blind $3
*** HOLE CARDS ***
BugerDV: raises $3 to $6
siuraz83: calls $3
*** FLOP *** [5h Kd 4c]
siuraz83: checks
BugerDV: bets $3
siuraz83: folds
Uncalled bet ($3) returned to BugerDV
BugerDV collected $11.76 from pot
BugerDV: doesn't show hand
*** SUMMARY ***
Total pot $12 | Rake $0.24
Board [5h Kd 4c]
Seat 1: siuraz83 (big blind) folded on the Flop
Seat 2: BugerDV (button) (small blind) collected ($11.76)


PokerStars Hand #145112394848:  Hold'em Limit ($3/$6 USD) - 2015/12/10 4:47:36 ET
Table 'Tugela' 2-max Seat #1 is the button
Seat 1: siuraz83 ($459.36 in chips)
Seat 2: BugerDV ($186.44 in chips)
siuraz83: posts small blind $1
BugerDV: posts big blind $3
*** HOLE CARDS ***
siuraz83: raises $3 to $6
BugerDV: calls $3
*** FLOP *** [9s Ts Jc]
BugerDV: bets $3
siuraz83: calls $3
*** TURN *** [9s Ts Jc] [9d]
BugerDV: bets $6
siuraz83: calls $6
*** RIVER *** [9s Ts Jc 9d] [Js]
BugerDV: bets $6
siuraz83: calls $6
*** SHOW DOWN ***
BugerDV: shows [6s 9c] (a full house, Nines full of Jacks)
siuraz83: mucks hand
BugerDV collected $41.50 from pot
*** SUMMARY ***
Total pot $42 | Rake $0.50
Board [9s Ts Jc 9d Js]
Seat 1: siuraz83 (button) (small blind) mucked
Seat 2: BugerDV (big blind) showed [6s 9c] and won ($41.50) with a full house, Nines full of Jacks


PokerStars Hand #145112401269:  Hold'em Limit ($3/$6 USD) - 2015/12/10 4:47:52 ET
Table 'Tugela' 2-max Seat #2 is the button
Seat 1: siuraz83 ($438.36 in chips)
Seat 2: BugerDV ($206.94 in chips)
BugerDV: posts small blind $1
siuraz83: posts big blind $3
*** HOLE CARDS ***
BugerDV: folds
Uncalled bet ($2) returned to siuraz83
siuraz83 collected $2 from pot
siuraz83: doesn't show hand
*** SUMMARY ***
Total pot $2 | Rake $0
Seat 1: siuraz83 (big blind) collected ($2)
Seat 2: BugerDV (button) (small blind) folded before Flop


PokerStars Hand #145112403397:  Hold'em Limit ($3/$6 USD) - 2015/12/10 4:47:58 ET
Table 'Tugela' 2-max Seat #1 is the button
Seat 1: siuraz83 ($439.36 in chips)
Seat 2: BugerDV ($205.94 in chips)
siuraz83: posts small blind $1
BugerDV: posts big blind $3
*** HOLE CARDS ***
siuraz83: raises $3 to $6
BugerDV: raises $3 to $9
siuraz83: calls $3
*** FLOP *** [Qs 4d Jh]
BugerDV: bets $3
siuraz83: raises $3 to $6
BugerDV: raises $3 to $9
siuraz83: calls $3
*** TURN *** [Qs 4d Jh] [7h]
BugerDV: bets $6
siuraz83: calls $6
*** RIVER *** [Qs 4d Jh 7h] [7c]
BugerDV: checks
siuraz83: bets $6
BugerDV: raises $6 to $12
siuraz83: calls $6
*** SHOW DOWN ***
BugerDV: shows [Ks Qh] (two pair, Queens and Sevens)
siuraz83: shows [Qd Js] (two pair, Queens and Jacks)
siuraz83 collected $71.50 from pot
*** SUMMARY ***
Total pot $72 | Rake $0.50
Board [Qs 4d Jh 7h 7c]
Seat 1: siuraz83 (button) (small blind) showed [Qd Js] and won ($71.50) with two pair, Queens and Jacks
Seat 2: BugerDV (big blind) showed [Ks Qh] and lost with two pair, Queens and Sevens


PokerStars Hand #145112412265:  Hold'em Limit ($3/$6 USD) - 2015/12/10 4:48:20 ET
Table 'Tugela' 2-max Seat #2 is the button
Seat 1: siuraz83 ($474.86 in chips)
Seat 2: BugerDV ($169.94 in chips)
BugerDV: posts small blind $1
siuraz83: posts big blind $3
*** HOLE CARDS ***
BugerDV: raises $3 to $6
siuraz83: calls $3
*** FLOP *** [2d 5d 4s]
siuraz83: bets $3
BugerDV: calls $3
*** TURN *** [2d 5d 4s] [Kc]
siuraz83: bets $6
BugerDV: raises $6 to $12
siuraz83: calls $6
*** RIVER *** [2d 5d 4s Kc] [Ac]
siuraz83: checks
BugerDV: bets $6
siuraz83: calls $6
*** SHOW DOWN ***
BugerDV: shows [Jc Kd] (a pair of Kings)
siuraz83: mucks hand
BugerDV collected $53.50 from pot
*** SUMMARY ***
Total pot $54 | Rake $0.50
Board [2d 5d 4s Kc Ac]
Seat 1: siuraz83 (big blind) mucked
Seat 2: BugerDV (button) (small blind) showed [Jc Kd] and won ($53.50) with a pair of Kings


PokerStars Hand #145112419912:  Hold'em Limit ($3/$6 USD) - 2015/12/10 4:48:39 ET
Table 'Tugela' 2-max Seat #1 is the button
Seat 1: siuraz83 ($447.86 in chips)
Seat 2: BugerDV ($196.44 in chips)
siuraz83: posts small blind $1
BugerDV: posts big blind $3
*** HOLE CARDS ***
siuraz83: calls $2
BugerDV: raises $3 to $6
siuraz83: calls $3
*** FLOP *** [9c 9s 6s]
BugerDV: bets $3
siuraz83: calls $3
*** TURN *** [9c 9s 6s] [7s]
BugerDV: bets $6
siuraz83: raises $6 to $12
BugerDV: calls $6
*** RIVER *** [9c 9s 6s 7s] [9d]
BugerDV: checks
siuraz83: bets $6
BugerDV: calls $6
*** SHOW DOWN ***
siuraz83: shows [Qs 9h] (four of a kind, Nines)
BugerDV: mucks hand
siuraz83 collected $53.50 from pot
*** SUMMARY ***
Total pot $54 | Rake $0.50
Board [9c 9s 6s 7s 9d]
Seat 1: siuraz83 (button) (small blind) showed [Qs 9h] and won ($53.50) with four of a kind, Nines
Seat 2: BugerDV (big blind) mucked


PokerStars Hand #145112427594:  Hold'em Limit ($3/$6 USD) - 2015/12/10 4:48:58 ET
Table 'Tugela' 2-max Seat #2 is the button
Seat 1: siuraz83 ($474.36 in chips)
Seat 2: BugerDV ($169.44 in chips)
BugerDV: posts small blind $1
siuraz83: posts big blind $3
*** HOLE CARDS ***
BugerDV: raises $3 to $6
siuraz83: calls $3
*** FLOP *** [Kh 4s 6d]
siuraz83: checks
BugerDV: bets $3
siuraz83: folds
Uncalled bet ($3) returned to BugerDV
BugerDV collected $11.76 from pot
BugerDV: doesn't show hand
*** SUMMARY ***
Total pot $12 | Rake $0.24
Board [Kh 4s 6d]
Seat 1: siuraz83 (big blind) folded on the Flop
Seat 2: BugerDV (button) (small blind) collected ($11.76)


PokerStars Hand #145112431526:  Hold'em Limit ($3/$6 USD) - 2015/12/10 4:49:07 ET
Table 'Tugela' 2-max Seat #1 is the button
Seat 1: siuraz83 ($468.36 in chips)
Seat 2: BugerDV ($175.20 in chips)
siuraz83: posts small blind $1
BugerDV: posts big blind $3
*** HOLE CARDS ***
siuraz83: calls $2
BugerDV: raises $3 to $6
siuraz83: calls $3
*** FLOP *** [7c Ad 9d]
BugerDV: bets $3
siuraz83: folds
Uncalled bet ($3) returned to BugerDV
BugerDV collected $11.76 from pot
BugerDV: doesn't show hand
*** SUMMARY ***
Total pot $12 | Rake $0.24
Board [7c Ad 9d]
Seat 1: siuraz83 (button) (small blind) folded on the Flop
Seat 2: BugerDV (big blind) collected ($11.76)


PokerStars Hand #145112441424:  Hold'em Limit ($3/$6 USD) - 2015/12/10 4:49:32 ET
Table 'Tugela' 2-max Seat #1 is the button
Seat 1: siuraz83 ($473.88 in chips)
Seat 2: BugerDV ($168.96 in chips)
siuraz83: posts small blind $1
BugerDV: posts big blind $3
*** HOLE CARDS ***
siuraz83: calls $2
BugerDV: checks
*** FLOP *** [As 4c 7d]
BugerDV: checks
siuraz83: bets $3
BugerDV: raises $3 to $6
siuraz83: calls $3
*** TURN *** [As 4c 7d] [9d]
BugerDV: bets $6
siuraz83: calls $6
*** RIVER *** [As 4c 7d 9d] [Kc]
BugerDV: bets $6
siuraz83: calls $6
*** SHOW DOWN ***
BugerDV: shows [Js 7c] (a pair of Sevens)
siuraz83: mucks hand
BugerDV collected $41.50 from pot
*** SUMMARY ***
Total pot $42 | Rake $0.50
Board [As 4c 7d 9d Kc]
Seat 1: siuraz83 (button) (small blind) mucked
Seat 2: BugerDV (big blind) showed [Js 7c] and won ($41.50) with a pair of Sevens


PokerStars Hand #145112450842:  Hold'em Limit ($3/$6 USD) - 2015/12/10 4:49:54 ET
Table 'Tugela' 2-max Seat #1 is the button
Seat 1: siuraz83 ($449.88 in chips)
Seat 2: BugerDV ($192.46 in chips)
siuraz83: posts small blind $1
BugerDV: posts big blind $3
*** HOLE CARDS ***
siuraz83: folds
Uncalled bet ($2) returned to BugerDV
BugerDV collected $2 from pot
BugerDV: doesn't show hand
*** SUMMARY ***
Total pot $2 | Rake $0
Seat 1: siuraz83 (button) (small blind) folded before Flop
Seat 2: BugerDV (big blind) collected ($2)


PokerStars Hand #145112448488:  Hold'em Limit ($3/$6 USD) - 2015/12/10 4:49:49 ET
Table 'Tugela' 2-max Seat #2 is the button
Seat 1: siuraz83 ($452.88 in chips)
Seat 2: BugerDV ($189.46 in chips)
BugerDV: posts small blind $1
siuraz83: posts big blind $3
*** HOLE CARDS ***
BugerDV: raises $3 to $6
siuraz83: folds
Uncalled bet ($3) returned to BugerDV
BugerDV collected $6 from pot
BugerDV: doesn't show hand
*** SUMMARY ***
Total pot $6 | Rake $0
Seat 1: siuraz83 (big blind) folded before Flop
Seat 2: BugerDV (button) (small blind) collected ($6)


PokerStars Hand #145112459072:  Hold'em Limit ($3/$6 USD) - 2015/12/10 4:50:15 ET
Table 'Tugela' 2-max Seat #1 is the button
Seat 1: siuraz83 ($472.38 in chips)
Seat 2: BugerDV ($169.46 in chips)
siuraz83: posts small blind $1
BugerDV: posts big blind $3
*** HOLE CARDS ***
siuraz83: folds
Uncalled bet ($2) returned to BugerDV
BugerDV collected $2 from pot
BugerDV: doesn't show hand
*** SUMMARY ***
Total pot $2 | Rake $0
Seat 1: siuraz83 (button) (small blind) folded before Flop
Seat 2: BugerDV (big blind) collected ($2)


PokerStars Hand #145112452889:  Hold'em Limit ($3/$6 USD) - 2015/12/10 4:50:00 ET
Table 'Tugela' 2-max Seat #2 is the button
Seat 1: siuraz83 ($448.88 in chips)
Seat 2: BugerDV ($193.46 in chips)
BugerDV: posts small blind $1
siuraz83: posts big blind $3
*** HOLE CARDS ***
BugerDV: raises $3 to $6
siuraz83: calls $3
*** FLOP *** [Jc Kd Ad]
siuraz83: bets $3
BugerDV: raises $3 to $6
siuraz83: calls $3
*** TURN *** [Jc Kd Ad] [Qs]
siuraz83: bets $6
BugerDV: calls $6
*** RIVER *** [Jc Kd Ad Qs] [Qc]
siuraz83: bets $6
BugerDV: calls $6
*** SHOW DOWN ***
siuraz83: shows [Qh 9c] (three of a kind, Queens)
BugerDV: mucks hand
siuraz83 collected $47.50 from pot
*** SUMMARY ***
Total pot $48 | Rake $0.50
Board [Jc Kd Ad Qs Qc]
Seat 1: siuraz83 (big blind) showed [Qh 9c] and won ($47.50) with three of a kind, Queens
Seat 2: BugerDV (button) (small blind) mucked


PokerStars Hand #145112435725:  Hold'em Limit ($3/$6 USD) - 2015/12/10 4:49:17 ET
Table 'Tugela' 2-max Seat #2 is the button
Seat 1: siuraz83 ($462.36 in chips)
Seat 2: BugerDV ($180.96 in chips)
BugerDV: posts small blind $1
siuraz83: posts big blind $3
*** HOLE CARDS ***
BugerDV: raises $3 to $6
siuraz83: raises $3 to $9
BugerDV: calls $3
*** FLOP *** [Qh 3c Kd]
siuraz83: bets $3
BugerDV: calls $3
*** TURN *** [Qh 3c Kd] [9h]
siuraz83: bets $6
BugerDV: folds
Uncalled bet ($6) returned to siuraz83
siuraz83 collected $23.52 from pot
siuraz83: doesn't show hand
*** SUMMARY ***
Total pot $24 | Rake $0.48
Board [Qh 3c Kd 9h]
Seat 1: siuraz83 (big blind) collected ($23.52)
Seat 2: BugerDV (button) (small blind) folded on the Turn


PokerStars Hand #145112477339:  Hold'em Limit ($3/$6 USD) - 2015/12/10 4:51:01 ET
Table 'Tugela' 2-max Seat #2 is the button
Seat 1: siuraz83 ($450.02 in chips)
Seat 2: BugerDV ($190.96 in chips)
BugerDV: posts small blind $1
siuraz83: posts big blind $3
*** HOLE CARDS ***
BugerDV: raises $3 to $6
siuraz83: calls $3
*** FLOP *** [Jh 5h 3c]
siuraz83: bets $3
BugerDV: calls $3
*** TURN *** [Jh 5h 3c] [9c]
siuraz83: checks
BugerDV: checks
*** RIVER *** [Jh 5h 3c 9c] [6c]
siuraz83: bets $6
BugerDV: calls $6
*** SHOW DOWN ***
siuraz83: shows [Th 4h] (high card Jack)
BugerDV: shows [Ks As] (high card Ace)
BugerDV collected $29.50 from pot
*** SUMMARY ***
Total pot $30 | Rake $0.50
Board [Jh 5h 3c 9c 6c]
Seat 1: siuraz83 (big blind) showed [Th 4h] and lost with high card Jack
Seat 2: BugerDV (button) (small blind) showed [Ks As] and won ($29.50) with high card Ace


PokerStars Hand #145112469392:  Hold'em Limit ($3/$6 USD) - 2015/12/10 4:50:41 ET
Table 'Tugela' 2-max Seat #2 is the button
Seat 1: siuraz83 ($444.38 in chips)
Seat 2: BugerDV ($196.96 in chips)
BugerDV: posts small blind $1
siuraz83: posts big blind $3
*** HOLE CARDS ***
BugerDV: raises $3 to $6
siuraz83: folds
Uncalled bet ($3) returned to BugerDV
BugerDV collected $6 from pot
BugerDV: doesn't show hand
*** SUMMARY ***
Total pot $6 | Rake $0
Seat 1: siuraz83 (big blind) folded before Flop
Seat 2: BugerDV (button) (small blind) collected ($6)


PokerStars Hand #145112461009:  Hold'em Limit ($3/$6 USD) - 2015/12/10 4:50:20 ET
Table 'Tugela' 2-max Seat #2 is the button
Seat 1: siuraz83 ($471.38 in chips)
Seat 2: BugerDV ($170.46 in chips)
BugerDV: posts small blind $1
siuraz83: posts big blind $3
*** HOLE CARDS ***
BugerDV: raises $3 to $6
siuraz83: folds
Uncalled bet ($3) returned to BugerDV
BugerDV collected $6 from pot
BugerDV: doesn't show hand
*** SUMMARY ***
Total pot $6 | Rake $0
Seat 1: siuraz83 (big blind) folded before Flop
Seat 2: BugerDV (button) (small blind) collected ($6)


PokerStars Hand #145112462967:  Hold'em Limit ($3/$6 USD) - 2015/12/10 4:50:25 ET
Table 'Tugela' 2-max Seat #1 is the button
Seat 1: siuraz83 ($468.38 in chips)
Seat 2: BugerDV ($173.46 in chips)
siuraz83: posts small blind $1
BugerDV: posts big blind $3
*** HOLE CARDS ***
siuraz83: raises $3 to $6
BugerDV: calls $3
*** FLOP *** [7s Ks 8c]
BugerDV: checks
siuraz83: bets $3
BugerDV: raises $3 to $6
siuraz83: calls $3
*** TURN *** [7s Ks 8c] [2h]
BugerDV: bets $6
siuraz83: calls $6
*** RIVER *** [7s Ks 8c 2h] [6d]
BugerDV: bets $6
siuraz83: calls $6
*** SHOW DOWN ***
BugerDV: shows [2d 8d] (two pair, Eights and Deuces)
siuraz83: mucks hand
BugerDV collected $47.50 from pot
*** SUMMARY ***
Total pot $48 | Rake $0.50
Board [7s Ks 8c 2h 6d]
Seat 1: siuraz83 (button) (small blind) mucked
Seat 2: BugerDV (big blind) showed [2d 8d] and won ($47.50) with two pair, Eights and Deuces


PokerStars Hand #145112472024:  Hold'em Limit ($3/$6 USD) - 2015/12/10 4:50:47 ET
Table 'Tugela' 2-max Seat #1 is the button
Seat 1: siuraz83 ($441.38 in chips)
Seat 2: BugerDV ($199.96 in chips)
siuraz83: posts small blind $1
BugerDV: posts big blind $3
*** HOLE CARDS ***
siuraz83: raises $3 to $6
BugerDV: calls $3
*** FLOP *** [Js 6c 2c]
BugerDV: checks
siuraz83: bets $3
BugerDV: calls $3
*** TURN *** [Js 6c 2c] [3s]
BugerDV: checks
siuraz83: bets $6
BugerDV: folds
Uncalled bet ($6) returned to siuraz83
siuraz83 collected $17.64 from pot
siuraz83: doesn't show hand
*** SUMMARY ***
Total pot $18 | Rake $0.36
Board [Js 6c 2c 3s]
Seat 1: siuraz83 (button) (small blind) collected ($17.64)
Seat 2: BugerDV (big blind) folded on the Turn


PokerStars Hand #145112499336:  Hold'em Limit ($3/$6 USD) - 2015/12/10 4:51:55 ET
Table 'Tugela' 2-max Seat #2 is the button
Seat 1: siuraz83 ($416.77 in chips)
Seat 2: BugerDV ($222.71 in chips)
BugerDV: posts small blind $1
siuraz83: posts big blind $3
*** HOLE CARDS ***
BugerDV: raises $3 to $6
siuraz83: raises $3 to $9
BugerDV: calls $3
*** FLOP *** [Ts 4s Qh]
siuraz83: bets $3
BugerDV: folds
Uncalled bet ($3) returned to siuraz83
siuraz83 collected $17.64 from pot
siuraz83: doesn't show hand
*** SUMMARY ***
Total pot $18 | Rake $0.36
Board [Ts 4s Qh]
Seat 1: siuraz83 (big blind) collected ($17.64)
Seat 2: BugerDV (button) (small blind) folded on the Flop


PokerStars Hand #145112496912:  Hold'em Limit ($3/$6 USD) - 2015/12/10 4:51:49 ET
Table 'Tugela' 2-max Seat #1 is the button
Seat 1: siuraz83 ($413.77 in chips)
Seat 2: BugerDV ($225.71 in chips)
siuraz83: posts small blind $1
BugerDV: posts big blind $3
*** HOLE CARDS ***
siuraz83: raises $3 to $6
BugerDV: folds
Uncalled bet ($3) returned to siuraz83
siuraz83 collected $6 from pot
siuraz83: doesn't show hand
*** SUMMARY ***
Total pot $6 | Rake $0
Seat 1: siuraz83 (button) (small blind) collected ($6)
Seat 2: BugerDV (big blind) folded before Flop


PokerStars Hand #145112503179:  Hold'em Limit ($3/$6 USD) - 2015/12/10 4:52:05 ET
Table 'Tugela' 2-max Seat #1 is the button
Seat 1: siuraz83 ($425.41 in chips)
Seat 2: BugerDV ($213.71 in chips)
siuraz83: posts small blind $1
BugerDV: posts big blind $3
*** HOLE CARDS ***
siuraz83: folds
Uncalled bet ($2) returned to BugerDV
BugerDV collected $2 from pot
BugerDV: doesn't show hand
*** SUMMARY ***
Total pot $2 | Rake $0
Seat 1: siuraz83 (button) (small blind) folded before Flop
Seat 2: BugerDV (big blind) collected ($2)


PokerStars Hand #145112482932:  Hold'em Limit ($3/$6 USD) - 2015/12/10 4:51:14 ET
Table 'Tugela' 2-max Seat #1 is the button
Seat 1: siuraz83 ($435.02 in chips)
Seat 2: BugerDV ($205.46 in chips)
siuraz83: posts small blind $1
BugerDV: posts big blind $3
*** HOLE CARDS ***
siuraz83: calls $2
BugerDV: checks
*** FLOP *** [2c 2d 7c]
BugerDV: bets $3
siuraz83: calls $3
*** TURN *** [2c 2d 7c] [As]
BugerDV: bets $6
siuraz83: calls $6
*** RIVER *** [2c 2d 7c As] [7h]
BugerDV: bets $6
siuraz83: raises $6 to $12
BugerDV: raises $6 to $18
siuraz83: calls $6
*** SHOW DOWN ***
BugerDV: shows [7s 5c] (a full house, Sevens full of Deuces)
siuraz83: shows [Js 7d] (a full house, Sevens full of Deuces)
BugerDV collected $29.75 from pot
siuraz83 collected $29.75 from pot
*** SUMMARY ***
Total pot $60 | Rake $0.50
Board [2c 2d 7c As 7h]
Seat 1: siuraz83 (button) (small blind) showed [Js 7d] and won ($29.75) with a full house, Sevens full of Deuces
Seat 2: BugerDV (big blind) showed [7s 5c] and won ($29.75) with a full house, Sevens full of Deuces


PokerStars Hand #145112489932:  Hold'em Limit ($3/$6 USD) - 2015/12/10 4:51:32 ET
Table 'Tugela' 2-max Seat #2 is the button
Seat 1: siuraz83 ($434.77 in chips)
Seat 2: BugerDV ($205.21 in chips)
BugerDV: posts small blind $1
siuraz83: posts big blind $3
*** HOLE CARDS ***
BugerDV: raises $3 to $6
siuraz83: calls $3
*** FLOP *** [6h 7s 6d]
siuraz83: checks
BugerDV: bets $3
siuraz83: calls $3
*** TURN *** [6h 7s 6d] [Js]
siuraz83: checks
BugerDV: checks
*** RIVER *** [6h 7s 6d Js] [8s]
siuraz83: bets $6
BugerDV: raises $6 to $12
siuraz83: calls $6
*** SHOW DOWN ***
BugerDV: shows [Ac 8d] (two pair, Eights and Sixes)
siuraz83: mucks hand
BugerDV collected $41.50 from pot
*** SUMMARY ***
Total pot $42 | Rake $0.50
Board [6h 7s 6d Js 8s]
Seat 1: siuraz83 (big blind) mucked
Seat 2: BugerDV (button) (small blind) showed [Ac 8d] and won ($41.50) with two pair, Eights and Sixes


PokerStars Hand #145112518028:  Hold'em Limit ($3/$6 USD) - 2015/12/10 4:52:41 ET
Table 'Tugela' 2-max Seat #2 is the button
Seat 1: siuraz83 ($412.17 in chips)
Seat 2: BugerDV ($226.21 in chips)
BugerDV: posts small blind $1
siuraz83: posts big blind $3
*** HOLE CARDS ***
BugerDV: raises $3 to $6
siuraz83: calls $3
*** FLOP *** [Qc 9d Qd]
siuraz83: checks
BugerDV: bets $3
siuraz83: calls $3
*** TURN *** [Qc 9d Qd] [7h]
siuraz83: checks
BugerDV: checks
*** RIVER *** [Qc 9d Qd 7h] [Tc]
siuraz83: bets $6
BugerDV: folds
Uncalled bet ($6) returned to siuraz83
siuraz83 collected $17.64 from pot
siuraz83: doesn't show hand
*** SUMMARY ***
Total pot $18 | Rake $0.36
Board [Qc 9d Qd 7h Tc]
Seat 1: siuraz83 (big blind) collected ($17.64)
Seat 2: BugerDV (button) (small blind) folded on the River


PokerStars Hand #145112524879:  Hold'em Limit ($3/$6 USD) - 2015/12/10 4:52:58 ET
Table 'Tugela' 2-max Seat #1 is the button
Seat 1: siuraz83 ($420.81 in chips)
Seat 2: BugerDV ($217.21 in chips)
siuraz83: posts small blind $1
BugerDV: posts big blind $3
*** HOLE CARDS ***
siuraz83: calls $2
BugerDV: raises $3 to $6
siuraz83: calls $3
*** FLOP *** [4c Ah 5h]
BugerDV: bets $3
siuraz83: raises $3 to $6
BugerDV: calls $3
*** TURN *** [4c Ah 5h] [Th]
BugerDV: checks
siuraz83: bets $6
BugerDV: folds
Uncalled bet ($6) returned to siuraz83
siuraz83 collected $23.52 from pot
siuraz83: doesn't show hand
*** SUMMARY ***
Total pot $24 | Rake $0.48
Board [4c Ah 5h Th]
Seat 1: siuraz83 (button) (small blind) collected ($23.52)
Seat 2: BugerDV (big blind) folded on the Turn


PokerStars Hand #145112505094:  Hold'em Limit ($3/$6 USD) - 2015/12/10 4:52:09 ET
Table 'Tugela' 2-max Seat #2 is the button
Seat 1: siuraz83 ($424.41 in chips)
Seat 2: BugerDV ($214.71 in chips)
BugerDV: posts small blind $1
siuraz83: posts big blind $3
*** HOLE CARDS ***
BugerDV: calls $2
siuraz83: checks
*** FLOP *** [4s 9s 9h]
siuraz83: checks
BugerDV: bets $3
siuraz83: calls $3
*** TURN *** [4s 9s 9h] [Kd]
siuraz83: bets $6
BugerDV: calls $6
*** RIVER *** [4s 9s 9h Kd] [Js]
siuraz83: checks
BugerDV: bets $6
siuraz83: calls $6
*** SHOW DOWN ***
BugerDV: shows [7c 4d] (two pair, Nines and Fours)
siuraz83: mucks hand
BugerDV collected $35.50 from pot
*** SUMMARY ***
Total pot $36 | Rake $0.50
Board [4s 9s 9h Kd Js]
Seat 1: siuraz83 (big blind) mucked
Seat 2: BugerDV (button) (small blind) showed [7c 4d] and won ($35.50) with two pair, Nines and Fours


PokerStars Hand #145112512327:  Hold'em Limit ($3/$6 USD) - 2015/12/10 4:52:27 ET
Table 'Tugela' 2-max Seat #1 is the button
Seat 1: siuraz83 ($406.41 in chips)
Seat 2: BugerDV ($232.21 in chips)
siuraz83: posts small blind $1
BugerDV: posts big blind $3
*** HOLE CARDS ***
siuraz83: raises $3 to $6
BugerDV: calls $3
*** FLOP *** [8h 8s Jh]
BugerDV: checks
siuraz83: checks
*** TURN *** [8h 8s Jh] [Ah]
BugerDV: checks
siuraz83: checks
*** RIVER *** [8h 8s Jh Ah] [4h]
BugerDV: checks
siuraz83: bets $6
BugerDV: folds
Uncalled bet ($6) returned to siuraz83
siuraz83 collected $11.76 from pot
siuraz83: doesn't show hand
*** SUMMARY ***
Total pot $12 | Rake $0.24
Board [8h 8s Jh Ah 4h]
Seat 1: siuraz83 (button) (small blind) collected ($11.76)
Seat 2: BugerDV (big blind) folded on the River


PokerStars Hand #145112539369:  Hold'em Limit ($3/$6 USD) - 2015/12/10 4:53:34 ET
Table 'Tugela' 2-max Seat #2 is the button
Seat 1: siuraz83 ($426.33 in chips)
Seat 2: BugerDV ($210.85 in chips)
BugerDV: posts small blind $1
siuraz83: posts big blind $3
*** HOLE CARDS ***
BugerDV: raises $3 to $6
siuraz83: calls $3
*** FLOP *** [7d 4h 5s]
siuraz83: checks
BugerDV: bets $3
siuraz83: calls $3
*** TURN *** [7d 4h 5s] [Tc]
siuraz83: checks
BugerDV: bets $6
siuraz83: folds
Uncalled bet ($6) returned to BugerDV
BugerDV collected $17.64 from pot
BugerDV: doesn't show hand
*** SUMMARY ***
Total pot $18 | Rake $0.36
Board [7d 4h 5s Tc]
Seat 1: siuraz83 (big blind) folded on the Turn
Seat 2: BugerDV (button) (small blind) collected ($17.64)


PokerStars Hand #145112546006:  Hold'em Limit ($3/$6 USD) - 2015/12/10 4:53:51 ET
Table 'Tugela' 2-max Seat #1 is the button
Seat 1: siuraz83 ($417.33 in chips)
Seat 2: BugerDV ($219.49 in chips)
siuraz83: posts small blind $1
BugerDV: posts big blind $3
*** HOLE CARDS ***
siuraz83: calls $2
BugerDV: raises $3 to $6
siuraz83: raises $3 to $9
BugerDV: calls $3
*** FLOP *** [5c 4s Jc]
BugerDV: checks
siuraz83: checks
*** TURN *** [5c 4s Jc] [8d]
BugerDV: checks
siuraz83: bets $6
BugerDV: calls $6
*** RIVER *** [5c 4s Jc 8d] [4h]
BugerDV: checks
siuraz83: bets $6
BugerDV: calls $6
*** SHOW DOWN ***
siuraz83: shows [Jd Js] (a full house, Jacks full of Fours)
BugerDV: mucks hand
siuraz83 collected $41.50 from pot
*** SUMMARY ***
Total pot $42 | Rake $0.50
Board [5c 4s Jc 8d 4h]
Seat 1: siuraz83 (button) (small blind) showed [Jd Js] and won ($41.50) with a full house, Jacks full of Fours
Seat 2: BugerDV (big blind) mucked


PokerStars Hand #145112537154:  Hold'em Limit ($3/$6 USD) - 2015/12/10 4:53:29 ET
Table 'Tugela' 2-max Seat #1 is the button
Seat 1: siuraz83 ($423.33 in chips)
Seat 2: BugerDV ($213.85 in chips)
siuraz83: posts small blind $1
BugerDV: posts big blind $3
*** HOLE CARDS ***
siuraz83: raises $3 to $6
BugerDV: folds
Uncalled bet ($3) returned to siuraz83
siuraz83 collected $6 from pot
siuraz83: doesn't show hand
*** SUMMARY ***
Total pot $6 | Rake $0
Seat 1: siuraz83 (button) (small blind) collected ($6)
Seat 2: BugerDV (big blind) folded before Flop


PokerStars Hand #145112530878:  Hold'em Limit ($3/$6 USD) - 2015/12/10 4:53:13 ET
Table 'Tugela' 2-max Seat #2 is the button
Seat 1: siuraz83 ($432.33 in chips)
Seat 2: BugerDV ($205.21 in chips)
BugerDV: posts small blind $1
siuraz83: posts big blind $3
*** HOLE CARDS ***
BugerDV: raises $3 to $6
siuraz83: calls $3
*** FLOP *** [5h Js 3h]
siuraz83: checks
BugerDV: bets $3
siuraz83: calls $3
*** TURN *** [5h Js 3h] [3s]
siuraz83: checks
BugerDV: checks
*** RIVER *** [5h Js 3h 3s] [5c]
siuraz83: checks
BugerDV: checks
*** SHOW DOWN ***
siuraz83: shows [9s 8h] (two pair, Fives and Threes)
BugerDV: shows [4d Qd] (two pair, Fives and Threes - Queen kicker)
BugerDV collected $17.64 from pot
*** SUMMARY ***
Total pot $18 | Rake $0.36
Board [5h Js 3h 3s 5c]
Seat 1: siuraz83 (big blind) showed [9s 8h] and lost with two pair, Fives and Threes
Seat 2: BugerDV (button) (small blind) showed [4d Qd] and won ($17.64) with two pair, Fives and Threes


PokerStars Hand #145112560394:  Hold'em Limit ($3/$6 USD) - 2015/12/10 4:54:27 ET
Table 'Tugela' 2-max Seat #1 is the button
Seat 1: siuraz83 ($458.33 in chips)
Seat 2: BugerDV ($177.49 in chips)
siuraz83: posts small blind $1
BugerDV: posts big blind $3
*** HOLE CARDS ***
siuraz83: raises $3 to $6
BugerDV: calls $3
*** FLOP *** [Jc 5c Tc]
BugerDV: bets $3
siuraz83: calls $3
*** TURN *** [Jc 5c Tc] [4s]
BugerDV: bets $6
siuraz83: calls $6
*** RIVER *** [Jc 5c Tc 4s] [2c]
BugerDV: bets $6
siuraz83: folds
Uncalled bet ($6) returned to BugerDV
BugerDV collected $29.50 from pot
BugerDV: doesn't show hand
*** SUMMARY ***
Total pot $30 | Rake $0.50
Board [Jc 5c Tc 4s 2c]
Seat 1: siuraz83 (button) (small blind) folded on the River
Seat 2: BugerDV (big blind) collected ($29.50)


PokerStars Hand #145112567788:  Hold'em Limit ($3/$6 USD) - 2015/12/10 4:54:45 ET
Table 'Tugela' 2-max Seat #2 is the button
Seat 1: siuraz83 ($443.33 in chips)
Seat 2: BugerDV ($191.99 in chips)
BugerDV: posts small blind $1
siuraz83: posts big blind $3
*** HOLE CARDS ***
BugerDV: raises $3 to $6
siuraz83: calls $3
*** FLOP *** [8h Kd Ts]
siuraz83: checks
BugerDV: bets $3
siuraz83: calls $3
*** TURN *** [8h Kd Ts] [Ad]
siuraz83: checks
BugerDV: checks
*** RIVER *** [8h Kd Ts Ad] [Kh]
siuraz83: bets $6
BugerDV: calls $6
*** SHOW DOWN ***
siuraz83: shows [Ac 3d] (two pair, Aces and Kings)
BugerDV: mucks hand
siuraz83 collected $29.50 from pot
*** SUMMARY ***
Total pot $30 | Rake $0.50
Board [8h Kd Ts Ad Kh]
Seat 1: siuraz83 (big blind) showed [Ac 3d] and won ($29.50) with two pair, Aces and Kings
Seat 2: BugerDV (button) (small blind) mucked


PokerStars Hand #145112553879:  Hold'em Limit ($3/$6 USD) - 2015/12/10 4:54:10 ET
Table 'Tugela' 2-max Seat #2 is the button
Seat 1: siuraz83 ($437.83 in chips)
Seat 2: BugerDV ($198.49 in chips)
BugerDV: posts small blind $1
siuraz83: posts big blind $3
*** HOLE CARDS ***
BugerDV: raises $3 to $6
siuraz83: calls $3
*** FLOP *** [3c 6s Qc]
siuraz83: checks
BugerDV: bets $3
siuraz83: calls $3
*** TURN *** [3c 6s Qc] [Qh]
siuraz83: checks
BugerDV: bets $6
siuraz83: calls $6
*** RIVER *** [3c 6s Qc Qh] [8c]
siuraz83: checks
BugerDV: bets $6
siuraz83: calls $6
*** SHOW DOWN ***
BugerDV: shows [9h Tc] (a pair of Queens)
siuraz83: shows [Kh 4h] (a pair of Queens - King kicker)
siuraz83 collected $41.50 from pot
*** SUMMARY ***
Total pot $42 | Rake $0.50
Board [3c 6s Qc Qh 8c]
Seat 1: siuraz83 (big blind) showed [Kh 4h] and won ($41.50) with a pair of Queens
Seat 2: BugerDV (button) (small blind) showed [9h Tc] and lost with a pair of Queens


