PokerStars Hand #146021994055:  Hold'em Limit ($3/$6 USD) - 2015/12/27 15:49:08 ET
Table 'Tugela' 10-max Seat #5 is the button
Seat 5: steve57898 ($476.42 in chips)
Seat 7: PelonCabelao ($80.64 in chips)
steve57898: posts small blind $1
PelonCabelao: posts big blind $3
*** HOLE CARDS ***
steve57898: folds
Uncalled bet ($2) returned to PelonCabelao
PelonCabelao collected $2 from pot
PelonCabelao: doesn't show hand
*** SUMMARY ***
Total pot $2 | Rake $0
Seat 5: steve57898 (button) (small blind) folded before Flop
Seat 7: PelonCabelao (big blind) collected ($2)


PokerStars Hand #146022071866:  Hold'em Limit ($3/$6 USD) - 2015/12/27 15:50:15 ET
Table 'Tugela' 10-max Seat #7 is the button
Seat 5: steve57898 ($466.06 in chips)
Seat 7: PelonCabelao ($90.14 in chips)
PelonCabelao: posts small blind $1
steve57898: posts big blind $3
*** HOLE CARDS ***
PelonCabelao: raises $3 to $6
steve57898: folds
Uncalled bet ($3) returned to PelonCabelao
PelonCabelao collected $6 from pot
PelonCabelao: doesn't show hand
*** SUMMARY ***
Total pot $6 | Rake $0
Seat 5: steve57898 (big blind) folded before Flop
Seat 7: PelonCabelao (button) (small blind) collected ($6)


PokerStars Hand #146022034888:  Hold'em Limit ($3/$6 USD) - 2015/12/27 15:49:43 ET
Table 'Tugela' 10-max Seat #5 is the button
Seat 5: steve57898 ($484.06 in chips)
Seat 7: PelonCabelao ($72.64 in chips)
steve57898: posts small blind $1
PelonCabelao: posts big blind $3
*** HOLE CARDS ***
steve57898: raises $3 to $6
PelonCabelao: raises $3 to $9
steve57898: calls $3
*** FLOP *** [8d 2h 7c]
PelonCabelao: bets $3
Pandakey joins the table at seat #6
steve57898: calls $3
*** TURN *** [8d 2h 7c] [Jd]
PelonCabelao: bets $6
steve57898: calls $6
*** RIVER *** [8d 2h 7c Jd] [3d]
PelonCabelao: checks
steve57898: checks
*** SHOW DOWN ***
PelonCabelao: shows [Ac Ts] (high card Ace)
steve57898: mucks hand
PelonCabelao collected $35.50 from pot
*** SUMMARY ***
Total pot $36 | Rake $0.50
Board [8d 2h 7c Jd 3d]
Seat 5: steve57898 (button) (small blind) mucked
Seat 7: PelonCabelao (big blind) showed [Ac Ts] and won ($35.50) with high card Ace


PokerStars Hand #146021999668:  Hold'em Limit ($3/$6 USD) - 2015/12/27 15:49:13 ET
Table 'Tugela' 10-max Seat #7 is the button
Seat 5: steve57898 ($475.42 in chips)
Seat 7: PelonCabelao ($81.64 in chips)
PelonCabelao: posts small blind $1
steve57898: posts big blind $3
*** HOLE CARDS ***
PelonCabelao: raises $3 to $6
steve57898: calls $3
*** FLOP *** [3d Kc As]
steve57898: checks
PelonCabelao: bets $3
steve57898: calls $3
*** TURN *** [3d Kc As] [5s]
steve57898: checks
PelonCabelao: checks
*** RIVER *** [3d Kc As 5s] [7h]
steve57898: bets $6
PelonCabelao: folds
Uncalled bet ($6) returned to steve57898
steve57898 collected $17.64 from pot
steve57898: doesn't show hand
*** SUMMARY ***
Total pot $18 | Rake $0.36
Board [3d Kc As 5s 7h]
Seat 5: steve57898 (big blind) collected ($17.64)
Seat 7: PelonCabelao (button) (small blind) folded on the River


PokerStars Hand #146022287194:  Hold'em Limit ($3/$6 USD) - 2015/12/27 15:53:22 ET
Table 'Tugela' 10-max Seat #5 is the button
Seat 5: steve57898 ($469.69 in chips)
Seat 6: Pandakey ($130.21 in chips)
steve57898: posts small blind $1
Pandakey: posts big blind $3
*** HOLE CARDS ***
steve57898: raises $3 to $6
Pandakey: calls $3
*** FLOP *** [4s Kh Js]
Pandakey: checks
steve57898: bets $3
Pandakey: raises $3 to $6
steve57898: folds
Uncalled bet ($3) returned to Pandakey
Pandakey collected $17.64 from pot
Pandakey: doesn't show hand
*** SUMMARY ***
Total pot $18 | Rake $0.36
Board [4s Kh Js]
Seat 5: steve57898 (button) (small blind) folded on the Flop
Seat 6: Pandakey (big blind) collected ($17.64)


PokerStars Hand #146022265396:  Hold'em Limit ($3/$6 USD) - 2015/12/27 15:53:04 ET
Table 'Tugela' 10-max Seat #6 is the button
Seat 5: steve57898 ($478.69 in chips)
Seat 6: Pandakey ($121.57 in chips)
Pandakey: posts small blind $1
steve57898: posts big blind $3
*** HOLE CARDS ***
Pandakey: raises $3 to $6
steve57898: calls $3
*** FLOP *** [2c Qd 3h]
steve57898: checks
Pandakey: bets $3
steve57898: calls $3
*** TURN *** [2c Qd 3h] [4h]
steve57898: checks
Pandakey: checks
*** RIVER *** [2c Qd 3h 4h] [5s]
steve57898: checks
Pandakey: bets $6
steve57898: folds
Uncalled bet ($6) returned to Pandakey
Pandakey collected $17.64 from pot
Pandakey: doesn't show hand
*** SUMMARY ***
Total pot $18 | Rake $0.36
Board [2c Qd 3h 4h 5s]
Seat 5: steve57898 (big blind) folded on the River
Seat 6: Pandakey (button) (small blind) collected ($17.64)


PokerStars Hand #146022260419:  Hold'em Limit ($3/$6 USD) - 2015/12/27 15:52:59 ET
Table 'Tugela' 10-max Seat #5 is the button
Seat 5: steve57898 ($479.69 in chips)
Seat 6: Pandakey ($120.57 in chips)
steve57898: posts small blind $1
Pandakey: posts big blind $3
*** HOLE CARDS ***
steve57898: folds
Uncalled bet ($2) returned to Pandakey
Pandakey collected $2 from pot
Pandakey: doesn't show hand
*** SUMMARY ***
Total pot $2 | Rake $0
Seat 5: steve57898 (button) (small blind) folded before Flop
Seat 6: Pandakey (big blind) collected ($2)


PokerStars Hand #146022242538:  Hold'em Limit ($3/$6 USD) - 2015/12/27 15:52:43 ET
Table 'Tugela' 10-max Seat #6 is the button
Seat 5: steve57898 ($471.05 in chips)
Seat 6: Pandakey ($129.57 in chips)
Pandakey: posts small blind $1
PelonCabelao: is sitting out
steve57898: posts big blind $3
*** HOLE CARDS ***
Pandakey: raises $3 to $6
steve57898: raises $3 to $9
Pandakey: calls $3
*** FLOP *** [9d Jc Kh]
steve57898: checks
Pandakey: checks
*** TURN *** [9d Jc Kh] [As]
steve57898: bets $6
Pandakey: folds
Uncalled bet ($6) returned to steve57898
steve57898 collected $17.64 from pot
steve57898: doesn't show hand
*** SUMMARY ***
Total pot $18 | Rake $0.36
Board [9d Jc Kh As]
Seat 5: steve57898 (big blind) collected ($17.64)
Seat 6: Pandakey (button) (small blind) folded on the Turn


PokerStars Hand #146022318643:  Hold'em Limit ($3/$6 USD) - 2015/12/27 15:53:50 ET
Table 'Tugela' 10-max Seat #5 is the button
Seat 5: steve57898 ($448.69 in chips)
Seat 6: Pandakey ($150.37 in chips)
steve57898: posts small blind $1
Pandakey: posts big blind $3
*** HOLE CARDS ***
steve57898: raises $3 to $6
Pandakey: calls $3
*** FLOP *** [Kc 6s Ks]
Pandakey: checks
steve57898: bets $3
Pandakey: raises $3 to $6
steve57898: calls $3
*** TURN *** [Kc 6s Ks] [5h]
Pandakey: bets $6
steve57898: calls $6
*** RIVER *** [Kc 6s Ks 5h] [2d]
Pandakey: bets $6
steve57898: folds
Uncalled bet ($6) returned to Pandakey
Pandakey collected $35.50 from pot
Pandakey: doesn't show hand
*** SUMMARY ***
Total pot $36 | Rake $0.50
Board [Kc 6s Ks 5h 2d]
Seat 5: steve57898 (button) (small blind) folded on the River
Seat 6: Pandakey (big blind) collected ($35.50)


PokerStars Hand #146022300098:  Hold'em Limit ($3/$6 USD) - 2015/12/27 15:53:34 ET
Table 'Tugela' 10-max Seat #6 is the button
Seat 5: steve57898 ($460.69 in chips)
Seat 6: Pandakey ($138.85 in chips)
Pandakey: posts small blind $1
steve57898: posts big blind $3
*** HOLE CARDS ***
Pandakey: raises $3 to $6
steve57898: calls $3
*** FLOP *** [8s 6d Qh]
steve57898: checks
Pandakey: checks
*** TURN *** [8s 6d Qh] [7d]
steve57898: checks
Pandakey: bets $6
steve57898: calls $6
*** RIVER *** [8s 6d Qh 7d] [3c]
steve57898: checks
Pandakey: checks
*** SHOW DOWN ***
steve57898: shows [5d Kh] (high card King)
Pandakey: shows [5s Ah] (high card Ace)
Pandakey collected $23.52 from pot
PelonCabelao leaves the table
*** SUMMARY ***
Total pot $24 | Rake $0.48
Board [8s 6d Qh 7d 3c]
Seat 5: steve57898 (big blind) showed [5d Kh] and lost with high card King
Seat 6: Pandakey (button) (small blind) showed [5s Ah] and won ($23.52) with high card Ace


