PokerStars Hand #145406233587:  Hold'em Limit ($3/$6 USD) - 2015/12/15 18:03:54 ET
Table 'Tunica' 6-max Seat #4 is the button
Seat 1: Leo Scotch19 ($114 in chips)
Seat 4: BuzovaPro ($77.76 in chips)
BuzovaPro: posts small blind $1
Leo Scotch19: posts big blind $3
*** HOLE CARDS ***
BuzovaPro: raises $3 to $6
StormToTo joins the table at seat #5
Leo Scotch19: calls $3
*** FLOP *** [4s Ks Qh]
Leo Scotch19: checks
BuzovaPro: bets $3
Leo Scotch19: calls $3
*** TURN *** [4s Ks Qh] [Qs]
Leo Scotch19: checks
BuzovaPro: bets $6
Leo Scotch19: folds
Uncalled bet ($6) returned to BuzovaPro
BuzovaPro collected $17.64 from pot
BuzovaPro: doesn't show hand
*** SUMMARY ***
Total pot $18 | Rake $0.36
Board [4s Ks Qh Qs]
Seat 1: Leo Scotch19 (big blind) folded on the Turn
Seat 4: BuzovaPro (button) (small blind) collected ($17.64)


PokerStars Hand #145406198751:  Hold'em Limit ($3/$6 USD) - 2015/12/15 18:03:11 ET
Table 'Tunica' 6-max Seat #1 is the button
Seat 1: Leo Scotch19 ($120 in chips)
Seat 4: BuzovaPro ($72 in chips)
Leo Scotch19: posts small blind $1
AzureCaper joins the table at seat #2
BuzovaPro: posts big blind $3
*** HOLE CARDS ***
Leo Scotch19: calls $2
BuzovaPro: checks
*** FLOP *** [8s Td 7h]
GoliafUa joins the table at seat #3
BuzovaPro: bets $3
Leo Scotch19: calls $3
*** TURN *** [8s Td 7h] [4h]
BuzovaPro: bets $6
Leo Scotch19: folds
Uncalled bet ($6) returned to BuzovaPro
BuzovaPro collected $11.76 from pot
BuzovaPro: doesn't show hand
*** SUMMARY ***
Total pot $12 | Rake $0.24
Board [8s Td 7h 4h]
Seat 1: Leo Scotch19 (button) (small blind) folded on the Turn
Seat 4: BuzovaPro (big blind) collected ($11.76)


PokerStars Hand #145406389053:  Hold'em Limit ($3/$6 USD) - 2015/12/15 18:07:01 ET
Table 'Tunica' 6-max Seat #4 is the button
Seat 2: AzureCaper ($103.99 in chips)
Seat 4: BuzovaPro ($106.18 in chips)
BuzovaPro: posts small blind $1
StormToTo: is sitting out
AzureCaper: posts big blind $3
*** HOLE CARDS ***
BuzovaPro: raises $3 to $6
AzureCaper: calls $3
*** FLOP *** [6s 2s 4h]
StormToTo is disconnected
AzureCaper: checks
BuzovaPro: bets $3
AzureCaper: raises $3 to $6
BuzovaPro: calls $3
*** TURN *** [6s 2s 4h] [Qc]
AzureCaper: bets $6
BuzovaPro: folds
Uncalled bet ($6) returned to AzureCaper
AzureCaper collected $23.52 from pot
AzureCaper: doesn't show hand
*** SUMMARY ***
Total pot $24 | Rake $0.48
Board [6s 2s 4h Qc]
Seat 2: AzureCaper (big blind) collected ($23.52)
Seat 4: BuzovaPro (button) (small blind) folded on the Turn


PokerStars Hand #145407991504:  Hold'em Limit ($3/$6 USD) - 2015/12/15 18:41:29 ET
Table 'Tunica' 6-max Seat #6 is the button
Seat 2: korrnel ($134.05 in chips)
Seat 6: oj_pimpson ($91 in chips)
oj_pimpson: posts small blind $1
scorpio04: is sitting out
korrnel: posts big blind $3
*** HOLE CARDS ***
oj_pimpson: raises $3 to $6
scorpio04 leaves the table
korrnel: calls $3
*** FLOP *** [Ah 8c As]
Pandakey leaves the table
korrnel: checks
oj_pimpson: bets $3
korrnel: folds
Uncalled bet ($3) returned to oj_pimpson
oj_pimpson collected $11.76 from pot
*** SUMMARY ***
Total pot $12 | Rake $0.24
Board [Ah 8c As]
Seat 2: korrnel (big blind) folded on the Flop
Seat 6: oj_pimpson (button) (small blind) collected ($11.76)


PokerStars Hand #145408011279:  Hold'em Limit ($3/$6 USD) - 2015/12/15 18:41:56 ET
Table 'Tunica' 6-max Seat #2 is the button
Seat 2: korrnel ($128.05 in chips)
Seat 5: Hsj2012 ($31.39 in chips)
korrnel: posts small blind $1
Hsj2012: posts big blind $3
*** HOLE CARDS ***
korrnel: raises $3 to $6
Hsj2012: calls $3
*** FLOP *** [5d 7d 3c]
Hsj2012: checks
korrnel: bets $3
Hsj2012: calls $3
*** TURN *** [5d 7d 3c] [Qs]
Hsj2012: bets $6
korrnel: raises $6 to $12
Hsj2012: calls $6
*** RIVER *** [5d 7d 3c Qs] [2h]
Hsj2012: checks
korrnel: bets $6
Hsj2012: calls $6
*** SHOW DOWN ***
korrnel: shows [5h 8h] (a pair of Fives)
Hsj2012: shows [9c Qd] (a pair of Queens)
Hsj2012 collected $53.50 from pot
*** SUMMARY ***
Total pot $54 | Rake $0.50
Board [5d 7d 3c Qs 2h]
Seat 2: korrnel (button) (small blind) showed [5h 8h] and lost with a pair of Fives
Seat 5: Hsj2012 (big blind) showed [9c Qd] and won ($53.50) with a pair of Queens


