PokerStars Hand #151693100420:  Hold'em Limit ($3/$6 USD) - 2016/04/09 22:23:56 ET
Table 'Tunica II' 10-max Seat #5 is the button
Seat 5: GoliafUa ($129.64 in chips)
Seat 10: SACHAVT ($20 in chips)
GoliafUa: posts small blind $1
SACHAVT: posts big blind $3
*** HOLE CARDS ***
GoliafUa: raises $3 to $6
SACHAVT: calls $3
*** FLOP *** [Jh 6c Td]
SACHAVT: checks
GoliafUa: bets $3
SACHAVT: calls $3
*** TURN *** [Jh 6c Td] [4s]
SACHAVT: checks
GoliafUa: checks
*** RIVER *** [Jh 6c Td 4s] [7s]
SACHAVT: bets $6
GoliafUa: folds
Uncalled bet ($6) returned to SACHAVT
SACHAVT collected $17.64 from pot
SACHAVT: doesn't show hand
*** SUMMARY ***
Total pot $18 | Rake $0.36
Board [Jh 6c Td 4s 7s]
Seat 5: GoliafUa (button) (small blind) folded on the River
Seat 10: SACHAVT (big blind) collected ($17.64)


PokerStars Hand #151693093024:  Hold'em Limit ($3/$6 USD) - 2016/04/09 22:23:52 ET
Table 'Tunica II' 10-max Seat #10 is the button
Seat 5: GoliafUa ($128.64 in chips)
Seat 10: SACHAVT ($21 in chips)
SACHAVT: posts small blind $1
GoliafUa: posts big blind $3
*** HOLE CARDS ***
SACHAVT: folds
Uncalled bet ($2) returned to GoliafUa
GoliafUa collected $2 from pot
*** SUMMARY ***
Total pot $2 | Rake $0
Seat 5: GoliafUa (big blind) collected ($2)
Seat 10: SACHAVT (button) (small blind) folded before Flop


PokerStars Hand #151693085340:  Hold'em Limit ($3/$6 USD) - 2016/04/09 22:23:30 ET
Table 'Tunica II' 10-max Seat #5 is the button
Seat 5: GoliafUa ($120 in chips)
Seat 10: SACHAVT ($30 in chips)
GoliafUa: posts small blind $1
SACHAVT: posts big blind $3
*** HOLE CARDS ***
GoliafUa: raises $3 to $6
SACHAVT: calls $3
*** FLOP *** [9h Qd Jc]
SACHAVT: checks
GoliafUa: bets $3
SACHAVT: calls $3
*** TURN *** [9h Qd Jc] [6d]
SACHAVT: checks
GoliafUa: bets $6
SACHAVT: folds
Uncalled bet ($6) returned to GoliafUa
GoliafUa collected $17.64 from pot
*** SUMMARY ***
Total pot $18 | Rake $0.36
Board [9h Qd Jc 6d]
Seat 5: GoliafUa (button) (small blind) collected ($17.64)
Seat 10: SACHAVT (big blind) folded on the Turn


PokerStars Hand #151694011095:  Hold'em Limit ($3/$6 USD) - 2016/04/09 23:08:47 ET
Table 'Tunica II' 10-max Seat #10 is the button
Seat 6: yayaya ($147.04 in chips)
Seat 10: SACHAVT ($57.50 in chips)
SACHAVT: posts small blind $1
yayaya: posts big blind $3
*** HOLE CARDS ***
SACHAVT: raises $3 to $6
yayaya: calls $3
*** FLOP *** [2h 3c 9s]
yayaya: checks
SACHAVT: bets $3
yayaya: raises $3 to $6
SACHAVT: calls $3
*** TURN *** [2h 3c 9s] [Ts]
yayaya: bets $6
SACHAVT: calls $6
*** RIVER *** [2h 3c 9s Ts] [Ad]
yayaya: checks
SACHAVT: checks
*** SHOW DOWN ***
yayaya: shows [7s 9h] (a pair of Nines)
SACHAVT: mucks hand
yayaya collected $35.50 from pot
*** SUMMARY ***
Total pot $36 | Rake $0.50
Board [2h 3c 9s Ts Ad]
Seat 6: yayaya (big blind) showed [7s 9h] and won ($35.50) with a pair of Nines
Seat 10: SACHAVT (button) (small blind) mucked


PokerStars Hand #151694003973:  Hold'em Limit ($3/$6 USD) - 2016/04/09 23:08:25 ET
Table 'Tunica II' 10-max Seat #6 is the button
Seat 6: yayaya ($176.04 in chips)
Seat 10: SACHAVT ($29 in chips)
yayaya: posts small blind $1
SACHAVT: posts big blind $3
*** HOLE CARDS ***
yayaya: raises $3 to $6
SACHAVT: raises $3 to $9
yayaya: calls $3
*** FLOP *** [Qd Kc 6h]
SACHAVT: checks
yayaya: bets $3
SACHAVT: calls $3
*** TURN *** [Qd Kc 6h] [9h]
SACHAVT: checks
yayaya: bets $6
SACHAVT: raises $6 to $12
yayaya: calls $6
*** RIVER *** [Qd Kc 6h 9h] [5d]
SACHAVT: bets $5 and is all-in
yayaya: calls $5
*** SHOW DOWN ***
SACHAVT: shows [Ks Js] (a pair of Kings)
yayaya: shows [3h Qh] (a pair of Queens)
SACHAVT collected $57.50 from pot
*** SUMMARY ***
Total pot $58 | Rake $0.50
Board [Qd Kc 6h 9h 5d]
Seat 6: yayaya (button) (small blind) showed [3h Qh] and lost with a pair of Queens
Seat 10: SACHAVT (big blind) showed [Ks Js] and won ($57.50) with a pair of Kings


PokerStars Hand #151694031844:  Hold'em Limit ($3/$6 USD) - 2016/04/09 23:09:51 ET
Table 'Tunica II' 10-max Seat #6 is the button
Seat 6: yayaya ($145.54 in chips)
Seat 10: SACHAVT ($57.78 in chips)
yayaya: posts small blind $1
SACHAVT: posts big blind $3
*** HOLE CARDS ***
yayaya: raises $3 to $6
SACHAVT: calls $3
*** FLOP *** [8c 5h 3d]
SACHAVT: checks
yayaya: bets $3
SACHAVT: folds
Uncalled bet ($3) returned to yayaya
yayaya collected $11.76 from pot
yayaya: doesn't show hand
*** SUMMARY ***
Total pot $12 | Rake $0.24
Board [8c 5h 3d]
Seat 6: yayaya (button) (small blind) collected ($11.76)
Seat 10: SACHAVT (big blind) folded on the Flop


PokerStars Hand #151694016906:  Hold'em Limit ($3/$6 USD) - 2016/04/09 23:09:05 ET
Table 'Tunica II' 10-max Seat #6 is the button
Seat 6: yayaya ($164.54 in chips)
Seat 10: SACHAVT ($39.50 in chips)
yayaya: posts small blind $1
SACHAVT: posts big blind $3
*** HOLE CARDS ***
yayaya: raises $3 to $6
SACHAVT: raises $3 to $9
yayaya: calls $3
*** FLOP *** [5h 2d Qc]
SACHAVT: checks
yayaya: checks
*** TURN *** [5h 2d Qc] [5d]
SACHAVT: bets $6
yayaya: folds
Uncalled bet ($6) returned to SACHAVT
SACHAVT collected $17.64 from pot
SACHAVT: doesn't show hand
*** SUMMARY ***
Total pot $18 | Rake $0.36
Board [5h 2d Qc 5d]
Seat 6: yayaya (button) (small blind) folded on the Turn
Seat 10: SACHAVT (big blind) collected ($17.64)


PokerStars Hand #151694025963:  Hold'em Limit ($3/$6 USD) - 2016/04/09 23:09:33 ET
Table 'Tunica II' 10-max Seat #6 is the button
Seat 6: yayaya ($152.54 in chips)
Seat 10: SACHAVT ($51.02 in chips)
yayaya: posts small blind $1
SACHAVT: posts big blind $3
*** HOLE CARDS ***
yayaya: folds
Uncalled bet ($2) returned to SACHAVT
SACHAVT collected $2 from pot
SACHAVT: doesn't show hand
*** SUMMARY ***
Total pot $2 | Rake $0
Seat 6: yayaya (button) (small blind) folded before Flop
Seat 10: SACHAVT (big blind) collected ($2)


PokerStars Hand #151694021161:  Hold'em Limit ($3/$6 USD) - 2016/04/09 23:09:19 ET
Table 'Tunica II' 10-max Seat #10 is the button
Seat 6: yayaya ($155.54 in chips)
Seat 10: SACHAVT ($48.14 in chips)
SACHAVT: posts small blind $1
yayaya: posts big blind $3
*** HOLE CARDS ***
SACHAVT: calls $2
yayaya: checks
*** FLOP *** [3c As Kd]
yayaya: checks
SACHAVT: checks
*** TURN *** [3c As Kd] [7d]
yayaya: checks
SACHAVT: checks
*** RIVER *** [3c As Kd 7d] [7c]
yayaya: checks
SACHAVT: bets $6
yayaya: folds
Uncalled bet ($6) returned to SACHAVT
SACHAVT collected $5.88 from pot
SACHAVT: doesn't show hand
*** SUMMARY ***
Total pot $6 | Rake $0.12
Board [3c As Kd 7d 7c]
Seat 6: yayaya (big blind) folded on the River
Seat 10: SACHAVT (button) (small blind) collected ($5.88)


PokerStars Hand #151694027617:  Hold'em Limit ($3/$6 USD) - 2016/04/09 23:09:38 ET
Table 'Tunica II' 10-max Seat #10 is the button
Seat 6: yayaya ($151.54 in chips)
Seat 10: SACHAVT ($52.02 in chips)
SACHAVT: posts small blind $1
yayaya: posts big blind $3
*** HOLE CARDS ***
SACHAVT: raises $3 to $6
yayaya: calls $3
*** FLOP *** [7c Td 7h]
yayaya: checks
SACHAVT: checks
*** TURN *** [7c Td 7h] [As]
yayaya: checks
SACHAVT: bets $6
yayaya: folds
Uncalled bet ($6) returned to SACHAVT
SACHAVT collected $11.76 from pot
SACHAVT: doesn't show hand
*** SUMMARY ***
Total pot $12 | Rake $0.24
Board [7c Td 7h As]
Seat 6: yayaya (big blind) folded on the Turn
Seat 10: SACHAVT (button) (small blind) collected ($11.76)


PokerStars Hand #151694035382:  Hold'em Limit ($3/$6 USD) - 2016/04/09 23:10:02 ET
Table 'Tunica II' 10-max Seat #10 is the button
Seat 6: yayaya ($151.30 in chips)
Seat 10: SACHAVT ($51.78 in chips)
SACHAVT: posts small blind $1
yayaya: posts big blind $3
*** HOLE CARDS ***
SACHAVT: folds
Uncalled bet ($2) returned to yayaya
SACHAVT leaves the table
yayaya collected $2 from pot
yayaya: doesn't show hand
*** SUMMARY ***
Total pot $2 | Rake $0
Seat 6: yayaya (big blind) collected ($2)
Seat 10: SACHAVT (button) (small blind) folded before Flop


