PokerStars Hand #152359813054:  Hold'em Limit ($3/$6 USD) - 2016/04/24 1:26:22 ET
Table 'Tunica II' 6-max Seat #1 is the button
Seat 1: VolkovDmitri ($120 in chips)
Seat 2: 7 Huligan 7 ($30 in chips)
VolkovDmitri: posts small blind $1
7 Huligan 7: posts big blind $3
*** HOLE CARDS ***
VolkovDmitri: raises $3 to $6
7 Huligan 7: calls $3
*** FLOP *** [5c 7s 8s]
7 Huligan 7: checks
VolkovDmitri: checks
*** TURN *** [5c 7s 8s] [Kd]
7 Huligan 7: checks
VolkovDmitri: checks
*** RIVER *** [5c 7s 8s Kd] [Ks]
7 Huligan 7: bets $6
VolkovDmitri: calls $6
*** SHOW DOWN ***
7 Huligan 7: shows [Ad 4h] (a pair of Kings)
VolkovDmitri: shows [Ah Qs] (a pair of Kings - Ace+Queen kicker)
VolkovDmitri collected $23.52 from pot
*** SUMMARY ***
Total pot $24 | Rake $0.48
Board [5c 7s 8s Kd Ks]
Seat 1: VolkovDmitri (button) (small blind) showed [Ah Qs] and won ($23.52) with a pair of Kings
Seat 2: 7 Huligan 7 (big blind) showed [Ad 4h] and lost with a pair of Kings


PokerStars Hand #152359825286:  Hold'em Limit ($3/$6 USD) - 2016/04/24 1:27:08 ET
Table 'Tunica II' 6-max Seat #2 is the button
Seat 1: VolkovDmitri ($131.52 in chips)
Seat 2: 7 Huligan 7 ($18 in chips)
7 Huligan 7: posts small blind $1
VolkovDmitri: posts big blind $3
*** HOLE CARDS ***
7 Huligan 7: calls $2
VolkovDmitri: raises $3 to $6
7 Huligan 7: calls $3
*** FLOP *** [8s Th Jc]
VolkovDmitri: bets $3
7 Huligan 7: calls $3
*** TURN *** [8s Th Jc] [Ad]
VolkovDmitri: checks
7 Huligan 7: bets $6
Hi Im Alexey joins the table at seat #3
VolkovDmitri: folds
Uncalled bet ($6) returned to 7 Huligan 7
7 Huligan 7 collected $17.64 from pot
7 Huligan 7: doesn't show hand
*** SUMMARY ***
Total pot $18 | Rake $0.36
Board [8s Th Jc Ad]
Seat 1: VolkovDmitri (big blind) folded on the Turn
Seat 2: 7 Huligan 7 (button) (small blind) collected ($17.64)


PokerStars Hand #152359836447:  Hold'em Limit ($3/$6 USD) - 2016/04/24 1:27:50 ET
Table 'Tunica II' 6-max Seat #1 is the button
Seat 1: VolkovDmitri ($122.52 in chips)
Seat 2: 7 Huligan 7 ($26.64 in chips)
VolkovDmitri: posts small blind $1
7 Huligan 7: posts big blind $3
*** HOLE CARDS ***
VolkovDmitri: folds
Uncalled bet ($2) returned to 7 Huligan 7
7 Huligan 7 collected $2 from pot
7 Huligan 7: doesn't show hand
*** SUMMARY ***
Total pot $2 | Rake $0
Seat 1: VolkovDmitri (button) (small blind) folded before Flop
Seat 2: 7 Huligan 7 (big blind) collected ($2)


PokerStars Hand #152359876995:  Hold'em Limit ($3/$6 USD) - 2016/04/24 1:30:22 ET
Table 'Tunica II' 6-max Seat #3 is the button
Seat 2: 7 Huligan 7 ($43.65 in chips)
Seat 3: Hi Im Alexey ($85.29 in chips)
Hi Im Alexey: posts small blind $1
7 Huligan 7: posts big blind $3
*** HOLE CARDS ***
Hi Im Alexey: raises $3 to $6
VolkovDmitri leaves the table
7 Huligan 7: calls $3
*** FLOP *** [2s 9d Qs]
7 Huligan 7: checks
Hi Im Alexey: bets $3
7 Huligan 7: folds
Uncalled bet ($3) returned to Hi Im Alexey
Hi Im Alexey collected $11.76 from pot
*** SUMMARY ***
Total pot $12 | Rake $0.24
Board [2s 9d Qs]
Seat 2: 7 Huligan 7 (big blind) folded on the Flop
Seat 3: Hi Im Alexey (button) (small blind) collected ($11.76)


PokerStars Hand #152359884442:  Hold'em Limit ($3/$6 USD) - 2016/04/24 1:30:50 ET
Table 'Tunica II' 6-max Seat #2 is the button
Seat 2: 7 Huligan 7 ($37.65 in chips)
Seat 3: Hi Im Alexey ($91.05 in chips)
7 Huligan 7: posts small blind $1
Hi Im Alexey: posts big blind $3
*** HOLE CARDS ***
7 Huligan 7: raises $3 to $6
Hi Im Alexey: calls $3
*** FLOP *** [Kh 6h 2c]
Hi Im Alexey: checks
7 Huligan 7: bets $3
Hi Im Alexey: calls $3
*** TURN *** [Kh 6h 2c] [4c]
Hi Im Alexey: checks
7 Huligan 7: bets $6
Hi Im Alexey: calls $6
*** RIVER *** [Kh 6h 2c 4c] [8c]
Hi Im Alexey: checks
7 Huligan 7: bets $6
Hi Im Alexey: calls $6
*** SHOW DOWN ***
7 Huligan 7: shows [Jc 8h] (a pair of Eights)
Hi Im Alexey: mucks hand
7 Huligan 7 collected $41.50 from pot
*** SUMMARY ***
Total pot $42 | Rake $0.50
Board [Kh 6h 2c 4c 8c]
Seat 2: 7 Huligan 7 (button) (small blind) showed [Jc 8h] and won ($41.50) with a pair of Eights
Seat 3: Hi Im Alexey (big blind) mucked


