PokerStars Hand #146323067678:  Hold'em Limit ($3/$6 USD) - 2016/01/02 8:19:47 ET
Table 'Turandot' 10-max Seat #1 is the button
Seat 1: VolkovDmitri ($120 in chips)
Seat 8: nordschrott ($78 in chips)
VolkovDmitri: posts small blind $1
nordschrott: posts big blind $3
*** HOLE CARDS ***
boony444 joins the table at seat #9
VolkovDmitri: raises $3 to $6
nordschrott: raises $3 to $9
VolkovDmitri: calls $3
*** FLOP *** [Kh Kc Qs]
nordschrott: bets $3
VolkovDmitri: folds
Uncalled bet ($3) returned to nordschrott
nordschrott collected $17.64 from pot
*** SUMMARY ***
Total pot $18 | Rake $0.36
Board [Kh Kc Qs]
Seat 1: VolkovDmitri (button) (small blind) folded on the Flop
Seat 8: nordschrott (big blind) collected ($17.64)


PokerStars Hand #146323276563:  Hold'em Limit ($3/$6 USD) - 2016/01/02 8:24:16 ET
Table 'Turandot' 10-max Seat #8 is the button
Seat 8: nordschrott ($94.31 in chips)
Seat 9: boony444 ($191.27 in chips)
nordschrott: posts small blind $1
boony444: posts big blind $3
*** HOLE CARDS ***
nordschrott: folds
Uncalled bet ($2) returned to boony444
boony444 collected $2 from pot
boony444: doesn't show hand
*** SUMMARY ***
Total pot $2 | Rake $0
Seat 8: nordschrott (button) (small blind) folded before Flop
Seat 9: boony444 (big blind) collected ($2)


PokerStars Hand #146323259192:  Hold'em Limit ($3/$6 USD) - 2016/01/02 8:23:53 ET
Table 'Turandot' 10-max Seat #9 is the button
Seat 8: nordschrott ($67.81 in chips)
Seat 9: boony444 ($218.27 in chips)
boony444: posts small blind $1
Xerxesklonk: is sitting out
nordschrott: posts big blind $3
*** HOLE CARDS ***
Xerxesklonk leaves the table
boony444: raises $3 to $6
nordschrott: calls $3
*** FLOP *** [5s 5h 4s]
nordschrott: checks
boony444: bets $3
nordschrott: calls $3
*** TURN *** [5s 5h 4s] [5c]
nordschrott: checks
boony444: bets $6
nordschrott: calls $6
*** RIVER *** [5s 5h 4s 5c] [2c]
nordschrott: checks
boony444: bets $6
nordschrott: raises $6 to $12
boony444: calls $6
*** SHOW DOWN ***
nordschrott: shows [9c 5d] (four of a kind, Fives)
boony444: mucks hand
nordschrott collected $53.50 from pot
*** SUMMARY ***
Total pot $54 | Rake $0.50
Board [5s 5h 4s 5c 2c]
Seat 8: nordschrott (big blind) showed [9c 5d] and won ($53.50) with four of a kind, Fives
Seat 9: boony444 (button) (small blind) mucked


PokerStars Hand #146323280309:  Hold'em Limit ($3/$6 USD) - 2016/01/02 8:24:20 ET
Table 'Turandot' 10-max Seat #9 is the button
Seat 8: nordschrott ($93.31 in chips)
Seat 9: boony444 ($192.27 in chips)
boony444: posts small blind $1
nordschrott: posts big blind $3
*** HOLE CARDS ***
boony444: raises $3 to $6
nordschrott: calls $3
*** FLOP *** [9h Jd Ks]
nordschrott: checks
boony444: bets $3
nordschrott: folds
Uncalled bet ($3) returned to boony444
boony444 collected $11.76 from pot
boony444: doesn't show hand
*** SUMMARY ***
Total pot $12 | Rake $0.24
Board [9h Jd Ks]
Seat 8: nordschrott (big blind) folded on the Flop
Seat 9: boony444 (button) (small blind) collected ($11.76)


PokerStars Hand #146323288320:  Hold'em Limit ($3/$6 USD) - 2016/01/02 8:24:31 ET
Table 'Turandot' 10-max Seat #8 is the button
Seat 8: nordschrott ($87.31 in chips)
Seat 9: boony444 ($198.03 in chips)
nordschrott: posts small blind $1
boony444: posts big blind $3
*** HOLE CARDS ***
nordschrott: calls $2
boony444: checks
*** FLOP *** [5s 5h 2d]
boony444: checks
nordschrott: checks
*** TURN *** [5s 5h 2d] [Th]
boony444: checks
nordschrott: bets $6
boony444: folds
Uncalled bet ($6) returned to nordschrott
nordschrott collected $5.88 from pot
*** SUMMARY ***
Total pot $6 | Rake $0.12
Board [5s 5h 2d Th]
Seat 8: nordschrott (button) (small blind) collected ($5.88)
Seat 9: boony444 (big blind) folded on the Turn


PokerStars Hand #146323313864:  Hold'em Limit ($3/$6 USD) - 2016/01/02 8:25:03 ET
Table 'Turandot' 10-max Seat #8 is the button
Seat 8: nordschrott ($104.69 in chips)
Seat 9: boony444 ($180.03 in chips)
nordschrott: posts small blind $1
boony444: posts big blind $3
*** HOLE CARDS ***
nordschrott: calls $2
boony444: raises $3 to $6
nordschrott: calls $3
*** FLOP *** [3d 6h 8d]
boony444: bets $3
nordschrott: raises $3 to $6
boony444: calls $3
*** TURN *** [3d 6h 8d] [4h]
boony444: checks
nordschrott: bets $6
boony444: calls $6
*** RIVER *** [3d 6h 8d 4h] [Jd]
boony444: checks
nordschrott: bets $6
boony444: folds
Uncalled bet ($6) returned to nordschrott
nordschrott collected $35.50 from pot
*** SUMMARY ***
Total pot $36 | Rake $0.50
Board [3d 6h 8d 4h Jd]
Seat 8: nordschrott (button) (small blind) collected ($35.50)
Seat 9: boony444 (big blind) folded on the River


PokerStars Hand #146323298545:  Hold'em Limit ($3/$6 USD) - 2016/01/02 8:24:44 ET
Table 'Turandot' 10-max Seat #9 is the button
Seat 8: nordschrott ($90.19 in chips)
Seat 9: boony444 ($195.03 in chips)
boony444: posts small blind $1
nordschrott: posts big blind $3
*** HOLE CARDS ***
boony444: raises $3 to $6
nordschrott: calls $3
*** FLOP *** [6h 9h 7d]
nordschrott: checks
boony444: bets $3
yayaya joins the table at seat #5
nordschrott: calls $3
*** TURN *** [6h 9h 7d] [Td]
nordschrott: checks
boony444: checks
*** RIVER *** [6h 9h 7d Td] [5c]
nordschrott: bets $6
boony444: calls $6
*** SHOW DOWN ***
nordschrott: shows [5d 6s] (two pair, Sixes and Fives)
boony444: mucks hand
nordschrott collected $29.50 from pot
*** SUMMARY ***
Total pot $30 | Rake $0.50
Board [6h 9h 7d Td 5c]
Seat 8: nordschrott (big blind) showed [5d 6s] and won ($29.50) with two pair, Sixes and Fives
Seat 9: boony444 (button) (small blind) mucked


