PokerStars Hand #175972145435:  Hold'em Limit ($3/$6 USD) - 2017/09/22 10:13:43 ET
Table 'Turandot' 6-max Seat #2 is the button
Seat 1: krytalex ($103.46 in chips)
Seat 2: picsel37 ($52 in chips)
picsel37: posts small blind $1
krytalex: posts big blind $3
*** HOLE CARDS ***
Agrotait leaves the table
vestimokrec leaves the table
picsel37: raises $3 to $6
krytalex: calls $3
*** FLOP *** [Jd Js 9c]
krytalex: checks
picsel37: bets $3
krytalex: folds
Uncalled bet ($3) returned to picsel37
picsel37 collected $11.76 from pot
*** SUMMARY ***
Total pot $12 | Rake $0.24
Board [Jd Js 9c]
Seat 1: krytalex (big blind) folded on the Flop
Seat 2: picsel37 (button) (small blind) collected ($11.76)


PokerStars Hand #175972135263:  Hold'em Limit ($3/$6 USD) - 2017/09/22 10:13:24 ET
Table 'Turandot' 6-max Seat #4 is the button
Seat 2: picsel37 ($51 in chips)
Seat 4: Agrotait ($134.09 in chips)
Agrotait: posts small blind $1
vestimokrec: is sitting out
picsel37: posts big blind $3
*** HOLE CARDS ***
Agrotait: folds
Uncalled bet ($2) returned to picsel37
picsel37 collected $2 from pot
*** SUMMARY ***
Total pot $2 | Rake $0
Seat 2: picsel37 (big blind) collected ($2)
Seat 4: Agrotait (button) (small blind) folded before Flop


PokerStars Hand #175972189584:  Hold'em Limit ($3/$6 USD) - 2017/09/22 10:15:05 ET
Table 'Turandot' 6-max Seat #1 is the button
Seat 1: krytalex ($104.22 in chips)
Seat 2: picsel37 ($50.76 in chips)
krytalex: posts small blind $1
picsel37: posts big blind $3
*** HOLE CARDS ***
krytalex: folds
Uncalled bet ($2) returned to picsel37
picsel37 collected $2 from pot
*** SUMMARY ***
Total pot $2 | Rake $0
Seat 1: krytalex (button) (small blind) folded before Flop
Seat 2: picsel37 (big blind) collected ($2)


PokerStars Hand #175972186754:  Hold'em Limit ($3/$6 USD) - 2017/09/22 10:15:00 ET
Table 'Turandot' 6-max Seat #2 is the button
Seat 1: krytalex ($103.22 in chips)
Seat 2: picsel37 ($51.76 in chips)
picsel37: posts small blind $1
krytalex: posts big blind $3
*** HOLE CARDS ***
picsel37: folds
Uncalled bet ($2) returned to krytalex
krytalex collected $2 from pot
*** SUMMARY ***
Total pot $2 | Rake $0
Seat 1: krytalex (big blind) collected ($2)
Seat 2: picsel37 (button) (small blind) folded before Flop


PokerStars Hand #175972167027:  Hold'em Limit ($3/$6 USD) - 2017/09/22 10:14:23 ET
Table 'Turandot' 6-max Seat #1 is the button
Seat 1: krytalex ($97.46 in chips)
Seat 2: picsel37 ($57.76 in chips)
krytalex: posts small blind $1
picsel37: posts big blind $3
*** HOLE CARDS ***
krytalex: raises $3 to $6
picsel37: calls $3
*** FLOP *** [3c 8d Ks]
picsel37: checks
krytalex: bets $3
picsel37: folds
Uncalled bet ($3) returned to krytalex
krytalex collected $11.76 from pot
*** SUMMARY ***
Total pot $12 | Rake $0.24
Board [3c 8d Ks]
Seat 1: krytalex (button) (small blind) collected ($11.76)
Seat 2: picsel37 (big blind) folded on the Flop


PokerStars Hand #175972218903:  Hold'em Limit ($3/$6 USD) - 2017/09/22 10:15:59 ET
Table 'Turandot' 6-max Seat #1 is the button
Seat 1: krytalex ($126.72 in chips)
Seat 2: picsel37 ($27.76 in chips)
krytalex: posts small blind $1
picsel37: posts big blind $3
*** HOLE CARDS ***
krytalex has timed out
krytalex: folds
Uncalled bet ($2) returned to picsel37
picsel37 collected $2 from pot
*** SUMMARY ***
Total pot $2 | Rake $0
Seat 1: krytalex (button) (small blind) folded before Flop
Seat 2: picsel37 (big blind) collected ($2)


PokerStars Hand #175972194234:  Hold'em Limit ($3/$6 USD) - 2017/09/22 10:15:14 ET
Table 'Turandot' 6-max Seat #2 is the button
Seat 1: krytalex ($103.22 in chips)
Seat 2: picsel37 ($51.76 in chips)
picsel37: posts small blind $1
krytalex: posts big blind $3
*** HOLE CARDS ***
picsel37: raises $3 to $6
krytalex: raises $3 to $9
picsel37: calls $3
*** FLOP *** [4h 5d Js]
krytalex: bets $3
picsel37: calls $3
*** TURN *** [4h 5d Js] [Ad]
krytalex: bets $6
picsel37: calls $6
*** RIVER *** [4h 5d Js Ad] [Qh]
krytalex: bets $6
picsel37: calls $6
*** SHOW DOWN ***
krytalex: shows [Tc Qd] (a pair of Queens)
picsel37: mucks hand
krytalex collected $47.50 from pot
*** SUMMARY ***
Total pot $48 | Rake $0.50
Board [4h 5d Js Ad Qh]
Seat 1: krytalex (big blind) showed [Tc Qd] and won ($47.50) with a pair of Queens
Seat 2: picsel37 (button) (small blind) mucked


