PokerStars Hand #146124958179:  Hold'em Limit ($3/$6 USD) - 2015/12/29 13:53:02 ET
Table 'Turandot II' 2-max Seat #2 is the button
Seat 1: elifnur2008 ($122.50 in chips)
Seat 2: motte233 ($37.93 in chips)
motte233: posts small blind $1
elifnur2008: posts big blind $3
*** HOLE CARDS ***
motte233: folds
Uncalled bet ($2) returned to elifnur2008
elifnur2008 collected $2 from pot
elifnur2008: doesn't show hand
*** SUMMARY ***
Total pot $2 | Rake $0
Seat 1: elifnur2008 (big blind) collected ($2)
Seat 2: motte233 (button) (small blind) folded before Flop


PokerStars Hand #146125000359:  Hold'em Limit ($3/$6 USD) - 2015/12/29 13:53:44 ET
Table 'Turandot II' 2-max Seat #2 is the button
Seat 1: elifnur2008 ($99.50 in chips)
Seat 2: motte233 ($60.43 in chips)
motte233: posts small blind $1
elifnur2008: posts big blind $3
*** HOLE CARDS ***
motte233: raises $3 to $6
elifnur2008: calls $3
*** FLOP *** [8s Td 8c]
elifnur2008: checks
motte233: bets $3
elifnur2008: calls $3
*** TURN *** [8s Td 8c] [6c]
elifnur2008: checks
motte233: bets $6
elifnur2008: raises $6 to $12
motte233: calls $6
*** RIVER *** [8s Td 8c 6c] [Ad]
elifnur2008: bets $6
motte233: folds
Uncalled bet ($6) returned to elifnur2008
elifnur2008 collected $41.50 from pot
elifnur2008: doesn't show hand
*** SUMMARY ***
Total pot $42 | Rake $0.50
Board [8s Td 8c 6c Ad]
Seat 1: elifnur2008 (big blind) collected ($41.50)
Seat 2: motte233 (button) (small blind) folded on the River


PokerStars Hand #146124994743:  Hold'em Limit ($3/$6 USD) - 2015/12/29 13:53:39 ET
Table 'Turandot II' 2-max Seat #1 is the button
Seat 1: elifnur2008 ($100.50 in chips)
Seat 2: motte233 ($59.43 in chips)
elifnur2008: posts small blind $1
motte233: posts big blind $3
*** HOLE CARDS ***
elifnur2008: folds
Uncalled bet ($2) returned to motte233
motte233 collected $2 from pot
motte233: doesn't show hand
*** SUMMARY ***
Total pot $2 | Rake $0
Seat 1: elifnur2008 (button) (small blind) folded before Flop
Seat 2: motte233 (big blind) collected ($2)


PokerStars Hand #146124988655:  Hold'em Limit ($3/$6 USD) - 2015/12/29 13:53:32 ET
Table 'Turandot II' 2-max Seat #2 is the button
Seat 1: elifnur2008 ($99.50 in chips)
Seat 2: motte233 ($60.43 in chips)
motte233: posts small blind $1
elifnur2008: posts big blind $3
*** HOLE CARDS ***
motte233: folds
Uncalled bet ($2) returned to elifnur2008
elifnur2008 collected $2 from pot
elifnur2008: doesn't show hand
*** SUMMARY ***
Total pot $2 | Rake $0
Seat 1: elifnur2008 (big blind) collected ($2)
Seat 2: motte233 (button) (small blind) folded before Flop


PokerStars Hand #146124964267:  Hold'em Limit ($3/$6 USD) - 2015/12/29 13:53:08 ET
Table 'Turandot II' 2-max Seat #1 is the button
Seat 1: elifnur2008 ($123.50 in chips)
Seat 2: motte233 ($36.93 in chips)
elifnur2008: posts small blind $1
motte233: posts big blind $3
*** HOLE CARDS ***
elifnur2008: raises $3 to $6
motte233: raises $3 to $9
elifnur2008: calls $3
*** FLOP *** [5s Qs Ts]
motte233: bets $3
elifnur2008: calls $3
*** TURN *** [5s Qs Ts] [7c]
motte233: bets $6
elifnur2008: raises $6 to $12
motte233: calls $6
*** RIVER *** [5s Qs Ts 7c] [Jc]
motte233: bets $6
elifnur2008: folds
Uncalled bet ($6) returned to motte233
motte233 collected $47.50 from pot
motte233: doesn't show hand
*** SUMMARY ***
Total pot $48 | Rake $0.50
Board [5s Qs Ts 7c Jc]
Seat 1: elifnur2008 (button) (small blind) folded on the River
Seat 2: motte233 (big blind) collected ($47.50)


PokerStars Hand #146125052729:  Hold'em Limit ($3/$6 USD) - 2015/12/29 13:54:36 ET
Table 'Turandot II' 2-max Seat #2 is the button
Seat 1: elifnur2008 ($134.50 in chips)
Seat 2: motte233 ($24.43 in chips)
motte233: posts small blind $1
elifnur2008: posts big blind $3
*** HOLE CARDS ***
motte233: raises $3 to $6
elifnur2008: raises $3 to $9
motte233: raises $3 to $12
Betting is capped
elifnur2008: calls $3
*** FLOP *** [Tc Jc 4c]
elifnur2008: bets $3
motte233: raises $3 to $6
elifnur2008: raises $3 to $9
motte233: raises $3 to $12
Betting is capped
elifnur2008: calls $3
*** TURN *** [Tc Jc 4c] [6c]
elifnur2008: bets $6
motte233: calls $0.43 and is all-in
Uncalled bet ($5.57) returned to elifnur2008
*** RIVER *** [Tc Jc 4c 6c] [3c]
*** SHOW DOWN ***
elifnur2008: shows [Js Kc] (a flush, King high)
motte233: shows [9h 9c] (a flush, Jack high)
elifnur2008 collected $48.36 from pot
*** SUMMARY ***
Total pot $48.86 | Rake $0.50
Board [Tc Jc 4c 6c 3c]
Seat 1: elifnur2008 (big blind) showed [Js Kc] and won ($48.36) with a flush, King high
Seat 2: motte233 (button) (small blind) showed [9h 9c] and lost with a flush, Jack high


PokerStars Hand #146125024859:  Hold'em Limit ($3/$6 USD) - 2015/12/29 13:54:08 ET
Table 'Turandot II' 2-max Seat #1 is the button
Seat 1: elifnur2008 ($120 in chips)
Seat 2: motte233 ($39.43 in chips)
elifnur2008: posts small blind $1
motte233: posts big blind $3
*** HOLE CARDS ***
elifnur2008: raises $3 to $6
motte233: calls $3
*** FLOP *** [5c 6h Ac]
motte233: checks
elifnur2008: bets $3
motte233: calls $3
*** TURN *** [5c 6h Ac] [3d]
motte233: checks
elifnur2008: bets $6
motte233: calls $6
*** RIVER *** [5c 6h Ac 3d] [8h]
motte233: checks
elifnur2008: bets $6
motte233: folds
Uncalled bet ($6) returned to elifnur2008
elifnur2008 collected $29.50 from pot
elifnur2008: doesn't show hand
*** SUMMARY ***
Total pot $30 | Rake $0.50
Board [5c 6h Ac 3d 8h]
Seat 1: elifnur2008 (button) (small blind) collected ($29.50)
Seat 2: motte233 (big blind) folded on the River


PokerStars Hand #146134194589:  Hold'em Limit ($3/$6 USD) - 2015/12/29 16:25:33 ET
Table 'Turandot II' 2-max Seat #2 is the button
Seat 1: Donkasaurus7 ($134.25 in chips)
Seat 2: dragon1893 ($175.89 in chips)
dragon1893: posts small blind $1
Donkasaurus7: posts big blind $3
*** HOLE CARDS ***
dragon1893: folds
Uncalled bet ($2) returned to Donkasaurus7
Donkasaurus7 collected $2 from pot
*** SUMMARY ***
Total pot $2 | Rake $0
Seat 1: Donkasaurus7 (big blind) collected ($2)
Seat 2: dragon1893 (button) (small blind) folded before Flop


PokerStars Hand #146134174064:  Hold'em Limit ($3/$6 USD) - 2015/12/29 16:25:13 ET
Table 'Turandot II' 2-max Seat #1 is the button
Seat 1: Donkasaurus7 ($155.25 in chips)
Seat 2: dragon1893 ($155.39 in chips)
Donkasaurus7: posts small blind $1
dragon1893: posts big blind $3
*** HOLE CARDS ***
Donkasaurus7: raises $3 to $6
dragon1893: calls $3
*** FLOP *** [3h 9s 9d]
dragon1893: checks
Donkasaurus7: bets $3
dragon1893: calls $3
*** TURN *** [3h 9s 9d] [4s]
dragon1893: checks
Donkasaurus7: bets $6
dragon1893: raises $6 to $12
Donkasaurus7: calls $6
*** RIVER *** [3h 9s 9d 4s] [Jd]
dragon1893: bets $6
Donkasaurus7: folds
Uncalled bet ($6) returned to dragon1893
dragon1893 collected $41.50 from pot
dragon1893: doesn't show hand
*** SUMMARY ***
Total pot $42 | Rake $0.50
Board [3h 9s 9d 4s Jd]
Seat 1: Donkasaurus7 (button) (small blind) folded on the River
Seat 2: dragon1893 (big blind) collected ($41.50)


PokerStars Hand #146134154263:  Hold'em Limit ($3/$6 USD) - 2015/12/29 16:24:54 ET
Table 'Turandot II' 2-max Seat #2 is the button
Seat 1: Donkasaurus7 ($155.50 in chips)
Seat 2: dragon1893 ($155.64 in chips)
dragon1893: posts small blind $1
Donkasaurus7: posts big blind $3
*** HOLE CARDS ***
dragon1893: raises $3 to $6
Donkasaurus7: calls $3
*** FLOP *** [9d Ts 8s]
Donkasaurus7: checks
dragon1893: bets $3
Donkasaurus7: calls $3
*** TURN *** [9d Ts 8s] [6s]
Donkasaurus7: checks
dragon1893: bets $6
Donkasaurus7: raises $6 to $12
dragon1893: calls $6
*** RIVER *** [9d Ts 8s 6s] [6d]
Donkasaurus7: bets $6
dragon1893: calls $6
*** SHOW DOWN ***
Donkasaurus7: shows [7c 8c] (a straight, Six to Ten)
dragon1893: shows [6c 7d] (a straight, Six to Ten)
Donkasaurus7 collected $26.75 from pot
dragon1893 collected $26.75 from pot
*** SUMMARY ***
Total pot $54 | Rake $0.50
Board [9d Ts 8s 6s 6d]
Seat 1: Donkasaurus7 (big blind) showed [7c 8c] and won ($26.75) with a straight, Six to Ten
Seat 2: dragon1893 (button) (small blind) showed [6c 7d] and won ($26.75) with a straight, Six to Ten


PokerStars Hand #146134261509:  Hold'em Limit ($3/$6 USD) - 2015/12/29 16:26:36 ET
Table 'Turandot II' 2-max Seat #1 is the button
Seat 1: Donkasaurus7 ($104.89 in chips)
Seat 2: dragon1893 ($203.91 in chips)
Donkasaurus7: posts small blind $1
dragon1893: posts big blind $3
*** HOLE CARDS ***
Donkasaurus7: raises $3 to $6
dragon1893: folds
Uncalled bet ($3) returned to Donkasaurus7
Donkasaurus7 collected $6 from pot
*** SUMMARY ***
Total pot $6 | Rake $0
Seat 1: Donkasaurus7 (button) (small blind) collected ($6)
Seat 2: dragon1893 (big blind) folded before Flop


PokerStars Hand #146134251554:  Hold'em Limit ($3/$6 USD) - 2015/12/29 16:26:27 ET
Table 'Turandot II' 2-max Seat #2 is the button
Seat 1: Donkasaurus7 ($96.25 in chips)
Seat 2: dragon1893 ($212.91 in chips)
dragon1893: posts small blind $1
Donkasaurus7: posts big blind $3
*** HOLE CARDS ***
dragon1893: raises $3 to $6
Donkasaurus7: raises $3 to $9
dragon1893: calls $3
*** FLOP *** [Ts 8d Kc]
Donkasaurus7: bets $3
dragon1893: folds
Uncalled bet ($3) returned to Donkasaurus7
Donkasaurus7 collected $17.64 from pot
*** SUMMARY ***
Total pot $18 | Rake $0.36
Board [Ts 8d Kc]
Seat 1: Donkasaurus7 (big blind) collected ($17.64)
Seat 2: dragon1893 (button) (small blind) folded on the Flop


PokerStars Hand #146134234764:  Hold'em Limit ($3/$6 USD) - 2015/12/29 16:26:11 ET
Table 'Turandot II' 2-max Seat #1 is the button
Seat 1: Donkasaurus7 ($102.25 in chips)
Seat 2: dragon1893 ($207.15 in chips)
Donkasaurus7: posts small blind $1
dragon1893: posts big blind $3
*** HOLE CARDS ***
Donkasaurus7: raises $3 to $6
dragon1893: calls $3
*** FLOP *** [5h 2c 4h]
dragon1893: checks
Donkasaurus7: checks
*** TURN *** [5h 2c 4h] [Qh]
dragon1893: bets $6
Donkasaurus7: folds
Uncalled bet ($6) returned to dragon1893
dragon1893 collected $11.76 from pot
dragon1893: doesn't show hand
*** SUMMARY ***
Total pot $12 | Rake $0.24
Board [5h 2c 4h Qh]
Seat 1: Donkasaurus7 (button) (small blind) folded on the Turn
Seat 2: dragon1893 (big blind) collected ($11.76)


PokerStars Hand #146134199610:  Hold'em Limit ($3/$6 USD) - 2015/12/29 16:25:37 ET
Table 'Turandot II' 2-max Seat #1 is the button
Seat 1: Donkasaurus7 ($135.25 in chips)
Seat 2: dragon1893 ($174.89 in chips)
Donkasaurus7: posts small blind $1
dragon1893: posts big blind $3
*** HOLE CARDS ***
Donkasaurus7: raises $3 to $6
dragon1893: raises $3 to $9
Donkasaurus7: calls $3
*** FLOP *** [5d 4d 5c]
dragon1893: bets $3
Donkasaurus7: raises $3 to $6
dragon1893: calls $3
*** TURN *** [5d 4d 5c] [5h]
dragon1893: checks
Donkasaurus7: bets $6
dragon1893: calls $6
*** RIVER *** [5d 4d 5c 5h] [Ad]
dragon1893: bets $6
Donkasaurus7: calls $6
*** SHOW DOWN ***
dragon1893: shows [Ac Ks] (a full house, Fives full of Aces)
Donkasaurus7: mucks hand
dragon1893 collected $53.50 from pot
*** SUMMARY ***
Total pot $54 | Rake $0.50
Board [5d 4d 5c 5h Ad]
Seat 1: Donkasaurus7 (button) (small blind) mucked
Seat 2: dragon1893 (big blind) showed [Ac Ks] and won ($53.50) with a full house, Fives full of Aces


PokerStars Hand #146134225049:  Hold'em Limit ($3/$6 USD) - 2015/12/29 16:26:02 ET
Table 'Turandot II' 2-max Seat #2 is the button
Seat 1: Donkasaurus7 ($108.25 in chips)
Seat 2: dragon1893 ($201.39 in chips)
dragon1893: posts small blind $1
Donkasaurus7: posts big blind $3
*** HOLE CARDS ***
dragon1893: raises $3 to $6
Donkasaurus7: calls $3
*** FLOP *** [Ks Tc Jd]
Donkasaurus7: checks
dragon1893: bets $3
Donkasaurus7: folds
Uncalled bet ($3) returned to dragon1893
dragon1893 collected $11.76 from pot
dragon1893: doesn't show hand
*** SUMMARY ***
Total pot $12 | Rake $0.24
Board [Ks Tc Jd]
Seat 1: Donkasaurus7 (big blind) folded on the Flop
Seat 2: dragon1893 (button) (small blind) collected ($11.76)


PokerStars Hand #146134266782:  Hold'em Limit ($3/$6 USD) - 2015/12/29 16:26:41 ET
Table 'Turandot II' 2-max Seat #2 is the button
Seat 1: Donkasaurus7 ($107.89 in chips)
Seat 2: dragon1893 ($200.91 in chips)
dragon1893: posts small blind $1
Donkasaurus7: posts big blind $3
*** HOLE CARDS ***
dragon1893: raises $3 to $6
Donkasaurus7: calls $3
*** FLOP *** [Jh 9d 3d]
Donkasaurus7: checks
dragon1893: bets $3
Donkasaurus7: calls $3
*** TURN *** [Jh 9d 3d] [6d]
Donkasaurus7: checks
dragon1893: bets $6
Donkasaurus7: folds
Uncalled bet ($6) returned to dragon1893
dragon1893 collected $17.64 from pot
dragon1893: doesn't show hand
*** SUMMARY ***
Total pot $18 | Rake $0.36
Board [Jh 9d 3d 6d]
Seat 1: Donkasaurus7 (big blind) folded on the Turn
Seat 2: dragon1893 (button) (small blind) collected ($17.64)


PokerStars Hand #146134313412:  Hold'em Limit ($3/$6 USD) - 2015/12/29 16:27:26 ET
Table 'Turandot II' 2-max Seat #1 is the button
Seat 1: Donkasaurus7 ($119.15 in chips)
Seat 2: dragon1893 ($188.55 in chips)
Donkasaurus7: posts small blind $1
dragon1893: posts big blind $3
*** HOLE CARDS ***
Donkasaurus7: raises $3 to $6
dragon1893: raises $3 to $9
Donkasaurus7: calls $3
*** FLOP *** [9c 7d Ts]
dragon1893: bets $3
Donkasaurus7: calls $3
*** TURN *** [9c 7d Ts] [8d]
dragon1893: checks
Donkasaurus7: checks
*** RIVER *** [9c 7d Ts 8d] [6h]
dragon1893: checks
Donkasaurus7: checks
*** SHOW DOWN ***
dragon1893: shows [Ad Kd] (a straight, Six to Ten)
Donkasaurus7: shows [7c Ac] (a straight, Six to Ten)
dragon1893 collected $11.76 from pot
Donkasaurus7 collected $11.76 from pot
*** SUMMARY ***
Total pot $24 | Rake $0.48
Board [9c 7d Ts 8d 6h]
Seat 1: Donkasaurus7 (button) (small blind) showed [7c Ac] and won ($11.76) with a straight, Six to Ten
Seat 2: dragon1893 (big blind) showed [Ad Kd] and won ($11.76) with a straight, Six to Ten


PokerStars Hand #146134295622:  Hold'em Limit ($3/$6 USD) - 2015/12/29 16:27:09 ET
Table 'Turandot II' 2-max Seat #2 is the button
Seat 1: Donkasaurus7 ($104.65 in chips)
Seat 2: dragon1893 ($203.55 in chips)
dragon1893: posts small blind $1
Donkasaurus7: posts big blind $3
*** HOLE CARDS ***
dragon1893: raises $3 to $6
Donkasaurus7: calls $3
*** FLOP *** [2h 8d 7s]
Donkasaurus7: checks
dragon1893: bets $3
Donkasaurus7: calls $3
*** TURN *** [2h 8d 7s] [3d]
Donkasaurus7: checks
dragon1893: bets $6
Donkasaurus7: raises $6 to $12
dragon1893: folds
Uncalled bet ($6) returned to Donkasaurus7
Donkasaurus7 collected $29.50 from pot
*** SUMMARY ***
Total pot $30 | Rake $0.50
Board [2h 8d 7s 3d]
Seat 1: Donkasaurus7 (big blind) collected ($29.50)
Seat 2: dragon1893 (button) (small blind) folded on the Turn


PokerStars Hand #146134284018:  Hold'em Limit ($3/$6 USD) - 2015/12/29 16:26:58 ET
Table 'Turandot II' 2-max Seat #1 is the button
Seat 1: Donkasaurus7 ($98.89 in chips)
Seat 2: dragon1893 ($209.55 in chips)
Donkasaurus7: posts small blind $1
dragon1893: posts big blind $3
*** HOLE CARDS ***
Donkasaurus7: raises $3 to $6
dragon1893: calls $3
*** FLOP *** [Tc Ks Js]
dragon1893: checks
Donkasaurus7: bets $3
dragon1893: folds
Uncalled bet ($3) returned to Donkasaurus7
Donkasaurus7 collected $11.76 from pot
*** SUMMARY ***
Total pot $12 | Rake $0.24
Board [Tc Ks Js]
Seat 1: Donkasaurus7 (button) (small blind) collected ($11.76)
Seat 2: dragon1893 (big blind) folded on the Flop


PokerStars Hand #146134370952:  Hold'em Limit ($3/$6 USD) - 2015/12/29 16:28:22 ET
Table 'Turandot II' 2-max Seat #2 is the button
Seat 1: Donkasaurus7 ($141.83 in chips)
Seat 2: dragon1893 ($164.31 in chips)
dragon1893: posts small blind $1
Donkasaurus7: posts big blind $3
*** HOLE CARDS ***
dragon1893: raises $3 to $6
Donkasaurus7: calls $3
*** FLOP *** [3d 3c Js]
Donkasaurus7: checks
dragon1893: bets $3
Donkasaurus7: calls $3
*** TURN *** [3d 3c Js] [4s]
Donkasaurus7: checks
dragon1893: bets $6
Donkasaurus7: folds
Uncalled bet ($6) returned to dragon1893
dragon1893 collected $17.64 from pot
dragon1893: doesn't show hand
*** SUMMARY ***
Total pot $18 | Rake $0.36
Board [3d 3c Js 4s]
Seat 1: Donkasaurus7 (big blind) folded on the Turn
Seat 2: dragon1893 (button) (small blind) collected ($17.64)


PokerStars Hand #146134362883:  Hold'em Limit ($3/$6 USD) - 2015/12/29 16:28:14 ET
Table 'Turandot II' 2-max Seat #1 is the button
Seat 1: Donkasaurus7 ($136.07 in chips)
Seat 2: dragon1893 ($170.31 in chips)
Donkasaurus7: posts small blind $1
dragon1893: posts big blind $3
*** HOLE CARDS ***
Donkasaurus7: raises $3 to $6
dragon1893: calls $3
*** FLOP *** [Jc 3c Ts]
dragon1893: checks
Donkasaurus7: bets $3
dragon1893: folds
Uncalled bet ($3) returned to Donkasaurus7
Donkasaurus7 collected $11.76 from pot
*** SUMMARY ***
Total pot $12 | Rake $0.24
Board [Jc 3c Ts]
Seat 1: Donkasaurus7 (button) (small blind) collected ($11.76)
Seat 2: dragon1893 (big blind) folded on the Flop


PokerStars Hand #146134358693:  Hold'em Limit ($3/$6 USD) - 2015/12/29 16:28:09 ET
Table 'Turandot II' 2-max Seat #2 is the button
Seat 1: Donkasaurus7 ($139.07 in chips)
Seat 2: dragon1893 ($167.31 in chips)
dragon1893: posts small blind $1
Donkasaurus7: posts big blind $3
*** HOLE CARDS ***
dragon1893: raises $3 to $6
Donkasaurus7: folds
Uncalled bet ($3) returned to dragon1893
dragon1893 collected $6 from pot
dragon1893: doesn't show hand
*** SUMMARY ***
Total pot $6 | Rake $0
Seat 1: Donkasaurus7 (big blind) folded before Flop
Seat 2: dragon1893 (button) (small blind) collected ($6)


PokerStars Hand #146134342346:  Hold'em Limit ($3/$6 USD) - 2015/12/29 16:27:54 ET
Table 'Turandot II' 2-max Seat #1 is the button
Seat 1: Donkasaurus7 ($130.43 in chips)
Seat 2: dragon1893 ($176.31 in chips)
Donkasaurus7: posts small blind $1
dragon1893: posts big blind $3
*** HOLE CARDS ***
Donkasaurus7: raises $3 to $6
dragon1893: calls $3
*** FLOP *** [3c 3h 6d]
dragon1893: checks
Donkasaurus7: bets $3
dragon1893: calls $3
*** TURN *** [3c 3h 6d] [5h]
dragon1893: checks
Donkasaurus7: checks
*** RIVER *** [3c 3h 6d 5h] [Jh]
dragon1893: checks
Donkasaurus7: checks
*** SHOW DOWN ***
dragon1893: shows [9s Tc] (a pair of Threes)
Donkasaurus7: shows [Qd 9c] (a pair of Threes - Queen kicker)
Donkasaurus7 collected $17.64 from pot
*** SUMMARY ***
Total pot $18 | Rake $0.36
Board [3c 3h 6d 5h Jh]
Seat 1: Donkasaurus7 (button) (small blind) showed [Qd 9c] and won ($17.64) with a pair of Threes
Seat 2: dragon1893 (big blind) showed [9s Tc] and lost with a pair of Threes


PokerStars Hand #146134328638:  Hold'em Limit ($3/$6 USD) - 2015/12/29 16:27:41 ET
Table 'Turandot II' 2-max Seat #2 is the button
Seat 1: Donkasaurus7 ($118.91 in chips)
Seat 2: dragon1893 ($188.31 in chips)
dragon1893: posts small blind $1
Donkasaurus7: posts big blind $3
*** HOLE CARDS ***
dragon1893: raises $3 to $6
Donkasaurus7: raises $3 to $9
dragon1893: calls $3
*** FLOP *** [5h 9h 5d]
Donkasaurus7: bets $3
dragon1893: calls $3
*** TURN *** [5h 9h 5d] [3s]
Donkasaurus7: bets $6
dragon1893: folds
Uncalled bet ($6) returned to Donkasaurus7
Donkasaurus7 collected $23.52 from pot
*** SUMMARY ***
Total pot $24 | Rake $0.48
Board [5h 9h 5d 3s]
Seat 1: Donkasaurus7 (big blind) collected ($23.52)
Seat 2: dragon1893 (button) (small blind) folded on the Turn


