PokerStars Hand #151300174879:  Hold'em Limit ($3/$6 USD) - 2016/04/02 0:21:58 ET
Table 'Turais II' 6-max Seat #2 is the button
Seat 2: anetkaapro ($76.27 in chips)
Seat 3: DirtyDouble2 ($166.47 in chips)
anetkaapro: posts small blind $1
DirtyDouble2: posts big blind $3
*** HOLE CARDS ***
anetkaapro: raises $3 to $6
DirtyDouble2: folds
Uncalled bet ($3) returned to anetkaapro
anetkaapro collected $6 from pot
anetkaapro: doesn't show hand
*** SUMMARY ***
Total pot $6 | Rake $0
Seat 2: anetkaapro (button) (small blind) collected ($6)
Seat 3: DirtyDouble2 (big blind) folded before Flop


PokerStars Hand #151300163525:  Hold'em Limit ($3/$6 USD) - 2016/04/02 0:21:20 ET
Table 'Turais II' 6-max Seat #3 is the button
Seat 2: anetkaapro ($76.45 in chips)
Seat 3: DirtyDouble2 ($166.65 in chips)
DirtyDouble2: posts small blind $1
abatic: is sitting out
anetkaapro: posts big blind $3
*** HOLE CARDS ***
DirtyDouble2: raises $3 to $6
abatic leaves the table
anetkaapro: calls $3
*** FLOP *** [Ts Td 9h]
anetkaapro: checks
DirtyDouble2: bets $3
anetkaapro: calls $3
*** TURN *** [Ts Td 9h] [9c]
anetkaapro: checks
DirtyDouble2: checks
*** RIVER *** [Ts Td 9h 9c] [2s]
anetkaapro: checks
DirtyDouble2: checks
*** SHOW DOWN ***
anetkaapro: shows [2h Qh] (two pair, Tens and Nines)
DirtyDouble2: shows [8h Qd] (two pair, Tens and Nines)
anetkaapro collected $8.82 from pot
DirtyDouble2 collected $8.82 from pot
*** SUMMARY ***
Total pot $18 | Rake $0.36
Board [Ts Td 9h 9c 2s]
Seat 2: anetkaapro (big blind) showed [2h Qh] and won ($8.82) with two pair, Tens and Nines
Seat 3: DirtyDouble2 (button) (small blind) showed [8h Qd] and won ($8.82) with two pair, Tens and Nines


PokerStars Hand #151300179260:  Hold'em Limit ($3/$6 USD) - 2016/04/02 0:22:13 ET
Table 'Turais II' 6-max Seat #2 is the button
Seat 2: anetkaapro ($80.27 in chips)
Seat 3: DirtyDouble2 ($162.47 in chips)
anetkaapro: posts small blind $1
DirtyDouble2: posts big blind $3
*** HOLE CARDS ***
anetkaapro: raises $3 to $6
DirtyDouble2: raises $3 to $9
anetkaapro: calls $3
*** FLOP *** [4d 9h Kc]
DirtyDouble2: bets $3
anetkaapro: calls $3
*** TURN *** [4d 9h Kc] [Qh]
DirtyDouble2: bets $6
anetkaapro: folds
Uncalled bet ($6) returned to DirtyDouble2
DirtyDouble2 collected $23.52 from pot
DirtyDouble2: doesn't show hand
*** SUMMARY ***
Total pot $24 | Rake $0.48
Board [4d 9h Kc Qh]
Seat 2: anetkaapro (button) (small blind) folded on the Turn
Seat 3: DirtyDouble2 (big blind) collected ($23.52)


PokerStars Hand #151300177839:  Hold'em Limit ($3/$6 USD) - 2016/04/02 0:22:08 ET
Table 'Turais II' 6-max Seat #3 is the button
Seat 2: anetkaapro ($79.27 in chips)
Seat 3: DirtyDouble2 ($163.47 in chips)
DirtyDouble2: posts small blind $1
anetkaapro: posts big blind $3
*** HOLE CARDS ***
DirtyDouble2: folds
Uncalled bet ($2) returned to anetkaapro
anetkaapro collected $2 from pot
anetkaapro: doesn't show hand
*** SUMMARY ***
Total pot $2 | Rake $0
Seat 2: anetkaapro (big blind) collected ($2)
Seat 3: DirtyDouble2 (button) (small blind) folded before Flop


