PokerStars Hand #165038641913:  Hold'em Limit ($3/$6 USD) - 2017/01/23 9:21:08 ET
Table 'Turandot III' 6-max Seat #2 is the button
Seat 1: maksi670 ($119 in chips)
Seat 2: sim5sim5 ($73 in chips)
sim5sim5: posts small blind $1
maksi670: posts big blind $3
*** HOLE CARDS ***
sim5sim5: folds
Uncalled bet ($2) returned to maksi670
maksi670 collected $2 from pot
*** SUMMARY ***
Total pot $2 | Rake $0
Seat 1: maksi670 (big blind) collected ($2)
Seat 2: sim5sim5 (button) (small blind) folded before Flop


PokerStars Hand #165038637712:  Hold'em Limit ($3/$6 USD) - 2017/01/23 9:21:01 ET
Table 'Turandot III' 6-max Seat #1 is the button
Seat 1: maksi670 ($120 in chips)
Seat 2: sim5sim5 ($72 in chips)
maksi670: posts small blind $1
sim5sim5: posts big blind $3
*** HOLE CARDS ***
maksi670: folds
Uncalled bet ($2) returned to sim5sim5
sim5sim5 collected $2 from pot
sim5sim5: doesn't show hand
*** SUMMARY ***
Total pot $2 | Rake $0
Seat 1: maksi670 (button) (small blind) folded before Flop
Seat 2: sim5sim5 (big blind) collected ($2)


PokerStars Hand #165038677056:  Hold'em Limit ($3/$6 USD) - 2017/01/23 9:22:01 ET
Table 'Turandot III' 6-max Seat #1 is the button
Seat 1: maksi670 ($113.88 in chips)
Seat 2: sim5sim5 ($80.64 in chips)
maksi670: posts small blind $1
sim5sim5: posts big blind $3
*** HOLE CARDS ***
maksi670: folds
Uncalled bet ($2) returned to sim5sim5
sim5sim5 collected $2 from pot
sim5sim5: doesn't show hand
*** SUMMARY ***
Total pot $2 | Rake $0
Seat 1: maksi670 (button) (small blind) folded before Flop
Seat 2: sim5sim5 (big blind) collected ($2)


PokerStars Hand #165038650654:  Hold'em Limit ($3/$6 USD) - 2017/01/23 9:21:21 ET
Table 'Turandot III' 6-max Seat #1 is the button
Seat 1: maksi670 ($120 in chips)
Seat 2: sim5sim5 ($72 in chips)
maksi670: posts small blind $1
sim5sim5: posts big blind $3
*** HOLE CARDS ***
maksi670: calls $2
sim5sim5: checks
*** FLOP *** [5h 8s 2d]
sim5sim5: checks
maksi670: bets $3
sim5sim5: folds
Uncalled bet ($3) returned to maksi670
maksi670 collected $5.88 from pot
*** SUMMARY ***
Total pot $6 | Rake $0.12
Board [5h 8s 2d]
Seat 1: maksi670 (button) (small blind) collected ($5.88)
Seat 2: sim5sim5 (big blind) folded on the Flop


PokerStars Hand #165038661936:  Hold'em Limit ($3/$6 USD) - 2017/01/23 9:21:38 ET
Table 'Turandot III' 6-max Seat #2 is the button
Seat 1: maksi670 ($122.88 in chips)
Seat 2: sim5sim5 ($72 in chips)
sim5sim5: posts small blind $1
maksi670: posts big blind $3
*** HOLE CARDS ***
sim5sim5: raises $3 to $6
maksi670: calls $3
*** FLOP *** [2s 2h 5s]
maksi670: checks
sim5sim5: bets $3
Agrotait leaves the table
maksi670: calls $3
*** TURN *** [2s 2h 5s] [9d]
maksi670: checks
sim5sim5: bets $6
maksi670: folds
Uncalled bet ($6) returned to sim5sim5
sim5sim5 collected $17.64 from pot
sim5sim5: doesn't show hand
*** SUMMARY ***
Total pot $18 | Rake $0.36
Board [2s 2h 5s 9d]
Seat 1: maksi670 (big blind) folded on the Turn
Seat 2: sim5sim5 (button) (small blind) collected ($17.64)


PokerStars Hand #165038706445:  Hold'em Limit ($3/$6 USD) - 2017/01/23 9:22:46 ET
Table 'Turandot III' 6-max Seat #1 is the button
Seat 1: maksi670 ($85.88 in chips)
Seat 2: sim5sim5 ($108.14 in chips)
maksi670: posts small blind $1
sim5sim5: posts big blind $3
*** HOLE CARDS ***
maksi670: calls $2
sim5sim5: checks
*** FLOP *** [Ah 2h Js]
sim5sim5: checks
maksi670: checks
*** TURN *** [Ah 2h Js] [3h]
sim5sim5: checks
maksi670: bets $6
sim5sim5: folds
Uncalled bet ($6) returned to maksi670
maksi670 collected $5.88 from pot
*** SUMMARY ***
Total pot $6 | Rake $0.12
Board [Ah 2h Js 3h]
Seat 1: maksi670 (button) (small blind) collected ($5.88)
Seat 2: sim5sim5 (big blind) folded on the Turn


PokerStars Hand #165038720768:  Hold'em Limit ($3/$6 USD) - 2017/01/23 9:23:08 ET
Table 'Turandot III' 6-max Seat #2 is the button
Seat 1: maksi670 ($88.76 in chips)
Seat 2: sim5sim5 ($105.14 in chips)
sim5sim5: posts small blind $1
maksi670: posts big blind $3
*** HOLE CARDS ***
sim5sim5: raises $3 to $6
maksi670: calls $3
*** FLOP *** [Ks Js 8h]
maksi670: checks
sim5sim5: bets $3
MellivoraSto joins the table at seat #3
maksi670: calls $3
*** TURN *** [Ks Js 8h] [4s]
maksi670: checks
sim5sim5: bets $6
maksi670: calls $6
*** RIVER *** [Ks Js 8h 4s] [9s]
maksi670: checks
sim5sim5: bets $6
maksi670: raises $6 to $12
sim5sim5: calls $6
*** SHOW DOWN ***
maksi670: shows [8c Qs] (a flush, King high)
sim5sim5: mucks hand
maksi670 collected $53.50 from pot
*** SUMMARY ***
Total pot $54 | Rake $0.50
Board [Ks Js 8h 4s 9s]
Seat 1: maksi670 (big blind) showed [8c Qs] and won ($53.50) with a flush, King high
Seat 2: sim5sim5 (button) (small blind) mucked


PokerStars Hand #165038740702:  Hold'em Limit ($3/$6 USD) - 2017/01/23 9:23:38 ET
Table 'Turandot III' 6-max Seat #1 is the button
Seat 1: maksi670 ($115.26 in chips)
Seat 2: sim5sim5 ($78.14 in chips)
maksi670: posts small blind $1
sim5sim5: posts big blind $3
*** HOLE CARDS ***
maksi670: folds
Uncalled bet ($2) returned to sim5sim5
sim5sim5 collected $2 from pot
sim5sim5: doesn't show hand
*** SUMMARY ***
Total pot $2 | Rake $0
Seat 1: maksi670 (button) (small blind) folded before Flop
Seat 2: sim5sim5 (big blind) collected ($2)


PokerStars Hand #165038771167:  Hold'em Limit ($3/$6 USD) - 2017/01/23 9:24:12 ET
Table 'Turandot III' 6-max Seat #1 is the button
Seat 1: maksi670 ($111.26 in chips)
Seat 3: MellivoraSto ($124 in chips)
hamsa222 will be allowed to play after the button
maksi670: posts small blind $1
MellivoraSto: posts big blind $3
*** HOLE CARDS ***
maksi670: calls $2
MellivoraSto: checks
*** FLOP *** [Ac 3c Ad]
Faqquer joins the table at seat #2
MellivoraSto: bets $3
maksi670: folds
Uncalled bet ($3) returned to MellivoraSto
MellivoraSto collected $5.88 from pot
MellivoraSto: doesn't show hand
*** SUMMARY ***
Total pot $6 | Rake $0.12
Board [Ac 3c Ad]
Seat 1: maksi670 (button) (small blind) folded on the Flop
Seat 3: MellivoraSto (big blind) collected ($5.88)


PokerStars Hand #165040615379:  Hold'em Limit ($3/$6 USD) - 2017/01/23 10:10:14 ET
Table 'Turandot III' 6-max Seat #3 is the button
Seat 3: DePokeraap ($93.18 in chips)
Seat 6: LuckyScal ($193.57 in chips)
DePokeraap: posts small blind $1
LuckyScal: posts big blind $3
*** HOLE CARDS ***
DePokeraap: raises $3 to $6
LuckyScal: calls $3
*** FLOP *** [Qc 3d 3s]
LuckyScal: bets $3
DePokeraap: calls $3
*** TURN *** [Qc 3d 3s] [8s]
LuckyScal: bets $6
DePokeraap: calls $6
*** RIVER *** [Qc 3d 3s 8s] [Qs]
LuckyScal: checks
DePokeraap: bets $6
LuckyScal: folds
Uncalled bet ($6) returned to DePokeraap
DePokeraap collected $29.50 from pot
*** SUMMARY ***
Total pot $30 | Rake $0.50
Board [Qc 3d 3s 8s Qs]
Seat 3: DePokeraap (button) (small blind) collected ($29.50)
Seat 6: LuckyScal (big blind) folded on the River


