PokerStars Hand #152870858946:  Hold'em Limit ($3/$6 USD) - 2016/05/04 23:39:18 ET
Table 'Turais' 6-max Seat #2 is the button
Seat 2: Brama Br ($120 in chips)
Seat 4: VolkovDmitri ($120 in chips)
Brama Br: posts small blind $1
VolkovDmitri: posts big blind $3
*** HOLE CARDS ***
Brama Br: folds
Uncalled bet ($2) returned to VolkovDmitri
VolkovDmitri collected $2 from pot
VolkovDmitri: doesn't show hand
*** SUMMARY ***
Total pot $2 | Rake $0
Seat 2: Brama Br (button) (small blind) folded before Flop
Seat 4: VolkovDmitri (big blind) collected ($2)


PokerStars Hand #152870862172:  Hold'em Limit ($3/$6 USD) - 2016/05/04 23:39:29 ET
Table 'Turais' 6-max Seat #4 is the button
Seat 2: Brama Br ($119 in chips)
Seat 4: VolkovDmitri ($121 in chips)
VolkovDmitri: posts small blind $1
Brama Br: posts big blind $3
*** HOLE CARDS ***
VolkovDmitri: raises $3 to $6
Brama Br: calls $3
*** FLOP *** [2s 2d 4c]
Brama Br: checks
VolkovDmitri: bets $3
Brama Br: raises $3 to $6
VolkovDmitri: calls $3
*** TURN *** [2s 2d 4c] [Ts]
Brama Br: bets $6
VolkovDmitri: folds
Uncalled bet ($6) returned to Brama Br
Brama Br collected $23.52 from pot
Brama Br: doesn't show hand
*** SUMMARY ***
Total pot $24 | Rake $0.48
Board [2s 2d 4c Ts]
Seat 2: Brama Br (big blind) collected ($23.52)
Seat 4: VolkovDmitri (button) (small blind) folded on the Turn


PokerStars Hand #152870897809:  Hold'em Limit ($3/$6 USD) - 2016/05/04 23:41:36 ET
Table 'Turais' 6-max Seat #4 is the button
Seat 2: Brama Br ($115.52 in chips)
Seat 4: VolkovDmitri ($134.50 in chips)
VolkovDmitri: posts small blind $1
Brama Br: posts big blind $3
*** HOLE CARDS ***
VolkovDmitri: folds
Uncalled bet ($2) returned to Brama Br
Brama Br collected $2 from pot
Brama Br: doesn't show hand
*** SUMMARY ***
Total pot $2 | Rake $0
Seat 2: Brama Br (big blind) collected ($2)
Seat 4: VolkovDmitri (button) (small blind) folded before Flop


PokerStars Hand #152870873055:  Hold'em Limit ($3/$6 USD) - 2016/05/04 23:40:08 ET
Table 'Turais' 6-max Seat #2 is the button
Seat 2: Brama Br ($130.52 in chips)
Seat 4: VolkovDmitri ($120 in chips)
Brama Br: posts small blind $1
VolkovDmitri: posts big blind $3
*** HOLE CARDS ***
Brama Br: raises $3 to $6
VolkovDmitri: calls $3
*** FLOP *** [Qc 4d Jd]
VolkovDmitri: checks
Brama Br: bets $3
VolkovDmitri: calls $3
*** TURN *** [Qc 4d Jd] [Qs]
VolkovDmitri: checks
Brama Br: checks
*** RIVER *** [Qc 4d Jd Qs] [8d]
VolkovDmitri: checks
Brama Br: bets $6
VolkovDmitri: calls $6
*** SHOW DOWN ***
Brama Br: shows [7d 5c] (a pair of Queens)
VolkovDmitri: shows [8c Tc] (two pair, Queens and Eights)
VolkovDmitri collected $29.50 from pot
*** SUMMARY ***
Total pot $30 | Rake $0.50
Board [Qc 4d Jd Qs 8d]
Seat 2: Brama Br (button) (small blind) showed [7d 5c] and lost with a pair of Queens
Seat 4: VolkovDmitri (big blind) showed [8c Tc] and won ($29.50) with two pair, Queens and Eights


PokerStars Hand #152870912213:  Hold'em Limit ($3/$6 USD) - 2016/05/04 23:42:26 ET
Table 'Turais' 6-max Seat #2 is the button
Seat 2: Brama Br ($119.28 in chips)
Seat 4: VolkovDmitri ($130.50 in chips)
Brama Br: posts small blind $1
VolkovDmitri: posts big blind $3
*** HOLE CARDS ***
Brama Br: folds
Uncalled bet ($2) returned to VolkovDmitri
VolkovDmitri collected $2 from pot
VolkovDmitri: doesn't show hand
*** SUMMARY ***
Total pot $2 | Rake $0
Seat 2: Brama Br (button) (small blind) folded before Flop
Seat 4: VolkovDmitri (big blind) collected ($2)


PokerStars Hand #152870899782:  Hold'em Limit ($3/$6 USD) - 2016/05/04 23:41:42 ET
Table 'Turais' 6-max Seat #2 is the button
Seat 2: Brama Br ($116.52 in chips)
Seat 4: VolkovDmitri ($133.50 in chips)
Brama Br: posts small blind $1
VolkovDmitri: posts big blind $3
*** HOLE CARDS ***
Brama Br: raises $3 to $6
VolkovDmitri: calls $3
*** FLOP *** [7h Td 8s]
VolkovDmitri: checks
Brama Br: bets $3
VolkovDmitri: folds
Uncalled bet ($3) returned to Brama Br
Brama Br collected $11.76 from pot
Brama Br: doesn't show hand
*** SUMMARY ***
Total pot $12 | Rake $0.24
Board [7h Td 8s]
Seat 2: Brama Br (button) (small blind) collected ($11.76)
Seat 4: VolkovDmitri (big blind) folded on the Flop


PokerStars Hand #152870932628:  Hold'em Limit ($3/$6 USD) - 2016/05/04 23:43:39 ET
Table 'Turais' 6-max Seat #4 is the button
Seat 2: Brama Br ($128.80 in chips)
Seat 4: VolkovDmitri ($121 in chips)
VolkovDmitri: posts small blind $1
Brama Br: posts big blind $3
*** HOLE CARDS ***
VolkovDmitri: folds
Uncalled bet ($2) returned to Brama Br
Brama Br collected $2 from pot
Brama Br: doesn't show hand
*** SUMMARY ***
Total pot $2 | Rake $0
Seat 2: Brama Br (big blind) collected ($2)
Seat 4: VolkovDmitri (button) (small blind) folded before Flop


PokerStars Hand #152870930921:  Hold'em Limit ($3/$6 USD) - 2016/05/04 23:43:33 ET
Table 'Turais' 6-max Seat #2 is the button
Seat 2: Brama Br ($129.80 in chips)
Seat 4: VolkovDmitri ($120 in chips)
Brama Br: posts small blind $1
VolkovDmitri: posts big blind $3
*** HOLE CARDS ***
Brama Br: folds
Uncalled bet ($2) returned to VolkovDmitri
VolkovDmitri collected $2 from pot
VolkovDmitri: doesn't show hand
*** SUMMARY ***
Total pot $2 | Rake $0
Seat 2: Brama Br (button) (small blind) folded before Flop
Seat 4: VolkovDmitri (big blind) collected ($2)


PokerStars Hand #152870913835:  Hold'em Limit ($3/$6 USD) - 2016/05/04 23:42:32 ET
Table 'Turais' 6-max Seat #4 is the button
Seat 2: Brama Br ($118.28 in chips)
Seat 4: VolkovDmitri ($131.50 in chips)
VolkovDmitri: posts small blind $1
Brama Br: posts big blind $3
*** HOLE CARDS ***
VolkovDmitri: raises $3 to $6
Brama Br: raises $3 to $9
VolkovDmitri: calls $3
*** FLOP *** [Tc 2d 2h]
Brama Br: bets $3
VolkovDmitri: calls $3
*** TURN *** [Tc 2d 2h] [Ad]
Brama Br: bets $6
VolkovDmitri: folds
Uncalled bet ($6) returned to Brama Br
Brama Br collected $23.52 from pot
Brama Br: doesn't show hand
*** SUMMARY ***
Total pot $24 | Rake $0.48
Board [Tc 2d 2h Ad]
Seat 2: Brama Br (big blind) collected ($23.52)
Seat 4: VolkovDmitri (button) (small blind) folded on the Turn


PokerStars Hand #152870935455:  Hold'em Limit ($3/$6 USD) - 2016/05/04 23:43:49 ET
Table 'Turais' 6-max Seat #2 is the button
Seat 2: Brama Br ($129.80 in chips)
Seat 4: VolkovDmitri ($120 in chips)
Brama Br: posts small blind $1
VolkovDmitri: posts big blind $3
*** HOLE CARDS ***
Brama Br: raises $3 to $6
VolkovDmitri: calls $3
*** FLOP *** [4d 7d 5d]
Brama Br said, "ai não dá! vai me fazer dormir"
VolkovDmitri: checks
Brama Br: bets $3
VolkovDmitri: calls $3
*** TURN *** [4d 7d 5d] [6d]
VolkovDmitri: bets $6
Brama Br: calls $6
*** RIVER *** [4d 7d 5d 6d] [Ts]
VolkovDmitri: bets $6
Brama Br: calls $6
*** SHOW DOWN ***
VolkovDmitri: shows [3d As] (a straight flush, Three to Seven)
Brama Br: mucks hand
VolkovDmitri collected $41.50 from pot
*** SUMMARY ***
Total pot $42 | Rake $0.50
Board [4d 7d 5d 6d Ts]
Seat 2: Brama Br (button) (small blind) mucked
Seat 4: VolkovDmitri (big blind) showed [3d As] and won ($41.50) with a straight flush, Three to Seven


