PokerStars Hand #146002571371:  Hold'em Limit ($3/$6 USD) - 2015/12/27 10:40:01 ET
Table 'Tureis' 2-max Seat #1 is the button
Seat 1: TbIP-TbIP 88 ($107.50 in chips)
Seat 2: Upay4Mycond0 ($24 in chips)
TbIP-TbIP 88: posts small blind $1
Upay4Mycond0: posts big blind $3
*** HOLE CARDS ***
TbIP-TbIP 88: folds
Uncalled bet ($2) returned to Upay4Mycond0
Upay4Mycond0 collected $2 from pot
*** SUMMARY ***
Total pot $2 | Rake $0
Seat 1: TbIP-TbIP 88 (button) (small blind) folded before Flop
Seat 2: Upay4Mycond0 (big blind) collected ($2)


PokerStars Hand #146002537041:  Hold'em Limit ($3/$6 USD) - 2015/12/27 10:39:23 ET
Table 'Tureis' 2-max Seat #2 is the button
Seat 1: TbIP-TbIP 88 ($72 in chips)
Seat 2: Upay4Mycond0 ($60 in chips)
Upay4Mycond0: posts small blind $1
TbIP-TbIP 88: posts big blind $3
*** HOLE CARDS ***
Upay4Mycond0: raises $3 to $6
TbIP-TbIP 88: raises $3 to $9
Upay4Mycond0: raises $3 to $12
Betting is capped
TbIP-TbIP 88: calls $3
*** FLOP *** [2h 9c 6s]
TbIP-TbIP 88: checks
Upay4Mycond0: bets $3
TbIP-TbIP 88: raises $3 to $6
Upay4Mycond0: calls $3
*** TURN *** [2h 9c 6s] [5c]
TbIP-TbIP 88: bets $6
Upay4Mycond0: raises $6 to $12
TbIP-TbIP 88: calls $6
*** RIVER *** [2h 9c 6s 5c] [3s]
TbIP-TbIP 88: checks
Upay4Mycond0: bets $6
TbIP-TbIP 88: calls $6
*** SHOW DOWN ***
Upay4Mycond0: shows [Kd Kh] (a pair of Kings)
TbIP-TbIP 88: shows [Ah As] (a pair of Aces)
TbIP-TbIP 88 collected $71.50 from pot
*** SUMMARY ***
Total pot $72 | Rake $0.50
Board [2h 9c 6s 5c 3s]
Seat 1: TbIP-TbIP 88 (big blind) showed [Ah As] and won ($71.50) with a pair of Aces
Seat 2: Upay4Mycond0 (button) (small blind) showed [Kd Kh] and lost with a pair of Kings


