PokerStars Hand #162028599666:  Hold'em Limit ($3/$6 USD) - 2016/11/27 4:54:03 ET
Table 'Tvashtri' 6-max Seat #3 is the button
Seat 3: popeluha ($23 in chips)
Seat 4: MTails ($126.76 in chips)
popeluha: posts small blind $1
MTails: posts big blind $3
*** HOLE CARDS ***
popeluha: raises $3 to $6
MTails: raises $3 to $9
popeluha: calls $3
*** FLOP *** [3c 5c Jh]
MTails: bets $3
popeluha: folds
Uncalled bet ($3) returned to MTails
MTails collected $17.64 from pot
*** SUMMARY ***
Total pot $18 | Rake $0.36
Board [3c 5c Jh]
Seat 3: popeluha (button) (small blind) folded on the Flop
Seat 4: MTails (big blind) collected ($17.64)


PokerStars Hand #162028585806:  Hold'em Limit ($3/$6 USD) - 2016/11/27 4:53:31 ET
Table 'Tvashtri' 6-max Seat #3 is the button
Seat 3: popeluha ($30 in chips)
Seat 4: MTails ($120 in chips)
popeluha: posts small blind $1
MTails: posts big blind $3
*** HOLE CARDS ***
popeluha: folds
Uncalled bet ($2) returned to MTails
MTails collected $2 from pot
*** SUMMARY ***
Total pot $2 | Rake $0
Seat 3: popeluha (button) (small blind) folded before Flop
Seat 4: MTails (big blind) collected ($2)


PokerStars Hand #162028594403:  Hold'em Limit ($3/$6 USD) - 2016/11/27 4:53:51 ET
Table 'Tvashtri' 6-max Seat #4 is the button
Seat 3: popeluha ($29 in chips)
Seat 4: MTails ($121 in chips)
MTails: posts small blind $1
popeluha: posts big blind $3
*** HOLE CARDS ***
MTails: raises $3 to $6
popeluha: calls $3
*** FLOP *** [Ts Qs 8c]
popeluha: checks
MTails: bets $3
popeluha: folds
Uncalled bet ($3) returned to MTails
MTails collected $11.76 from pot
*** SUMMARY ***
Total pot $12 | Rake $0.24
Board [Ts Qs 8c]
Seat 3: popeluha (big blind) folded on the Flop
Seat 4: MTails (button) (small blind) collected ($11.76)


PokerStars Hand #162028625330:  Hold'em Limit ($3/$6 USD) - 2016/11/27 4:55:02 ET
Table 'Tvashtri' 6-max Seat #3 is the button
Seat 3: popeluha ($20.50 in chips)
Seat 4: MTails ($128.16 in chips)
popeluha: posts small blind $1
MTails: posts big blind $3
*** HOLE CARDS ***
popeluha: raises $3 to $6
MTails: raises $3 to $9
popeluha: calls $3
*** FLOP *** [Qh Ts 2c]
MTails: bets $3
popeluha: calls $3
*** TURN *** [Qh Ts 2c] [6c]
MTails: bets $6
popeluha: raises $2.50 to $8.50 and is all-in
MTails: calls $2.50
*** RIVER *** [Qh Ts 2c 6c] [Qd]
*** SHOW DOWN ***
MTails: shows [Ah Qc] (three of a kind, Queens)
popeluha: shows [Ad Jd] (a pair of Queens)
MTails collected $40.50 from pot
*** SUMMARY ***
Total pot $41 | Rake $0.50
Board [Qh Ts 2c 6c Qd]
Seat 3: popeluha (button) (small blind) showed [Ad Jd] and lost with a pair of Queens
Seat 4: MTails (big blind) showed [Ah Qc] and won ($40.50) with three of a kind, Queens


PokerStars Hand #162028613334:  Hold'em Limit ($3/$6 USD) - 2016/11/27 4:54:34 ET
Table 'Tvashtri' 6-max Seat #3 is the button
Seat 3: popeluha ($27.50 in chips)
Seat 4: MTails ($121.40 in chips)
popeluha: posts small blind $1
MTails: posts big blind $3
*** HOLE CARDS ***
popeluha: folds
Uncalled bet ($2) returned to MTails
MTails collected $2 from pot
*** SUMMARY ***
Total pot $2 | Rake $0
Seat 3: popeluha (button) (small blind) folded before Flop
Seat 4: MTails (big blind) collected ($2)


PokerStars Hand #162028604609:  Hold'em Limit ($3/$6 USD) - 2016/11/27 4:54:14 ET
Table 'Tvashtri' 6-max Seat #4 is the button
Seat 3: popeluha ($14 in chips)
Seat 4: MTails ($135.40 in chips)
MTails: posts small blind $1
popeluha: posts big blind $3
*** HOLE CARDS ***
MTails: raises $3 to $6
popeluha: calls $3
*** FLOP *** [Ad 4s Ks]
popeluha: checks
MTails: bets $3
popeluha: calls $3
*** TURN *** [Ad 4s Ks] [7h]
popeluha: checks
MTails: checks
*** RIVER *** [Ad 4s Ks 7h] [Js]
popeluha: bets $5 and is all-in
MTails: calls $5
*** SHOW DOWN ***
popeluha: shows [5s 7s] (a flush, King high)
MTails: shows [8c 7c] (a pair of Sevens)
popeluha collected $27.50 from pot
*** SUMMARY ***
Total pot $28 | Rake $0.50
Board [Ad 4s Ks 7h Js]
Seat 3: popeluha (big blind) showed [5s 7s] and won ($27.50) with a flush, King high
Seat 4: MTails (button) (small blind) showed [8c 7c] and lost with a pair of Sevens


PokerStars Hand #162028620089:  Hold'em Limit ($3/$6 USD) - 2016/11/27 4:54:50 ET
Table 'Tvashtri' 6-max Seat #4 is the button
Seat 3: popeluha ($26.50 in chips)
Seat 4: MTails ($122.40 in chips)
MTails: posts small blind $1
popeluha: posts big blind $3
*** HOLE CARDS ***
MTails: raises $3 to $6
popeluha: calls $3
*** FLOP *** [Jc 2c 2h]
popeluha: checks
MTails: bets $3
popeluha: folds
Uncalled bet ($3) returned to MTails
MTails collected $11.76 from pot
*** SUMMARY ***
Total pot $12 | Rake $0.24
Board [Jc 2c 2h]
Seat 3: popeluha (big blind) folded on the Flop
Seat 4: MTails (button) (small blind) collected ($11.76)


PokerStars Hand #162028617749:  Hold'em Limit ($3/$6 USD) - 2016/11/27 4:54:45 ET
Table 'Tvashtri' 6-max Seat #3 is the button
Seat 3: popeluha ($27.50 in chips)
Seat 4: MTails ($121.40 in chips)
popeluha: posts small blind $1
MTails: posts big blind $3
*** HOLE CARDS ***
popeluha: folds
Uncalled bet ($2) returned to MTails
MTails collected $2 from pot
*** SUMMARY ***
Total pot $2 | Rake $0
Seat 3: popeluha (button) (small blind) folded before Flop
Seat 4: MTails (big blind) collected ($2)


PokerStars Hand #162028615552:  Hold'em Limit ($3/$6 USD) - 2016/11/27 4:54:40 ET
Table 'Tvashtri' 6-max Seat #4 is the button
Seat 3: popeluha ($26.50 in chips)
Seat 4: MTails ($122.40 in chips)
MTails: posts small blind $1
popeluha: posts big blind $3
*** HOLE CARDS ***
MTails: folds
Uncalled bet ($2) returned to popeluha
popeluha collected $2 from pot
*** SUMMARY ***
Total pot $2 | Rake $0
Seat 3: popeluha (big blind) collected ($2)
Seat 4: MTails (button) (small blind) folded before Flop


PokerStars Hand #162028643112:  Hold'em Limit ($3/$6 USD) - 2016/11/27 4:55:46 ET
Table 'Tvashtri' 6-max Seat #4 is the button
Seat 3: popeluha ($30 in chips)
Seat 4: MTails ($148.16 in chips)
MTails: posts small blind $1
popeluha: posts big blind $3
*** HOLE CARDS ***
MTails: raises $3 to $6
popeluha: calls $3
*** FLOP *** [5h Qh 7c]
popeluha: checks
MTails: bets $3
popeluha: calls $3
*** TURN *** [5h Qh 7c] [8s]
popeluha: checks
MTails: bets $6
popeluha: raises $6 to $12
MTails: folds
Uncalled bet ($6) returned to popeluha
popeluha collected $29.50 from pot
*** SUMMARY ***
Total pot $30 | Rake $0.50
Board [5h Qh 7c 8s]
Seat 3: popeluha (big blind) collected ($29.50)
Seat 4: MTails (button) (small blind) folded on the Turn


PokerStars Hand #162028653065:  Hold'em Limit ($3/$6 USD) - 2016/11/27 4:56:11 ET
Table 'Tvashtri' 6-max Seat #4 is the button
Seat 3: popeluha ($43.50 in chips)
Seat 4: MTails ($134.16 in chips)
MTails: posts small blind $1
popeluha: posts big blind $3
*** HOLE CARDS ***
MTails: folds
Uncalled bet ($2) returned to popeluha
popeluha collected $2 from pot
*** SUMMARY ***
Total pot $2 | Rake $0
Seat 3: popeluha (big blind) collected ($2)
Seat 4: MTails (button) (small blind) folded before Flop


PokerStars Hand #162028651189:  Hold'em Limit ($3/$6 USD) - 2016/11/27 4:56:07 ET
Table 'Tvashtri' 6-max Seat #3 is the button
Seat 3: popeluha ($44.50 in chips)
Seat 4: MTails ($133.16 in chips)
popeluha: posts small blind $1
MTails: posts big blind $3
*** HOLE CARDS ***
popeluha: folds
Uncalled bet ($2) returned to MTails
MTails collected $2 from pot
*** SUMMARY ***
Total pot $2 | Rake $0
Seat 3: popeluha (button) (small blind) folded before Flop
Seat 4: MTails (big blind) collected ($2)


PokerStars Hand #162028654983:  Hold'em Limit ($3/$6 USD) - 2016/11/27 4:56:16 ET
Table 'Tvashtri' 6-max Seat #3 is the button
Seat 3: popeluha ($44.50 in chips)
Seat 4: MTails ($133.16 in chips)
popeluha: posts small blind $1
MTails: posts big blind $3
*** HOLE CARDS ***
popeluha: raises $3 to $6
MTails: folds
Uncalled bet ($3) returned to popeluha
popeluha collected $6 from pot
*** SUMMARY ***
Total pot $6 | Rake $0
Seat 3: popeluha (button) (small blind) collected ($6)
Seat 4: MTails (big blind) folded before Flop


PokerStars Hand #162028663606:  Hold'em Limit ($3/$6 USD) - 2016/11/27 4:56:38 ET
Table 'Tvashtri' 6-max Seat #4 is the button
Seat 3: popeluha ($47.50 in chips)
Seat 4: MTails ($130.16 in chips)
MTails: posts small blind $1
popeluha: posts big blind $3
*** HOLE CARDS ***
MTails: raises $3 to $6
popeluha: calls $3
*** FLOP *** [7d 5c Qs]
popeluha: checks
MTails: bets $3
popeluha: calls $3
*** TURN *** [7d 5c Qs] [Tc]
popeluha: checks
MTails: bets $6
popeluha: folds
Uncalled bet ($6) returned to MTails
MTails collected $17.64 from pot
*** SUMMARY ***
Total pot $18 | Rake $0.36
Board [7d 5c Qs Tc]
Seat 3: popeluha (big blind) folded on the Turn
Seat 4: MTails (button) (small blind) collected ($17.64)


PokerStars Hand #162028669212:  Hold'em Limit ($3/$6 USD) - 2016/11/27 4:56:52 ET
Table 'Tvashtri' 6-max Seat #3 is the button
Seat 3: popeluha ($38.50 in chips)
Seat 4: MTails ($138.80 in chips)
popeluha: posts small blind $1
MTails: posts big blind $3
*** HOLE CARDS ***
popeluha: raises $3 to $6
MTails: calls $3
*** FLOP *** [Td 3s Ts]
MTails: checks
popeluha: checks
*** TURN *** [Td 3s Ts] [Ah]
MTails: bets $6
popeluha: folds
Uncalled bet ($6) returned to MTails
MTails collected $11.76 from pot
*** SUMMARY ***
Total pot $12 | Rake $0.24
Board [Td 3s Ts Ah]
Seat 3: popeluha (button) (small blind) folded on the Turn
Seat 4: MTails (big blind) collected ($11.76)


PokerStars Hand #162028681056:  Hold'em Limit ($3/$6 USD) - 2016/11/27 4:57:21 ET
Table 'Tvashtri' 6-max Seat #3 is the button
Seat 3: popeluha ($41.14 in chips)
Seat 4: MTails ($135.56 in chips)
popeluha: posts small blind $1
MTails: posts big blind $3
*** HOLE CARDS ***
popeluha: folds
Uncalled bet ($2) returned to MTails
MTails collected $2 from pot
MTails: doesn't show hand
*** SUMMARY ***
Total pot $2 | Rake $0
Seat 3: popeluha (button) (small blind) folded before Flop
Seat 4: MTails (big blind) collected ($2)


PokerStars Hand #162028674353:  Hold'em Limit ($3/$6 USD) - 2016/11/27 4:57:05 ET
Table 'Tvashtri' 6-max Seat #4 is the button
Seat 3: popeluha ($32.50 in chips)
Seat 4: MTails ($144.56 in chips)
MTails: posts small blind $1
popeluha: posts big blind $3
*** HOLE CARDS ***
MTails: raises $3 to $6
popeluha: calls $3
*** FLOP *** [9d 9c Kc]
popeluha: checks
MTails: bets $3
popeluha: calls $3
*** TURN *** [9d 9c Kc] [Js]
popeluha: checks
MTails: checks
*** RIVER *** [9d 9c Kc Js] [2s]
popeluha: bets $6
MTails: folds
Uncalled bet ($6) returned to popeluha
popeluha collected $17.64 from pot
*** SUMMARY ***
Total pot $18 | Rake $0.36
Board [9d 9c Kc Js 2s]
Seat 3: popeluha (big blind) collected ($17.64)
Seat 4: MTails (button) (small blind) folded on the River


PokerStars Hand #162028682833:  Hold'em Limit ($3/$6 USD) - 2016/11/27 4:57:26 ET
Table 'Tvashtri' 6-max Seat #4 is the button
Seat 3: popeluha ($40.14 in chips)
Seat 4: MTails ($136.56 in chips)
MTails: posts small blind $1
popeluha: posts big blind $3
*** HOLE CARDS ***
MTails: raises $3 to $6
popeluha: calls $3
*** FLOP *** [Jd 3c 6s]
popeluha: checks
MTails: bets $3
popeluha: calls $3
*** TURN *** [Jd 3c 6s] [6d]
popeluha: checks
MTails: bets $6
popeluha: calls $6
*** RIVER *** [Jd 3c 6s 6d] [Qs]
popeluha: checks
MTails: bets $6
popeluha: calls $6
*** SHOW DOWN ***
MTails: shows [6c Jh] (a full house, Sixes full of Jacks)
popeluha: mucks hand
MTails collected $41.50 from pot
*** SUMMARY ***
Total pot $42 | Rake $0.50
Board [Jd 3c 6s 6d Qs]
Seat 3: popeluha (big blind) mucked
Seat 4: MTails (button) (small blind) showed [6c Jh] and won ($41.50) with a full house, Sixes full of Jacks


PokerStars Hand #162028702669:  Hold'em Limit ($3/$6 USD) - 2016/11/27 4:58:15 ET
Table 'Tvashtri' 6-max Seat #4 is the button
Seat 3: popeluha ($31.64 in chips)
Seat 4: MTails ($144.06 in chips)
MTails: posts small blind $1
popeluha: posts big blind $3
*** HOLE CARDS ***
MTails: raises $3 to $6
popeluha: raises $3 to $9
MTails: calls $3
*** FLOP *** [Qs Td Ac]
popeluha: bets $3
MTails: calls $3
*** TURN *** [Qs Td Ac] [7s]
popeluha: bets $6
MTails: folds
Uncalled bet ($6) returned to popeluha
popeluha collected $23.52 from pot
ZOGI joins the table at seat #6
*** SUMMARY ***
Total pot $24 | Rake $0.48
Board [Qs Td Ac 7s]
Seat 3: popeluha (big blind) collected ($23.52)
Seat 4: MTails (button) (small blind) folded on the Turn


PokerStars Hand #162028693311:  Hold'em Limit ($3/$6 USD) - 2016/11/27 4:57:52 ET
Table 'Tvashtri' 6-max Seat #4 is the button
Seat 3: popeluha ($18.14 in chips)
Seat 4: MTails ($158.06 in chips)
MTails: posts small blind $1
popeluha: posts big blind $3
*** HOLE CARDS ***
MTails: raises $3 to $6
popeluha: calls $3
*** FLOP *** [9c Ah 3c]
popeluha: checks
MTails: bets $3
popeluha: calls $3
*** TURN *** [9c Ah 3c] [4h]
popeluha: checks
MTails: bets $6
popeluha: raises $3.14 to $9.14 and is all-in
MTails: folds
Uncalled bet ($3.14) returned to popeluha
popeluha collected $29.50 from pot
*** SUMMARY ***
Total pot $30 | Rake $0.50
Board [9c Ah 3c 4h]
Seat 3: popeluha (big blind) collected ($29.50)
Seat 4: MTails (button) (small blind) folded on the Turn


PokerStars Hand #162028691471:  Hold'em Limit ($3/$6 USD) - 2016/11/27 4:57:47 ET
Table 'Tvashtri' 6-max Seat #3 is the button
Seat 3: popeluha ($19.14 in chips)
Seat 4: MTails ($157.06 in chips)
popeluha: posts small blind $1
MTails: posts big blind $3
*** HOLE CARDS ***
popeluha: folds
Uncalled bet ($2) returned to MTails
MTails collected $2 from pot
MTails: doesn't show hand
*** SUMMARY ***
Total pot $2 | Rake $0
Seat 3: popeluha (button) (small blind) folded before Flop
Seat 4: MTails (big blind) collected ($2)


PokerStars Hand #162028700497:  Hold'em Limit ($3/$6 USD) - 2016/11/27 4:58:10 ET
Table 'Tvashtri' 6-max Seat #3 is the button
Seat 3: popeluha ($32.64 in chips)
Seat 4: MTails ($143.06 in chips)
popeluha: posts small blind $1
MTails: posts big blind $3
*** HOLE CARDS ***
popeluha: folds
Uncalled bet ($2) returned to MTails
MTails collected $2 from pot
MTails: doesn't show hand
*** SUMMARY ***
Total pot $2 | Rake $0
Seat 3: popeluha (button) (small blind) folded before Flop
Seat 4: MTails (big blind) collected ($2)


PokerStars Hand #162028708036:  Hold'em Limit ($3/$6 USD) - 2016/11/27 4:58:28 ET
Table 'Tvashtri' 6-max Seat #3 is the button
Seat 3: popeluha ($43.16 in chips)
Seat 4: MTails ($132.06 in chips)
popeluha: posts small blind $1
MTails: posts big blind $3
*** HOLE CARDS ***
popeluha: folds
Uncalled bet ($2) returned to MTails
MTails collected $2 from pot
*** SUMMARY ***
Total pot $2 | Rake $0
Seat 3: popeluha (button) (small blind) folded before Flop
Seat 4: MTails (big blind) collected ($2)


PokerStars Hand #162028745665:  Hold'em Limit ($3/$6 USD) - 2016/11/27 5:00:01 ET
Table 'Tvashtri' 6-max Seat #2 is the button
Seat 2: Bassie830 ($131.44 in chips)
Seat 6: ZOGI ($93.86 in chips)
Bassie830: posts small blind $1
ZOGI: posts big blind $3
*** HOLE CARDS ***
Bassie830: folds
Uncalled bet ($2) returned to ZOGI
ZOGI collected $2 from pot
*** SUMMARY ***
Total pot $2 | Rake $0
Seat 2: Bassie830 (button) (small blind) folded before Flop
Seat 6: ZOGI (big blind) collected ($2)


PokerStars Hand #162028736327:  Hold'em Limit ($3/$6 USD) - 2016/11/27 4:59:38 ET
Table 'Tvashtri' 6-max Seat #2 is the button
Seat 2: Bassie830 ($132.50 in chips)
Seat 6: ZOGI ($92.92 in chips)
Bassie830: posts small blind $1
popeluha: is sitting out
MTails: is sitting out
ZOGI: posts big blind $3
*** HOLE CARDS ***
Bassie830: folds
Uncalled bet ($2) returned to ZOGI
ZOGI collected $2 from pot
*** SUMMARY ***
Total pot $2 | Rake $0
Seat 2: Bassie830 (button) (small blind) folded before Flop
Seat 6: ZOGI (big blind) collected ($2)


PokerStars Hand #162028738528:  Hold'em Limit ($3/$6 USD) - 2016/11/27 4:59:43 ET
Table 'Tvashtri' 6-max Seat #6 is the button
Seat 2: Bassie830 ($131.50 in chips)
Seat 6: ZOGI ($93.92 in chips)
ZOGI: posts small blind $1
Bassie830: posts big blind $3
*** HOLE CARDS ***
ZOGI: calls $2
Bassie830: checks
*** FLOP *** [4d 4h 8c]
Bassie830: checks
ZOGI: checks
*** TURN *** [4d 4h 8c] [Ac]
Bassie830: checks
ZOGI: checks
*** RIVER *** [4d 4h 8c Ac] [8d]
Bassie830: checks
ZOGI: checks
*** SHOW DOWN ***
Bassie830: shows [9d 7h] (two pair, Eights and Fours)
ZOGI: shows [Qc 3c] (two pair, Eights and Fours)
Bassie830 collected $2.94 from pot
ZOGI collected $2.94 from pot
*** SUMMARY ***
Total pot $6 | Rake $0.12
Board [4d 4h 8c Ac 8d]
Seat 2: Bassie830 (big blind) showed [9d 7h] and won ($2.94) with two pair, Eights and Fours
Seat 6: ZOGI (button) (small blind) showed [Qc 3c] and won ($2.94) with two pair, Eights and Fours


PokerStars Hand #162028755468:  Hold'em Limit ($3/$6 USD) - 2016/11/27 5:00:24 ET
Table 'Tvashtri' 6-max Seat #2 is the button
Seat 2: Bassie830 ($131.44 in chips)
Seat 6: ZOGI ($93.86 in chips)
Bassie830: posts small blind $1
ZOGI: posts big blind $3
*** HOLE CARDS ***
Bassie830: folds
Uncalled bet ($2) returned to ZOGI
ZOGI collected $2 from pot
*** SUMMARY ***
Total pot $2 | Rake $0
Seat 2: Bassie830 (button) (small blind) folded before Flop
Seat 6: ZOGI (big blind) collected ($2)


PokerStars Hand #162028751464:  Hold'em Limit ($3/$6 USD) - 2016/11/27 5:00:15 ET
Table 'Tvashtri' 6-max Seat #6 is the button
Seat 2: Bassie830 ($130.44 in chips)
Seat 6: ZOGI ($94.86 in chips)
ZOGI: posts small blind $1
Bassie830: posts big blind $3
*** HOLE CARDS ***
ZOGI: folds
Uncalled bet ($2) returned to Bassie830
Bassie830 collected $2 from pot
Bassie830: doesn't show hand
*** SUMMARY ***
Total pot $2 | Rake $0
Seat 2: Bassie830 (big blind) collected ($2)
Seat 6: ZOGI (button) (small blind) folded before Flop


