PokerStars Hand #153910075475:  Hold'em Limit ($3/$6 USD) - 2016/05/27 10:09:22 ET
Table 'Tyche' 6-max Seat #4 is the button
Seat 3: sawel888 ($128.93 in chips)
Seat 4: TbIP-TbIP 88 ($73 in chips)
TbIP-TbIP 88: posts small blind $1
sawel888: posts big blind $3
*** HOLE CARDS ***
TbIP-TbIP 88: raises $3 to $6
sawel888: calls $3
*** FLOP *** [Qd Ts Th]
sawel888: checks
TbIP-TbIP 88: bets $3
sawel888: calls $3
*** TURN *** [Qd Ts Th] [9d]
sawel888: checks
TbIP-TbIP 88: checks
*** RIVER *** [Qd Ts Th 9d] [Ad]
sawel888: bets $6
TbIP-TbIP 88: folds
Uncalled bet ($6) returned to sawel888
sawel888 collected $17.64 from pot
sawel888: doesn't show hand
*** SUMMARY ***
Total pot $18 | Rake $0.36
Board [Qd Ts Th 9d Ad]
Seat 3: sawel888 (big blind) collected ($17.64)
Seat 4: TbIP-TbIP 88 (button) (small blind) folded on the River


PokerStars Hand #153910069914:  Hold'em Limit ($3/$6 USD) - 2016/05/27 10:09:12 ET
Table 'Tyche' 6-max Seat #3 is the button
Seat 3: sawel888 ($129.93 in chips)
Seat 4: TbIP-TbIP 88 ($72 in chips)
sawel888: posts small blind $1
TbIP-TbIP 88: posts big blind $3
*** HOLE CARDS ***
sawel888: folds
Uncalled bet ($2) returned to TbIP-TbIP 88
TbIP-TbIP 88 collected $2 from pot
TbIP-TbIP 88: doesn't show hand
*** SUMMARY ***
Total pot $2 | Rake $0
Seat 3: sawel888 (button) (small blind) folded before Flop
Seat 4: TbIP-TbIP 88 (big blind) collected ($2)


PokerStars Hand #153910118325:  Hold'em Limit ($3/$6 USD) - 2016/05/27 10:10:37 ET
Table 'Tyche' 6-max Seat #3 is the button
Seat 3: sawel888 ($120.57 in chips)
Seat 4: TbIP-TbIP 88 ($88.50 in chips)
sawel888: posts small blind $1
TbIP-TbIP 88: posts big blind $3
*** HOLE CARDS ***
sawel888: raises $3 to $6
TbIP-TbIP 88: calls $3
*** FLOP *** [Qs 3d 2h]
TbIP-TbIP 88: checks
sawel888: bets $3
TbIP-TbIP 88: folds
Uncalled bet ($3) returned to sawel888
sawel888 collected $11.76 from pot
sawel888: doesn't show hand
*** SUMMARY ***
Total pot $12 | Rake $0.24
Board [Qs 3d 2h]
Seat 3: sawel888 (button) (small blind) collected ($11.76)
Seat 4: TbIP-TbIP 88 (big blind) folded on the Flop


PokerStars Hand #153910114818:  Hold'em Limit ($3/$6 USD) - 2016/05/27 10:10:31 ET
Table 'Tyche' 6-max Seat #4 is the button
Seat 3: sawel888 ($119.57 in chips)
Seat 4: TbIP-TbIP 88 ($89.50 in chips)
TbIP-TbIP 88: posts small blind $1
sawel888: posts big blind $3
*** HOLE CARDS ***
TbIP-TbIP 88: folds
Uncalled bet ($2) returned to sawel888
sawel888 collected $2 from pot
sawel888: doesn't show hand
*** SUMMARY ***
Total pot $2 | Rake $0
Seat 3: sawel888 (big blind) collected ($2)
Seat 4: TbIP-TbIP 88 (button) (small blind) folded before Flop


PokerStars Hand #153910092360:  Hold'em Limit ($3/$6 USD) - 2016/05/27 10:09:52 ET
Table 'Tyche' 6-max Seat #3 is the button
Seat 3: sawel888 ($137.57 in chips)
Seat 4: TbIP-TbIP 88 ($72 in chips)
sawel888: posts small blind $1
TbIP-TbIP 88: posts big blind $3
*** HOLE CARDS ***
sawel888: raises $3 to $6
TbIP-TbIP 88: calls $3
*** FLOP *** [As 3c Qs]
TbIP-TbIP 88: checks
sawel888: checks
*** TURN *** [As 3c Qs] [Th]
TbIP-TbIP 88: bets $6
sawel888: calls $6
*** RIVER *** [As 3c Qs Th] [9h]
TbIP-TbIP 88: bets $6
sawel888: calls $6
*** SHOW DOWN ***
TbIP-TbIP 88: shows [3d Ac] (two pair, Aces and Threes)
sawel888: mucks hand
TbIP-TbIP 88 collected $35.50 from pot
*** SUMMARY ***
Total pot $36 | Rake $0.50
Board [As 3c Qs Th 9h]
Seat 3: sawel888 (button) (small blind) mucked
Seat 4: TbIP-TbIP 88 (big blind) showed [3d Ac] and won ($35.50) with two pair, Aces and Threes


PokerStars Hand #153910148208:  Hold'em Limit ($3/$6 USD) - 2016/05/27 10:11:30 ET
Table 'Tyche' 6-max Seat #3 is the button
Seat 3: sawel888 ($130.97 in chips)
Seat 4: TbIP-TbIP 88 ($77.50 in chips)
sawel888: posts small blind $1
TbIP-TbIP 88: posts big blind $3
*** HOLE CARDS ***
sawel888: raises $3 to $6
TbIP-TbIP 88: calls $3
*** FLOP *** [4h Th 7d]
TbIP-TbIP 88: checks
sawel888: bets $3
TbIP-TbIP 88: raises $3 to $6
sawel888: calls $3
*** TURN *** [4h Th 7d] [7h]
TbIP-TbIP 88: bets $6
sawel888: raises $6 to $12
TbIP-TbIP 88: calls $6
*** RIVER *** [4h Th 7d 7h] [Ac]
TbIP-TbIP 88: checks
sawel888: bets $6
TbIP-TbIP 88: calls $6
*** SHOW DOWN ***
sawel888: shows [9s 4d] (two pair, Sevens and Fours)
TbIP-TbIP 88: shows [Jc 7s] (three of a kind, Sevens)
TbIP-TbIP 88 collected $59.50 from pot
*** SUMMARY ***
Total pot $60 | Rake $0.50
Board [4h Th 7d 7h Ac]
Seat 3: sawel888 (button) (small blind) showed [9s 4d] and lost with two pair, Sevens and Fours
Seat 4: TbIP-TbIP 88 (big blind) showed [Jc 7s] and won ($59.50) with three of a kind, Sevens


PokerStars Hand #153910141158:  Hold'em Limit ($3/$6 USD) - 2016/05/27 10:11:17 ET
Table 'Tyche' 6-max Seat #4 is the button
Seat 3: sawel888 ($133.97 in chips)
Seat 4: TbIP-TbIP 88 ($74.50 in chips)
TbIP-TbIP 88: posts small blind $1
sawel888: posts big blind $3
*** HOLE CARDS ***
liza3008 joins the table at seat #2
TbIP-TbIP 88: raises $3 to $6
sawel888: folds
Uncalled bet ($3) returned to TbIP-TbIP 88
TbIP-TbIP 88 collected $6 from pot
TbIP-TbIP 88: doesn't show hand
*** SUMMARY ***
Total pot $6 | Rake $0
Seat 3: sawel888 (big blind) folded before Flop
Seat 4: TbIP-TbIP 88 (button) (small blind) collected ($6)


PokerStars Hand #153910137991:  Hold'em Limit ($3/$6 USD) - 2016/05/27 10:11:12 ET
Table 'Tyche' 6-max Seat #3 is the button
Seat 3: sawel888 ($134.97 in chips)
Seat 4: TbIP-TbIP 88 ($73.50 in chips)
sawel888: posts small blind $1
TbIP-TbIP 88: posts big blind $3
*** HOLE CARDS ***
sawel888: folds
Uncalled bet ($2) returned to TbIP-TbIP 88
TbIP-TbIP 88 collected $2 from pot
TbIP-TbIP 88: doesn't show hand
*** SUMMARY ***
Total pot $2 | Rake $0
Seat 3: sawel888 (button) (small blind) folded before Flop
Seat 4: TbIP-TbIP 88 (big blind) collected ($2)


PokerStars Hand #153910128069:  Hold'em Limit ($3/$6 USD) - 2016/05/27 10:10:54 ET
Table 'Tyche' 6-max Seat #4 is the button
Seat 3: sawel888 ($126.33 in chips)
Seat 4: TbIP-TbIP 88 ($82.50 in chips)
TbIP-TbIP 88: posts small blind $1
sawel888: posts big blind $3
*** HOLE CARDS ***
TbIP-TbIP 88: raises $3 to $6
sawel888: raises $3 to $9
TbIP-TbIP 88: calls $3
*** FLOP *** [Jc 6c 7d]
sawel888: bets $3
TbIP-TbIP 88: folds
Uncalled bet ($3) returned to sawel888
sawel888 collected $17.64 from pot
sawel888: doesn't show hand
*** SUMMARY ***
Total pot $18 | Rake $0.36
Board [Jc 6c 7d]
Seat 3: sawel888 (big blind) collected ($17.64)
Seat 4: TbIP-TbIP 88 (button) (small blind) folded on the Flop


PokerStars Hand #153911245362:  Hold'em Limit ($3/$6 USD) - 2016/05/27 10:42:44 ET
Table 'Tyche' 6-max Seat #5 is the button
Seat 2: Krazy90 ($149.20 in chips)
Seat 5: TheFazermint ($535.36 in chips)
TheFazermint: posts small blind $1
Krazy90: posts big blind $3
*** HOLE CARDS ***
TheFazermint: calls $2
Krazy90: raises $3 to $6
TheFazermint: calls $3
*** FLOP *** [4h 6d As]
Krazy90: bets $3
TheFazermint: calls $3
*** TURN *** [4h 6d As] [5d]
Krazy90: bets $6
TheFazermint: calls $6
*** RIVER *** [4h 6d As 5d] [3d]
Krazy90: bets $6
TheFazermint: folds
Uncalled bet ($6) returned to Krazy90
Krazy90 collected $29.50 from pot
Krazy90: doesn't show hand
*** SUMMARY ***
Total pot $30 | Rake $0.50
Board [4h 6d As 5d 3d]
Seat 2: Krazy90 (big blind) collected ($29.50)
Seat 5: TheFazermint (button) (small blind) folded on the River


