PokerStars Hand #144398877732:  Hold'em Limit ($3/$6 USD) - 2015/11/26 3:50:54 ET
Table 'Tydeus' 2-max Seat #2 is the button
Seat 1: Luarvik888 ($132.52 in chips)
Seat 2: krossguard ($107 in chips)
krossguard: posts small blind $1
Luarvik888: posts big blind $3
*** HOLE CARDS ***
krossguard: raises $3 to $6
Luarvik888: raises $3 to $9
krossguard: calls $3
*** FLOP *** [Qc Ac 4s]
Luarvik888: bets $3
krossguard: calls $3
*** TURN *** [Qc Ac 4s] [9s]
Luarvik888: checks
krossguard: checks
*** RIVER *** [Qc Ac 4s 9s] [Ks]
Luarvik888: checks
krossguard: checks
*** SHOW DOWN ***
Luarvik888: shows [7s 7h] (a pair of Sevens)
krossguard: mucks hand
Luarvik888 collected $23.52 from pot
*** SUMMARY ***
Total pot $24 | Rake $0.48
Board [Qc Ac 4s 9s Ks]
Seat 1: Luarvik888 (big blind) showed [7s 7h] and won ($23.52) with a pair of Sevens
Seat 2: krossguard (button) (small blind) mucked


PokerStars Hand #144398872839:  Hold'em Limit ($3/$6 USD) - 2015/11/26 3:50:39 ET
Table 'Tydeus' 2-max Seat #1 is the button
Seat 1: Luarvik888 ($121 in chips)
Seat 2: krossguard ($119 in chips)
Luarvik888: posts small blind $1
krossguard: posts big blind $3
*** HOLE CARDS ***
Luarvik888: raises $3 to $6
krossguard: calls $3
*** FLOP *** [4h 2c Tc]
krossguard: checks
Luarvik888: checks
*** TURN *** [4h 2c Tc] [9h]
krossguard: checks
Luarvik888: bets $6
krossguard: calls $6
*** RIVER *** [4h 2c Tc 9h] [6d]
krossguard: checks
Luarvik888: checks
*** SHOW DOWN ***
krossguard: shows [5c Qh] (high card Queen)
Luarvik888: shows [Qc Kd] (high card King)
Luarvik888 collected $23.52 from pot
*** SUMMARY ***
Total pot $24 | Rake $0.48
Board [4h 2c Tc 9h 6d]
Seat 1: Luarvik888 (button) (small blind) showed [Qc Kd] and won ($23.52) with high card King
Seat 2: krossguard (big blind) showed [5c Qh] and lost with high card Queen


PokerStars Hand #144398887663:  Hold'em Limit ($3/$6 USD) - 2015/11/26 3:51:24 ET
Table 'Tydeus' 2-max Seat #2 is the button
Seat 1: Luarvik888 ($138.04 in chips)
Seat 2: krossguard ($100.76 in chips)
krossguard: posts small blind $1
Luarvik888: posts big blind $3
*** HOLE CARDS ***
krossguard: raises $3 to $6
Luarvik888: folds
Uncalled bet ($3) returned to krossguard
krossguard collected $6 from pot
krossguard: doesn't show hand
*** SUMMARY ***
Total pot $6 | Rake $0
Seat 1: Luarvik888 (big blind) folded before Flop
Seat 2: krossguard (button) (small blind) collected ($6)


PokerStars Hand #144398883572:  Hold'em Limit ($3/$6 USD) - 2015/11/26 3:51:11 ET
Table 'Tydeus' 2-max Seat #1 is the button
Seat 1: Luarvik888 ($144.04 in chips)
Seat 2: krossguard ($95 in chips)
Luarvik888: posts small blind $1
krossguard: posts big blind $3
*** HOLE CARDS ***
Luarvik888: raises $3 to $6
krossguard: calls $3
*** FLOP *** [9s 9h 4c]
krossguard: checks
Luarvik888: checks
*** TURN *** [9s 9h 4c] [6h]
krossguard: checks
Luarvik888: checks
*** RIVER *** [9s 9h 4c 6h] [9c]
krossguard: checks
Luarvik888: checks
*** SHOW DOWN ***
krossguard: shows [2d Ks] (three of a kind, Nines)
Luarvik888: mucks hand
krossguard collected $11.76 from pot
*** SUMMARY ***
Total pot $12 | Rake $0.24
Board [9s 9h 4c 6h 9c]
Seat 1: Luarvik888 (button) (small blind) mucked
Seat 2: krossguard (big blind) showed [2d Ks] and won ($11.76) with three of a kind, Nines


PokerStars Hand #144398891286:  Hold'em Limit ($3/$6 USD) - 2015/11/26 3:51:35 ET
Table 'Tydeus' 2-max Seat #2 is the button
Seat 1: Luarvik888 ($134.04 in chips)
Seat 2: krossguard ($104.76 in chips)
krossguard: posts small blind $1
Luarvik888: posts big blind $3
*** HOLE CARDS ***
krossguard: folds
Uncalled bet ($2) returned to Luarvik888
Luarvik888 collected $2 from pot
Luarvik888: doesn't show hand
*** SUMMARY ***
Total pot $2 | Rake $0
Seat 1: Luarvik888 (big blind) collected ($2)
Seat 2: krossguard (button) (small blind) folded before Flop


PokerStars Hand #144398889727:  Hold'em Limit ($3/$6 USD) - 2015/11/26 3:51:30 ET
Table 'Tydeus' 2-max Seat #1 is the button
Seat 1: Luarvik888 ($135.04 in chips)
Seat 2: krossguard ($103.76 in chips)
Luarvik888: posts small blind $1
krossguard: posts big blind $3
*** HOLE CARDS ***
Luarvik888: folds
Uncalled bet ($2) returned to krossguard
krossguard collected $2 from pot
krossguard: doesn't show hand
*** SUMMARY ***
Total pot $2 | Rake $0
Seat 1: Luarvik888 (button) (small blind) folded before Flop
Seat 2: krossguard (big blind) collected ($2)


PokerStars Hand #144398900023:  Hold'em Limit ($3/$6 USD) - 2015/11/26 3:52:02 ET
Table 'Tydeus' 2-max Seat #1 is the button
Seat 1: Luarvik888 ($126.04 in chips)
Seat 2: krossguard ($112.52 in chips)
Luarvik888: posts small blind $1
krossguard: posts big blind $3
*** HOLE CARDS ***
Luarvik888: folds
Uncalled bet ($2) returned to krossguard
krossguard collected $2 from pot
krossguard: doesn't show hand
*** SUMMARY ***
Total pot $2 | Rake $0
Seat 1: Luarvik888 (button) (small blind) folded before Flop
Seat 2: krossguard (big blind) collected ($2)


PokerStars Hand #144398898117:  Hold'em Limit ($3/$6 USD) - 2015/11/26 3:51:56 ET
Table 'Tydeus' 2-max Seat #2 is the button
Seat 1: Luarvik888 ($129.04 in chips)
Seat 2: krossguard ($109.52 in chips)
krossguard: posts small blind $1
Luarvik888: posts big blind $3
*** HOLE CARDS ***
krossguard: raises $3 to $6
Luarvik888: folds
Uncalled bet ($3) returned to krossguard
krossguard collected $6 from pot
krossguard: doesn't show hand
*** SUMMARY ***
Total pot $6 | Rake $0
Seat 1: Luarvik888 (big blind) folded before Flop
Seat 2: krossguard (button) (small blind) collected ($6)


PokerStars Hand #144398892821:  Hold'em Limit ($3/$6 USD) - 2015/11/26 3:51:40 ET
Table 'Tydeus' 2-max Seat #1 is the button
Seat 1: Luarvik888 ($135.04 in chips)
Seat 2: krossguard ($103.76 in chips)
Luarvik888: posts small blind $1
krossguard: posts big blind $3
*** HOLE CARDS ***
Luarvik888: raises $3 to $6
krossguard: calls $3
*** FLOP *** [Qh 2s Kd]
krossguard: checks
Luarvik888: checks
*** TURN *** [Qh 2s Kd] [Td]
krossguard: checks
Luarvik888: checks
*** RIVER *** [Qh 2s Kd Td] [Jd]
krossguard: checks
Luarvik888: checks
*** SHOW DOWN ***
krossguard: shows [3s 9d] (a straight, Nine to King)
Luarvik888: mucks hand
krossguard collected $11.76 from pot
*** SUMMARY ***
Total pot $12 | Rake $0.24
Board [Qh 2s Kd Td Jd]
Seat 1: Luarvik888 (button) (small blind) mucked
Seat 2: krossguard (big blind) showed [3s 9d] and won ($11.76) with a straight, Nine to King


PokerStars Hand #144398901507:  Hold'em Limit ($3/$6 USD) - 2015/11/26 3:52:06 ET
Table 'Tydeus' 2-max Seat #2 is the button
Seat 1: Luarvik888 ($125.04 in chips)
Seat 2: krossguard ($113.52 in chips)
krossguard: posts small blind $1
Luarvik888: posts big blind $3
*** HOLE CARDS ***
krossguard: raises $3 to $6
Luarvik888: calls $3
*** FLOP *** [6c Ad 9d]
Luarvik888: checks
krossguard: bets $3
Luarvik888: calls $3
*** TURN *** [6c Ad 9d] [Kh]
Luarvik888: checks
krossguard: bets $6
Luarvik888: folds
Uncalled bet ($6) returned to krossguard
krossguard collected $17.64 from pot
krossguard: doesn't show hand
*** SUMMARY ***
Total pot $18 | Rake $0.36
Board [6c Ad 9d Kh]
Seat 1: Luarvik888 (big blind) folded on the Turn
Seat 2: krossguard (button) (small blind) collected ($17.64)


PokerStars Hand #144398906487:  Hold'em Limit ($3/$6 USD) - 2015/11/26 3:52:22 ET
Table 'Tydeus' 2-max Seat #1 is the button
Seat 1: Luarvik888 ($116.04 in chips)
Seat 2: krossguard ($122.16 in chips)
Luarvik888: posts small blind $1
krossguard: posts big blind $3
*** HOLE CARDS ***
Luarvik888: raises $3 to $6
krossguard: calls $3
*** FLOP *** [Qs Jd 7s]
krossguard: checks
Luarvik888: bets $3
krossguard: raises $3 to $6
Luarvik888: calls $3
*** TURN *** [Qs Jd 7s] [As]
krossguard: bets $6
Luarvik888: calls $6
*** RIVER *** [Qs Jd 7s As] [Kc]
krossguard: bets $6
Luarvik888: folds
Uncalled bet ($6) returned to krossguard
krossguard collected $35.50 from pot
krossguard: doesn't show hand
*** SUMMARY ***
Total pot $36 | Rake $0.50
Board [Qs Jd 7s As Kc]
Seat 1: Luarvik888 (button) (small blind) folded on the River
Seat 2: krossguard (big blind) collected ($35.50)


PokerStars Hand #144398930646:  Hold'em Limit ($3/$6 USD) - 2015/11/26 3:53:35 ET
Table 'Tydeus' 2-max Seat #2 is the button
Seat 1: Luarvik888 ($94.54 in chips)
Seat 2: krossguard ($142.06 in chips)
krossguard: posts small blind $1
Luarvik888: posts big blind $3
*** HOLE CARDS ***
krossguard: raises $3 to $6
Luarvik888: folds
Uncalled bet ($3) returned to krossguard
krossguard collected $6 from pot
krossguard: doesn't show hand
*** SUMMARY ***
Total pot $6 | Rake $0
Seat 1: Luarvik888 (big blind) folded before Flop
Seat 2: krossguard (button) (small blind) collected ($6)


PokerStars Hand #144398925458:  Hold'em Limit ($3/$6 USD) - 2015/11/26 3:53:20 ET
Table 'Tydeus' 2-max Seat #1 is the button
Seat 1: Luarvik888 ($100.54 in chips)
Seat 2: krossguard ($136.30 in chips)
Luarvik888: posts small blind $1
krossguard: posts big blind $3
*** HOLE CARDS ***
Luarvik888: raises $3 to $6
krossguard: calls $3
*** FLOP *** [2d Tc 9h]
krossguard: checks
Luarvik888: checks
*** TURN *** [2d Tc 9h] [Ks]
krossguard: checks
Luarvik888: checks
*** RIVER *** [2d Tc 9h Ks] [9c]
krossguard: bets $6
Luarvik888: folds
Uncalled bet ($6) returned to krossguard
krossguard collected $11.76 from pot
krossguard: doesn't show hand
*** SUMMARY ***
Total pot $12 | Rake $0.24
Board [2d Tc 9h Ks 9c]
Seat 1: Luarvik888 (button) (small blind) folded on the River
Seat 2: krossguard (big blind) collected ($11.76)


PokerStars Hand #144398912230:  Hold'em Limit ($3/$6 USD) - 2015/11/26 3:52:39 ET
Table 'Tydeus' 2-max Seat #2 is the button
Seat 1: Luarvik888 ($98.04 in chips)
Seat 2: krossguard ($139.66 in chips)
krossguard: posts small blind $1
Luarvik888: posts big blind $3
*** HOLE CARDS ***
krossguard: raises $3 to $6
Luarvik888: calls $3
*** FLOP *** [Kc 8h 2d]
Luarvik888: checks
krossguard: bets $3
Luarvik888: calls $3
*** TURN *** [Kc 8h 2d] [3c]
Luarvik888: checks
krossguard: checks
*** RIVER *** [Kc 8h 2d 3c] [Js]
Luarvik888: checks
krossguard: checks
*** SHOW DOWN ***
Luarvik888: shows [5c Qc] (high card King)
krossguard: shows [2h 5h] (a pair of Deuces)
krossguard collected $17.64 from pot
*** SUMMARY ***
Total pot $18 | Rake $0.36
Board [Kc 8h 2d 3c Js]
Seat 1: Luarvik888 (big blind) showed [5c Qc] and lost with high card King
Seat 2: krossguard (button) (small blind) showed [2h 5h] and won ($17.64) with a pair of Deuces


PokerStars Hand #144398922980:  Hold'em Limit ($3/$6 USD) - 2015/11/26 3:53:12 ET
Table 'Tydeus' 2-max Seat #2 is the button
Seat 1: Luarvik888 ($103.54 in chips)
Seat 2: krossguard ($133.30 in chips)
krossguard: posts small blind $1
Luarvik888: posts big blind $3
*** HOLE CARDS ***
krossguard: raises $3 to $6
Luarvik888: folds
Uncalled bet ($3) returned to krossguard
krossguard collected $6 from pot
krossguard: doesn't show hand
*** SUMMARY ***
Total pot $6 | Rake $0
Seat 1: Luarvik888 (big blind) folded before Flop
Seat 2: krossguard (button) (small blind) collected ($6)


PokerStars Hand #144398918157:  Hold'em Limit ($3/$6 USD) - 2015/11/26 3:52:57 ET
Table 'Tydeus' 2-max Seat #1 is the button
Seat 1: Luarvik888 ($89.04 in chips)
Seat 2: krossguard ($148.30 in chips)
Luarvik888: posts small blind $1
krossguard: posts big blind $3
*** HOLE CARDS ***
Luarvik888: raises $3 to $6
krossguard: calls $3
*** FLOP *** [Jc 3d 6s]
krossguard: checks
Luarvik888: bets $3
krossguard: calls $3
*** TURN *** [Jc 3d 6s] [7d]
krossguard: checks
Luarvik888: bets $6
krossguard: calls $6
*** RIVER *** [Jc 3d 6s 7d] [9h]
krossguard: checks
Luarvik888: checks
*** SHOW DOWN ***
krossguard: shows [4s Ah] (high card Ace)
Luarvik888: shows [6d 8d] (a pair of Sixes)
Luarvik888 collected $29.50 from pot
*** SUMMARY ***
Total pot $30 | Rake $0.50
Board [Jc 3d 6s 7d 9h]
Seat 1: Luarvik888 (button) (small blind) showed [6d 8d] and won ($29.50) with a pair of Sixes
Seat 2: krossguard (big blind) showed [4s Ah] and lost with high card Ace


PokerStars Hand #144398944392:  Hold'em Limit ($3/$6 USD) - 2015/11/26 3:54:18 ET
Table 'Tydeus' 2-max Seat #1 is the button
Seat 1: Luarvik888 ($71.54 in chips)
Seat 2: krossguard ($164.34 in chips)
Luarvik888: posts small blind $1
krossguard: posts big blind $3
*** HOLE CARDS ***
Luarvik888: raises $3 to $6
krossguard: raises $3 to $9
Luarvik888: raises $3 to $12
Betting is capped
krossguard: calls $3
*** FLOP *** [8h 8d Qs]
krossguard: checks
Luarvik888: bets $3
krossguard: calls $3
*** TURN *** [8h 8d Qs] [4c]
krossguard: checks
Luarvik888: checks
*** RIVER *** [8h 8d Qs 4c] [6d]
krossguard: checks
Luarvik888: bets $6
krossguard: calls $6
*** SHOW DOWN ***
Luarvik888: shows [7s 5d] (a straight, Four to Eight)
krossguard: mucks hand
Luarvik888 collected $41.50 from pot
*** SUMMARY ***
Total pot $42 | Rake $0.50
Board [8h 8d Qs 4c 6d]
Seat 1: Luarvik888 (button) (small blind) showed [7s 5d] and won ($41.50) with a straight, Four to Eight
Seat 2: krossguard (big blind) mucked


PokerStars Hand #144398933785:  Hold'em Limit ($3/$6 USD) - 2015/11/26 3:53:45 ET
Table 'Tydeus' 2-max Seat #2 is the button
Seat 1: Luarvik888 ($90.54 in chips)
Seat 2: krossguard ($146.06 in chips)
krossguard: posts small blind $1
Luarvik888: posts big blind $3
*** HOLE CARDS ***
krossguard: raises $3 to $6
Luarvik888: raises $3 to $9
krossguard: calls $3
*** FLOP *** [5c Js 3c]
Luarvik888: checks
krossguard: bets $3
Luarvik888: calls $3
*** TURN *** [5c Js 3c] [Qh]
Luarvik888: checks
krossguard: bets $6
Luarvik888: folds
Uncalled bet ($6) returned to krossguard
krossguard collected $23.52 from pot
krossguard: doesn't show hand
*** SUMMARY ***
Total pot $24 | Rake $0.48
Board [5c Js 3c Qh]
Seat 1: Luarvik888 (big blind) folded on the Turn
Seat 2: krossguard (button) (small blind) collected ($23.52)


PokerStars Hand #144398940530:  Hold'em Limit ($3/$6 USD) - 2015/11/26 3:54:06 ET
Table 'Tydeus' 2-max Seat #2 is the button
Seat 1: Luarvik888 ($77.54 in chips)
Seat 2: krossguard ($158.58 in chips)
krossguard: posts small blind $1
Luarvik888: posts big blind $3
*** HOLE CARDS ***
krossguard: raises $3 to $6
Luarvik888: calls $3
*** FLOP *** [Ac Qd 8c]
Luarvik888: checks
krossguard: bets $3
Luarvik888: folds
Uncalled bet ($3) returned to krossguard
krossguard collected $11.76 from pot
krossguard: doesn't show hand
*** SUMMARY ***
Total pot $12 | Rake $0.24
Board [Ac Qd 8c]
Seat 1: Luarvik888 (big blind) folded on the Flop
Seat 2: krossguard (button) (small blind) collected ($11.76)


PokerStars Hand #144398939089:  Hold'em Limit ($3/$6 USD) - 2015/11/26 3:54:01 ET
Table 'Tydeus' 2-max Seat #1 is the button
Seat 1: Luarvik888 ($78.54 in chips)
Seat 2: krossguard ($157.58 in chips)
Luarvik888: posts small blind $1
krossguard: posts big blind $3
*** HOLE CARDS ***
Luarvik888: folds
Uncalled bet ($2) returned to krossguard
krossguard collected $2 from pot
krossguard: doesn't show hand
*** SUMMARY ***
Total pot $2 | Rake $0
Seat 1: Luarvik888 (button) (small blind) folded before Flop
Seat 2: krossguard (big blind) collected ($2)


PokerStars Hand #144398932410:  Hold'em Limit ($3/$6 USD) - 2015/11/26 3:53:41 ET
Table 'Tydeus' 2-max Seat #1 is the button
Seat 1: Luarvik888 ($91.54 in chips)
Seat 2: krossguard ($145.06 in chips)
Luarvik888: posts small blind $1
krossguard: posts big blind $3
*** HOLE CARDS ***
Luarvik888: folds
Uncalled bet ($2) returned to krossguard
krossguard collected $2 from pot
krossguard: doesn't show hand
*** SUMMARY ***
Total pot $2 | Rake $0
Seat 1: Luarvik888 (button) (small blind) folded before Flop
Seat 2: krossguard (big blind) collected ($2)


PokerStars Hand #144398957409:  Hold'em Limit ($3/$6 USD) - 2015/11/26 3:54:58 ET
Table 'Tydeus' 2-max Seat #2 is the button
Seat 1: Luarvik888 ($99.68 in chips)
Seat 2: krossguard ($135.34 in chips)
krossguard: posts small blind $1
Luarvik888: posts big blind $3
*** HOLE CARDS ***
krossguard: raises $3 to $6
Luarvik888: calls $3
*** FLOP *** [4d 5c 9d]
Luarvik888: checks
krossguard: bets $3
Luarvik888: calls $3
*** TURN *** [4d 5c 9d] [4h]
Luarvik888: checks
krossguard: bets $6
Luarvik888: folds
Uncalled bet ($6) returned to krossguard
krossguard collected $17.64 from pot
krossguard: doesn't show hand
*** SUMMARY ***
Total pot $18 | Rake $0.36
Board [4d 5c 9d 4h]
Seat 1: Luarvik888 (big blind) folded on the Turn
Seat 2: krossguard (button) (small blind) collected ($17.64)


PokerStars Hand #144398955930:  Hold'em Limit ($3/$6 USD) - 2015/11/26 3:54:53 ET
Table 'Tydeus' 2-max Seat #1 is the button
Seat 1: Luarvik888 ($100.68 in chips)
Seat 2: krossguard ($134.34 in chips)
Luarvik888: posts small blind $1
krossguard: posts big blind $3
*** HOLE CARDS ***
Luarvik888: folds
Uncalled bet ($2) returned to krossguard
krossguard collected $2 from pot
krossguard: doesn't show hand
*** SUMMARY ***
Total pot $2 | Rake $0
Seat 1: Luarvik888 (button) (small blind) folded before Flop
Seat 2: krossguard (big blind) collected ($2)


PokerStars Hand #144398950578:  Hold'em Limit ($3/$6 USD) - 2015/11/26 3:54:37 ET
Table 'Tydeus' 2-max Seat #2 is the button
Seat 1: Luarvik888 ($92.04 in chips)
Seat 2: krossguard ($143.34 in chips)
krossguard: posts small blind $1
Luarvik888: posts big blind $3
*** HOLE CARDS ***
krossguard: raises $3 to $6
Luarvik888: calls $3
*** FLOP *** [3d 6d Ac]
Luarvik888: checks
krossguard: bets $3
Luarvik888: calls $3
*** TURN *** [3d 6d Ac] [2d]
Luarvik888: checks
krossguard: checks
*** RIVER *** [3d 6d Ac 2d] [8s]
Luarvik888: bets $6
krossguard: folds
Uncalled bet ($6) returned to Luarvik888
Luarvik888 collected $17.64 from pot
Luarvik888: doesn't show hand
*** SUMMARY ***
Total pot $18 | Rake $0.36
Board [3d 6d Ac 2d 8s]
Seat 1: Luarvik888 (big blind) collected ($17.64)
Seat 2: krossguard (button) (small blind) folded on the River


PokerStars Hand #144398961817:  Hold'em Limit ($3/$6 USD) - 2015/11/26 3:55:13 ET
Table 'Tydeus' 2-max Seat #1 is the button
Seat 1: Luarvik888 ($90.68 in chips)
Seat 2: krossguard ($143.98 in chips)
Luarvik888: posts small blind $1
krossguard: posts big blind $3
*** HOLE CARDS ***
Luarvik888: raises $3 to $6
krossguard: calls $3
*** FLOP *** [6s 9s 3c]
krossguard: checks
Luarvik888: bets $3
krossguard: calls $3
*** TURN *** [6s 9s 3c] [7h]
krossguard: checks
Luarvik888: checks
*** RIVER *** [6s 9s 3c 7h] [4c]
krossguard: bets $6
Luarvik888: calls $6
*** SHOW DOWN ***
krossguard: shows [5c Js] (a straight, Three to Seven)
Luarvik888: mucks hand
krossguard collected $29.50 from pot
*** SUMMARY ***
Total pot $30 | Rake $0.50
Board [6s 9s 3c 7h 4c]
Seat 1: Luarvik888 (button) (small blind) mucked
Seat 2: krossguard (big blind) showed [5c Js] and won ($29.50) with a straight, Three to Seven


PokerStars Hand #144398976384:  Hold'em Limit ($3/$6 USD) - 2015/11/26 3:56:03 ET
Table 'Tydeus' 2-max Seat #2 is the button
Seat 1: Luarvik888 ($113.82 in chips)
Seat 2: krossguard ($119.48 in chips)
krossguard: posts small blind $1
Luarvik888: posts big blind $3
*** HOLE CARDS ***
krossguard: raises $3 to $6
Luarvik888: folds
Uncalled bet ($3) returned to krossguard
krossguard collected $6 from pot
krossguard: doesn't show hand
*** SUMMARY ***
Total pot $6 | Rake $0
Seat 1: Luarvik888 (big blind) folded before Flop
Seat 2: krossguard (button) (small blind) collected ($6)


PokerStars Hand #144398965944:  Hold'em Limit ($3/$6 USD) - 2015/11/26 3:55:27 ET
Table 'Tydeus' 2-max Seat #2 is the button
Seat 1: Luarvik888 ($75.68 in chips)
Seat 2: krossguard ($158.48 in chips)
krossguard: posts small blind $1
Luarvik888: posts big blind $3
*** HOLE CARDS ***
krossguard: raises $3 to $6
Luarvik888: calls $3
*** FLOP *** [6s 5h 9c]
Luarvik888: checks
krossguard: bets $3
Luarvik888: calls $3
*** TURN *** [6s 5h 9c] [4h]
Luarvik888: checks
krossguard: checks
*** RIVER *** [6s 5h 9c 4h] [Jd]
Luarvik888: checks
krossguard: checks
*** SHOW DOWN ***
Luarvik888: shows [3d 6c] (a pair of Sixes)
krossguard: mucks hand
Luarvik888 collected $17.64 from pot
*** SUMMARY ***
Total pot $18 | Rake $0.36
Board [6s 5h 9c 4h Jd]
Seat 1: Luarvik888 (big blind) showed [3d 6c] and won ($17.64) with a pair of Sixes
Seat 2: krossguard (button) (small blind) mucked


PokerStars Hand #144398978240:  Hold'em Limit ($3/$6 USD) - 2015/11/26 3:56:10 ET
Table 'Tydeus' 2-max Seat #1 is the button
Seat 1: Luarvik888 ($110.82 in chips)
Seat 2: krossguard ($122.48 in chips)
Luarvik888: posts small blind $1
krossguard: posts big blind $3
*** HOLE CARDS ***
Luarvik888: raises $3 to $6
krossguard: raises $3 to $9
Luarvik888: calls $3
*** FLOP *** [Jh Qh 3s]
krossguard: bets $3
Luarvik888: calls $3
*** TURN *** [Jh Qh 3s] [2s]
krossguard: bets $6
Luarvik888: folds
Uncalled bet ($6) returned to krossguard
krossguard collected $23.52 from pot
krossguard: doesn't show hand
*** SUMMARY ***
Total pot $24 | Rake $0.48
Board [Jh Qh 3s 2s]
Seat 1: Luarvik888 (button) (small blind) folded on the Turn
Seat 2: krossguard (big blind) collected ($23.52)


PokerStars Hand #144398981463:  Hold'em Limit ($3/$6 USD) - 2015/11/26 3:56:22 ET
Table 'Tydeus' 2-max Seat #2 is the button
Seat 1: Luarvik888 ($98.82 in chips)
Seat 2: krossguard ($134 in chips)
krossguard: posts small blind $1
Luarvik888: posts big blind $3
*** HOLE CARDS ***
krossguard: raises $3 to $6
Luarvik888: calls $3
*** FLOP *** [Jc 5h Ks]
Luarvik888: checks
krossguard: bets $3
Luarvik888: calls $3
*** TURN *** [Jc 5h Ks] [6s]
Luarvik888: checks
krossguard: checks
*** RIVER *** [Jc 5h Ks 6s] [Td]
Luarvik888: bets $6
krossguard: folds
Uncalled bet ($6) returned to Luarvik888
Luarvik888 collected $17.64 from pot
Luarvik888: doesn't show hand
*** SUMMARY ***
Total pot $18 | Rake $0.36
Board [Jc 5h Ks 6s Td]
Seat 1: Luarvik888 (big blind) collected ($17.64)
Seat 2: krossguard (button) (small blind) folded on the River


PokerStars Hand #144398996706:  Hold'em Limit ($3/$6 USD) - 2015/11/26 3:57:16 ET
Table 'Tydeus' 2-max Seat #2 is the button
Seat 1: Luarvik888 ($97.96 in chips)
Seat 2: krossguard ($133.50 in chips)
krossguard: posts small blind $1
Luarvik888: posts big blind $3
*** HOLE CARDS ***
krossguard: raises $3 to $6
Luarvik888: calls $3
*** FLOP *** [Jd 7h 5c]
Luarvik888: checks
krossguard: bets $3
Luarvik888: calls $3
*** TURN *** [Jd 7h 5c] [Ts]
Luarvik888: checks
krossguard: checks
*** RIVER *** [Jd 7h 5c Ts] [4s]
Luarvik888: bets $6
krossguard: folds
Uncalled bet ($6) returned to Luarvik888
Luarvik888 collected $17.64 from pot
Luarvik888: doesn't show hand
*** SUMMARY ***
Total pot $18 | Rake $0.36
Board [Jd 7h 5c Ts 4s]
Seat 1: Luarvik888 (big blind) collected ($17.64)
Seat 2: krossguard (button) (small blind) folded on the River


PokerStars Hand #144398991861:  Hold'em Limit ($3/$6 USD) - 2015/11/26 3:56:59 ET
Table 'Tydeus' 2-max Seat #1 is the button
Seat 1: Luarvik888 ($121.96 in chips)
Seat 2: krossguard ($110 in chips)
Luarvik888: posts small blind $1
krossguard: posts big blind $3
*** HOLE CARDS ***
Luarvik888: raises $3 to $6
krossguard: raises $3 to $9
Luarvik888: calls $3
*** FLOP *** [Qd 9s 9h]
krossguard: bets $3
Luarvik888: calls $3
*** TURN *** [Qd 9s 9h] [3s]
krossguard: bets $6
Luarvik888: calls $6
*** RIVER *** [Qd 9s 9h 3s] [2d]
krossguard: bets $6
Luarvik888: calls $6
*** SHOW DOWN ***
krossguard: shows [3h 3c] (a full house, Threes full of Nines)
Luarvik888: mucks hand
krossguard collected $47.50 from pot
*** SUMMARY ***
Total pot $48 | Rake $0.50
Board [Qd 9s 9h 3s 2d]
Seat 1: Luarvik888 (button) (small blind) mucked
Seat 2: krossguard (big blind) showed [3h 3c] and won ($47.50) with a full house, Threes full of Nines


PokerStars Hand #144398990126:  Hold'em Limit ($3/$6 USD) - 2015/11/26 3:56:52 ET
Table 'Tydeus' 2-max Seat #2 is the button
Seat 1: Luarvik888 ($124.96 in chips)
Seat 2: krossguard ($107 in chips)
krossguard: posts small blind $1
Luarvik888: posts big blind $3
*** HOLE CARDS ***
krossguard: raises $3 to $6
Luarvik888: folds
Uncalled bet ($3) returned to krossguard
krossguard collected $6 from pot
krossguard: doesn't show hand
*** SUMMARY ***
Total pot $6 | Rake $0
Seat 1: Luarvik888 (big blind) folded before Flop
Seat 2: krossguard (button) (small blind) collected ($6)


PokerStars Hand #144399001452:  Hold'em Limit ($3/$6 USD) - 2015/11/26 3:57:32 ET
Table 'Tydeus' 2-max Seat #1 is the button
Seat 1: Luarvik888 ($106.60 in chips)
Seat 2: krossguard ($124.50 in chips)
Luarvik888: posts small blind $1
krossguard: posts big blind $3
*** HOLE CARDS ***
Luarvik888: folds
Uncalled bet ($2) returned to krossguard
krossguard collected $2 from pot
krossguard: doesn't show hand
*** SUMMARY ***
Total pot $2 | Rake $0
Seat 1: Luarvik888 (button) (small blind) folded before Flop
Seat 2: krossguard (big blind) collected ($2)


PokerStars Hand #144398985607:  Hold'em Limit ($3/$6 USD) - 2015/11/26 3:56:36 ET
Table 'Tydeus' 2-max Seat #1 is the button
Seat 1: Luarvik888 ($107.46 in chips)
Seat 2: krossguard ($125 in chips)
Luarvik888: posts small blind $1
krossguard: posts big blind $3
*** HOLE CARDS ***
Luarvik888: calls $2
krossguard: checks
*** FLOP *** [5s 9d Qh]
krossguard: checks
Luarvik888: bets $3
krossguard: calls $3
*** TURN *** [5s 9d Qh] [8c]
krossguard: checks
Luarvik888: bets $6
krossguard: calls $6
*** RIVER *** [5s 9d Qh 8c] [3h]
krossguard: checks
Luarvik888: bets $6
krossguard: calls $6
*** SHOW DOWN ***
Luarvik888: shows [4c 9c] (a pair of Nines)
krossguard: mucks hand
Luarvik888 collected $35.50 from pot
*** SUMMARY ***
Total pot $36 | Rake $0.50
Board [5s 9d Qh 8c 3h]
Seat 1: Luarvik888 (button) (small blind) showed [4c 9c] and won ($35.50) with a pair of Nines
Seat 2: krossguard (big blind) mucked


PokerStars Hand #144399009081:  Hold'em Limit ($3/$6 USD) - 2015/11/26 3:57:59 ET
Table 'Tydeus' 2-max Seat #2 is the button
Seat 1: Luarvik888 ($126.10 in chips)
Seat 2: krossguard ($104.50 in chips)
krossguard: posts small blind $1
Luarvik888: posts big blind $3
*** HOLE CARDS ***
krossguard: raises $3 to $6
Luarvik888: calls $3
*** FLOP *** [Jd 7s 8c]
Luarvik888: checks
krossguard: bets $3
Luarvik888: calls $3
*** TURN *** [Jd 7s 8c] [4h]
Luarvik888: checks
krossguard: checks
*** RIVER *** [Jd 7s 8c 4h] [8s]
Luarvik888: checks
krossguard: bets $6
Luarvik888: calls $6
*** SHOW DOWN ***
krossguard: shows [5s 4s] (two pair, Eights and Fours)
Luarvik888: shows [4c 5c] (two pair, Eights and Fours)
Luarvik888 collected $14.75 from pot
krossguard collected $14.75 from pot
*** SUMMARY ***
Total pot $30 | Rake $0.50
Board [Jd 7s 8c 4h 8s]
Seat 1: Luarvik888 (big blind) showed [4c 5c] and won ($14.75) with two pair, Eights and Fours
Seat 2: krossguard (button) (small blind) showed [5s 4s] and won ($14.75) with two pair, Eights and Fours


PokerStars Hand #144399002958:  Hold'em Limit ($3/$6 USD) - 2015/11/26 3:57:37 ET
Table 'Tydeus' 2-max Seat #2 is the button
Seat 1: Luarvik888 ($105.60 in chips)
Seat 2: krossguard ($125.50 in chips)
krossguard: posts small blind $1
Luarvik888: posts big blind $3
*** HOLE CARDS ***
krossguard: raises $3 to $6
Luarvik888: folds
Uncalled bet ($3) returned to krossguard
krossguard collected $6 from pot
krossguard: doesn't show hand
*** SUMMARY ***
Total pot $6 | Rake $0
Seat 1: Luarvik888 (big blind) folded before Flop
Seat 2: krossguard (button) (small blind) collected ($6)


PokerStars Hand #144399019279:  Hold'em Limit ($3/$6 USD) - 2015/11/26 3:58:35 ET
Table 'Tydeus' 2-max Seat #2 is the button
Seat 1: Luarvik888 ($95.85 in chips)
Seat 2: krossguard ($133.75 in chips)
krossguard: posts small blind $1
Luarvik888: posts big blind $3
*** HOLE CARDS ***
krossguard: folds
Uncalled bet ($2) returned to Luarvik888
Luarvik888 collected $2 from pot
Luarvik888: doesn't show hand
*** SUMMARY ***
Total pot $2 | Rake $0
Seat 1: Luarvik888 (big blind) collected ($2)
Seat 2: krossguard (button) (small blind) folded before Flop


PokerStars Hand #144399013922:  Hold'em Limit ($3/$6 USD) - 2015/11/26 3:58:16 ET
Table 'Tydeus' 2-max Seat #1 is the button
Seat 1: Luarvik888 ($125.85 in chips)
Seat 2: krossguard ($104.25 in chips)
Luarvik888: posts small blind $1
krossguard: posts big blind $3
*** HOLE CARDS ***
Luarvik888: raises $3 to $6
krossguard: raises $3 to $9
Luarvik888: calls $3
*** FLOP *** [7h 5s 9h]
krossguard: bets $3
Luarvik888: raises $3 to $6
krossguard: raises $3 to $9
Luarvik888: calls $3
*** TURN *** [7h 5s 9h] [9s]
krossguard: bets $6
Luarvik888: calls $6
*** RIVER *** [7h 5s 9h 9s] [Qc]
krossguard: bets $6
Luarvik888: calls $6
*** SHOW DOWN ***
krossguard: shows [As 9c] (three of a kind, Nines)
Luarvik888: mucks hand
krossguard collected $59.50 from pot
*** SUMMARY ***
Total pot $60 | Rake $0.50
Board [7h 5s 9h 9s Qc]
Seat 1: Luarvik888 (button) (small blind) mucked
Seat 2: krossguard (big blind) showed [As 9c] and won ($59.50) with three of a kind, Nines


PokerStars Hand #144399004704:  Hold'em Limit ($3/$6 USD) - 2015/11/26 3:57:44 ET
Table 'Tydeus' 2-max Seat #1 is the button
Seat 1: Luarvik888 ($102.60 in chips)
Seat 2: krossguard ($128.50 in chips)
Luarvik888: posts small blind $1
krossguard: posts big blind $3
*** HOLE CARDS ***
Luarvik888: raises $3 to $6
krossguard: raises $3 to $9
Luarvik888: calls $3
*** FLOP *** [Kd 4c 7d]
krossguard: bets $3
Luarvik888: calls $3
*** TURN *** [Kd 4c 7d] [6s]
krossguard: bets $6
Luarvik888: raises $6 to $12
krossguard: calls $6
*** RIVER *** [Kd 4c 7d 6s] [5s]
krossguard: checks
Luarvik888: checks
*** SHOW DOWN ***
krossguard: shows [Ah Qd] (high card Ace)
Luarvik888: shows [Ks 4s] (two pair, Kings and Fours)
Luarvik888 collected $47.50 from pot
*** SUMMARY ***
Total pot $48 | Rake $0.50
Board [Kd 4c 7d 6s 5s]
Seat 1: Luarvik888 (button) (small blind) showed [Ks 4s] and won ($47.50) with two pair, Kings and Fours
Seat 2: krossguard (big blind) showed [Ah Qd] and lost with high card Ace


PokerStars Hand #144399030501:  Hold'em Limit ($3/$6 USD) - 2015/11/26 3:59:14 ET
Table 'Tydeus' 2-max Seat #1 is the button
Seat 1: Luarvik888 ($125.87 in chips)
Seat 2: krossguard ($102.75 in chips)
Luarvik888: posts small blind $1
krossguard: posts big blind $3
*** HOLE CARDS ***
Luarvik888: folds
Uncalled bet ($2) returned to krossguard
krossguard collected $2 from pot
krossguard: doesn't show hand
*** SUMMARY ***
Total pot $2 | Rake $0
Seat 1: Luarvik888 (button) (small blind) folded before Flop
Seat 2: krossguard (big blind) collected ($2)


PokerStars Hand #144399026076:  Hold'em Limit ($3/$6 USD) - 2015/11/26 3:58:58 ET
Table 'Tydeus' 2-max Seat #2 is the button
Seat 1: Luarvik888 ($108.37 in chips)
Seat 2: krossguard ($120.75 in chips)
krossguard: posts small blind $1
Luarvik888: posts big blind $3
*** HOLE CARDS ***
krossguard: raises $3 to $6
Luarvik888: raises $3 to $9
krossguard: calls $3
*** FLOP *** [6c Qh 7c]
Luarvik888: bets $3
krossguard: calls $3
*** TURN *** [6c Qh 7c] [9d]
Luarvik888: bets $6
krossguard: calls $6
*** RIVER *** [6c Qh 7c 9d] [3c]
Luarvik888: checks
krossguard: checks
*** SHOW DOWN ***
Luarvik888: shows [Qd Ah] (a pair of Queens)
krossguard: mucks hand
Luarvik888 collected $35.50 from pot
*** SUMMARY ***
Total pot $36 | Rake $0.50
Board [6c Qh 7c 9d 3c]
Seat 1: Luarvik888 (big blind) showed [Qd Ah] and won ($35.50) with a pair of Queens
Seat 2: krossguard (button) (small blind) mucked


PokerStars Hand #144399021223:  Hold'em Limit ($3/$6 USD) - 2015/11/26 3:58:41 ET
Table 'Tydeus' 2-max Seat #1 is the button
Seat 1: Luarvik888 ($96.85 in chips)
Seat 2: krossguard ($132.75 in chips)
Luarvik888: posts small blind $1
krossguard: posts big blind $3
*** HOLE CARDS ***
Luarvik888: raises $3 to $6
krossguard: calls $3
*** FLOP *** [2d 2c 9h]
krossguard: checks
Luarvik888: checks
*** TURN *** [2d 2c 9h] [5h]
krossguard: bets $6
Luarvik888: calls $6
*** RIVER *** [2d 2c 9h 5h] [Qd]
krossguard: checks
Luarvik888: checks
*** SHOW DOWN ***
krossguard: shows [Jc 4d] (a pair of Deuces)
Luarvik888: shows [Kd 3h] (a pair of Deuces - King kicker)
Luarvik888 collected $23.52 from pot
*** SUMMARY ***
Total pot $24 | Rake $0.48
Board [2d 2c 9h 5h Qd]
Seat 1: Luarvik888 (button) (small blind) showed [Kd 3h] and won ($23.52) with a pair of Deuces
Seat 2: krossguard (big blind) showed [Jc 4d] and lost with a pair of Deuces


