PokerStars Hand #150626257417:  Hold'em Limit ($3/$6 USD) - 2016/03/19 22:07:48 ET
Table 'Tydeus' 6-max Seat #4 is the button
Seat 4: FHstyles ($141.14 in chips)
Seat 5: Ahmed528 ($40.68 in chips)
FHstyles: posts small blind $1
Ahmed528: posts big blind $3
*** HOLE CARDS ***
FHstyles: raises $3 to $6
Ahmed528: calls $3
*** FLOP *** [5c Th Ts]
Ahmed528: checks
FHstyles: bets $3
Ahmed528: raises $3 to $6
FHstyles: raises $3 to $9
Ahmed528: raises $3 to $12
Betting is capped
FHstyles: calls $3
*** TURN *** [5c Th Ts] [Td]
Ahmed528: bets $6
FHstyles: folds
Uncalled bet ($6) returned to Ahmed528
Ahmed528 collected $35.50 from pot
Ahmed528: doesn't show hand
*** SUMMARY ***
Total pot $36 | Rake $0.50
Board [5c Th Ts Td]
Seat 4: FHstyles (button) (small blind) folded on the Turn
Seat 5: Ahmed528 (big blind) collected ($35.50)


PokerStars Hand #150626224875:  Hold'em Limit ($3/$6 USD) - 2016/03/19 22:06:58 ET
Table 'Tydeus' 6-max Seat #4 is the button
Seat 4: FHstyles ($60 in chips)
Seat 5: Ahmed528 ($63.18 in chips)
FHstyles: posts small blind $1
Ahmed528: posts big blind $3
*** HOLE CARDS ***
FHstyles: raises $3 to $6
Ahmed528: raises $3 to $9
FHstyles: calls $3
*** FLOP *** [6s Ts 8s]
GoliafUa joins the table at seat #6
Ahmed528: bets $3
FHstyles: calls $3
*** TURN *** [6s Ts 8s] [6c]
Ahmed528: bets $6
FHstyles: calls $6
*** RIVER *** [6s Ts 8s 6c] [Js]
Ahmed528: bets $6
FHstyles: folds
Uncalled bet ($6) returned to Ahmed528
Ahmed528 collected $35.50 from pot
Ahmed528: doesn't show hand
*** SUMMARY ***
Total pot $36 | Rake $0.50
Board [6s Ts 8s 6c Js]
Seat 4: FHstyles (button) (small blind) folded on the River
Seat 5: Ahmed528 (big blind) collected ($35.50)


PokerStars Hand #150626242338:  Hold'em Limit ($3/$6 USD) - 2016/03/19 22:07:16 ET
Table 'Tydeus' 6-max Seat #5 is the button
Seat 4: FHstyles ($102 in chips)
Seat 5: Ahmed528 ($80.68 in chips)
Ahmed528: posts small blind $1
FHstyles: posts big blind $3
*** HOLE CARDS ***
Ahmed528: folds
Uncalled bet ($2) returned to FHstyles
FHstyles collected $2 from pot
FHstyles: doesn't show hand
*** SUMMARY ***
Total pot $2 | Rake $0
Seat 4: FHstyles (big blind) collected ($2)
Seat 5: Ahmed528 (button) (small blind) folded before Flop


PokerStars Hand #150626252622:  Hold'em Limit ($3/$6 USD) - 2016/03/19 22:07:38 ET
Table 'Tydeus' 6-max Seat #5 is the button
Seat 4: FHstyles ($132.50 in chips)
Seat 5: Ahmed528 ($49.68 in chips)
Ahmed528: posts small blind $1
FHstyles: posts big blind $3
*** HOLE CARDS ***
Ahmed528: raises $3 to $6
FHstyles: calls $3
*** FLOP *** [2h 7h Tc]
FHstyles: checks
Ahmed528: bets $3
FHstyles: raises $3 to $6
Ahmed528: folds
Uncalled bet ($3) returned to FHstyles
FHstyles collected $17.64 from pot
FHstyles: doesn't show hand
*** SUMMARY ***
Total pot $18 | Rake $0.36
Board [2h 7h Tc]
Seat 4: FHstyles (big blind) collected ($17.64)
Seat 5: Ahmed528 (button) (small blind) folded on the Flop


PokerStars Hand #150626244416:  Hold'em Limit ($3/$6 USD) - 2016/03/19 22:07:20 ET
Table 'Tydeus' 6-max Seat #4 is the button
Seat 4: FHstyles ($103 in chips)
Seat 5: Ahmed528 ($79.68 in chips)
FHstyles: posts small blind $1
Ahmed528: posts big blind $3
*** HOLE CARDS ***
FHstyles: raises $3 to $6
Ahmed528: raises $3 to $9
FHstyles: calls $3
*** FLOP *** [9c 5c 3c]
Ahmed528: bets $3
FHstyles: calls $3
*** TURN *** [9c 5c 3c] [3s]
Ahmed528: bets $6
FHstyles: raises $6 to $12
Ahmed528: calls $6
*** RIVER *** [9c 5c 3c 3s] [Js]
Ahmed528: checks
FHstyles: bets $6
Ahmed528: calls $6
*** SHOW DOWN ***
FHstyles: shows [3d 4s] (three of a kind, Threes)
Ahmed528: mucks hand
FHstyles collected $59.50 from pot
*** SUMMARY ***
Total pot $60 | Rake $0.50
Board [9c 5c 3c 3s Js]
Seat 4: FHstyles (button) (small blind) showed [3d 4s] and won ($59.50) with three of a kind, Threes
Seat 5: Ahmed528 (big blind) mucked


PokerStars Hand #150626281206:  Hold'em Limit ($3/$6 USD) - 2016/03/19 22:08:39 ET
Table 'Tydeus' 6-max Seat #5 is the button
Seat 4: FHstyles ($149.40 in chips)
Seat 5: Ahmed528 ($30.94 in chips)
Ahmed528: posts small blind $1
FHstyles: posts big blind $3
*** HOLE CARDS ***
Ahmed528: raises $3 to $6
FHstyles: calls $3
*** FLOP *** [Jd 4s Td]
FHstyles: checks
Ahmed528: checks
*** TURN *** [Jd 4s Td] [3c]
FHstyles: bets $6
Ahmed528: folds
Uncalled bet ($6) returned to FHstyles
FHstyles collected $11.76 from pot
FHstyles: doesn't show hand
*** SUMMARY ***
Total pot $12 | Rake $0.24
Board [Jd 4s Td 3c]
Seat 4: FHstyles (big blind) collected ($11.76)
Seat 5: Ahmed528 (button) (small blind) folded on the Turn


PokerStars Hand #150626286137:  Hold'em Limit ($3/$6 USD) - 2016/03/19 22:08:50 ET
Table 'Tydeus' 6-max Seat #4 is the button
Seat 4: FHstyles ($155.16 in chips)
Seat 5: Ahmed528 ($24.94 in chips)
FHstyles: posts small blind $1
Ahmed528: posts big blind $3
*** HOLE CARDS ***
FHstyles: raises $3 to $6
Ahmed528: raises $3 to $9
FHstyles: calls $3
*** FLOP *** [6c Kh 2c]
Ahmed528: bets $3
FHstyles: calls $3
*** TURN *** [6c Kh 2c] [4d]
Ahmed528: bets $6
FHstyles: raises $6 to $12
Ahmed528: raises $0.94 to $12.94 and is all-in
FHstyles: calls $0.94
*** RIVER *** [6c Kh 2c 4d] [2h]
*** SHOW DOWN ***
Ahmed528: shows [5d As] (a pair of Deuces)
FHstyles: shows [4h 4s] (a full house, Fours full of Deuces)
FHstyles collected $49.38 from pot
*** SUMMARY ***
Total pot $49.88 | Rake $0.50
Board [6c Kh 2c 4d 2h]
Seat 4: FHstyles (button) (small blind) showed [4h 4s] and won ($49.38) with a full house, Fours full of Deuces
Seat 5: Ahmed528 (big blind) showed [5d As] and lost with a pair of Deuces


PokerStars Hand #150626267909:  Hold'em Limit ($3/$6 USD) - 2016/03/19 22:08:11 ET
Table 'Tydeus' 6-max Seat #4 is the button
Seat 4: FHstyles ($117.14 in chips)
Seat 5: Ahmed528 ($63.94 in chips)
FHstyles: posts small blind $1
Ahmed528: posts big blind $3
*** HOLE CARDS ***
FHstyles: raises $3 to $6
Ahmed528: folds
Uncalled bet ($3) returned to FHstyles
FHstyles collected $6 from pot
FHstyles: doesn't show hand
*** SUMMARY ***
Total pot $6 | Rake $0
Seat 4: FHstyles (button) (small blind) collected ($6)
Seat 5: Ahmed528 (big blind) folded before Flop


PokerStars Hand #150626263935:  Hold'em Limit ($3/$6 USD) - 2016/03/19 22:08:02 ET
Table 'Tydeus' 6-max Seat #5 is the button
Seat 4: FHstyles ($123.14 in chips)
Seat 5: Ahmed528 ($58.18 in chips)
Ahmed528: posts small blind $1
FHstyles: posts big blind $3
*** HOLE CARDS ***
Ahmed528: raises $3 to $6
FHstyles: calls $3
*** FLOP *** [9h 4c Qc]
FHstyles: checks
Ahmed528: bets $3
FHstyles: folds
Uncalled bet ($3) returned to Ahmed528
Ahmed528 collected $11.76 from pot
Ahmed528: doesn't show hand
*** SUMMARY ***
Total pot $12 | Rake $0.24
Board [9h 4c Qc]
Seat 4: FHstyles (big blind) folded on the Flop
Seat 5: Ahmed528 (button) (small blind) collected ($11.76)


PokerStars Hand #150626270334:  Hold'em Limit ($3/$6 USD) - 2016/03/19 22:08:16 ET
Table 'Tydeus' 6-max Seat #5 is the button
Seat 4: FHstyles ($120.14 in chips)
Seat 5: Ahmed528 ($60.94 in chips)
Ahmed528: posts small blind $1
FHstyles: posts big blind $3
*** HOLE CARDS ***
Ahmed528: raises $3 to $6
FHstyles: raises $3 to $9
Ahmed528: calls $3
*** FLOP *** [5h 8d Jh]
FHstyles: bets $3
Ahmed528: calls $3
*** TURN *** [5h 8d Jh] [4c]
FHstyles: bets $6
Ahmed528: raises $6 to $12
FHstyles: raises $6 to $18
Ahmed528: folds
Uncalled bet ($6) returned to FHstyles
FHstyles collected $47.50 from pot
FHstyles: doesn't show hand
*** SUMMARY ***
Total pot $48 | Rake $0.50
Board [5h 8d Jh 4c]
Seat 4: FHstyles (big blind) collected ($47.50)
Seat 5: Ahmed528 (button) (small blind) folded on the Turn


PokerStars Hand #150626277193:  Hold'em Limit ($3/$6 USD) - 2016/03/19 22:08:31 ET
Table 'Tydeus' 6-max Seat #4 is the button
Seat 4: FHstyles ($143.64 in chips)
Seat 5: Ahmed528 ($36.94 in chips)
FHstyles: posts small blind $1
Ahmed528: posts big blind $3
*** HOLE CARDS ***
FHstyles: raises $3 to $6
Ahmed528: calls $3
*** FLOP *** [4h 8c 9d]
Ahmed528: checks
FHstyles: bets $3
Ahmed528: folds
Uncalled bet ($3) returned to FHstyles
FHstyles collected $11.76 from pot
FHstyles: doesn't show hand
*** SUMMARY ***
Total pot $12 | Rake $0.24
Board [4h 8c 9d]
Seat 4: FHstyles (button) (small blind) collected ($11.76)
Seat 5: Ahmed528 (big blind) folded on the Flop


