PokerStars Hand #170980676923:  Hold'em Limit ($3/$6 USD) - 2017/05/27 9:51:34 ET
Table 'Tydeus' 6-max Seat #3 is the button
Seat 1: LifeisagameX ($74.37 in chips)
Seat 3: sir-scrat ($112.65 in chips)
sir-scrat: posts small blind $1
LifeisagameX: posts big blind $3
*** HOLE CARDS ***
sir-scrat: folds
Uncalled bet ($2) returned to LifeisagameX
LifeisagameX collected $2 from pot
pdsnr joins the table at seat #4
LifeisagameX: doesn't show hand
*** SUMMARY ***
Total pot $2 | Rake $0
Seat 1: LifeisagameX (big blind) collected ($2)
Seat 3: sir-scrat (button) (small blind) folded before Flop


PokerStars Hand #170980656717:  Hold'em Limit ($3/$6 USD) - 2017/05/27 9:50:58 ET
Table 'Tydeus' 6-max Seat #1 is the button
Seat 1: LifeisagameX ($84 in chips)
Seat 3: sir-scrat ($92.15 in chips)
LifeisagameX: posts small blind $1
sir-scrat: posts big blind $3
*** HOLE CARDS ***
LifeisagameX: raises $3 to $6
sir-scrat: calls $3
*** FLOP *** [2c 7d 6c]
sir-scrat: bets $3
LifeisagameX: raises $3 to $6
sir-scrat: raises $3 to $9
LifeisagameX: calls $3
*** TURN *** [2c 7d 6c] [5s]
sir-scrat: bets $6
LifeisagameX: calls $6
*** RIVER *** [2c 7d 6c 5s] [9s]
sir-scrat: bets $6
LifeisagameX: folds
Uncalled bet ($6) returned to sir-scrat
sir-scrat collected $41.50 from pot
sir-scrat: doesn't show hand
*** SUMMARY ***
Total pot $42 | Rake $0.50
Board [2c 7d 6c 5s 9s]
Seat 1: LifeisagameX (button) (small blind) folded on the River
Seat 3: sir-scrat (big blind) collected ($41.50)


PokerStars Hand #170980679976:  Hold'em Limit ($3/$6 USD) - 2017/05/27 9:51:40 ET
Table 'Tydeus' 6-max Seat #1 is the button
Seat 1: LifeisagameX ($75.37 in chips)
Seat 3: sir-scrat ($111.65 in chips)
LifeisagameX: posts small blind $1
sir-scrat: posts big blind $3
*** HOLE CARDS ***
LifeisagameX: raises $3 to $6
sir-scrat: raises $3 to $9
LifeisagameX: calls $3
*** FLOP *** [Kd As 5d]
sir-scrat: bets $3
LifeisagameX: folds
Uncalled bet ($3) returned to sir-scrat
sir-scrat collected $17.64 from pot
sir-scrat: doesn't show hand
*** SUMMARY ***
Total pot $18 | Rake $0.36
Board [Kd As 5d]
Seat 1: LifeisagameX (button) (small blind) folded on the Flop
Seat 3: sir-scrat (big blind) collected ($17.64)


PokerStars Hand #170980738532:  Hold'em Limit ($3/$6 USD) - 2017/05/27 9:53:24 ET
Table 'Tydeus' 6-max Seat #4 is the button
Seat 3: sir-scrat ($133.39 in chips)
Seat 4: pdsnr ($123.46 in chips)
pdsnr: posts small blind $1
sir-scrat: posts big blind $3
*** HOLE CARDS ***
pdsnr: raises $3 to $6
sir-scrat: raises $3 to $9
pdsnr: calls $3
*** FLOP *** [Td 3h 6d]
sir-scrat: bets $3
pdsnr: calls $3
*** TURN *** [Td 3h 6d] [5c]
sir-scrat: bets $6
pdsnr: raises $6 to $12
sir-scrat: calls $6
*** RIVER *** [Td 3h 6d 5c] [6h]
sir-scrat: bets $6
pdsnr: calls $6
*** SHOW DOWN ***
sir-scrat: shows [Ks Ac] (a pair of Sixes)
pdsnr: shows [Jd Th] (two pair, Tens and Sixes)
pdsnr collected $59.50 from pot
*** SUMMARY ***
Total pot $60 | Rake $0.50
Board [Td 3h 6d 5c 6h]
Seat 3: sir-scrat (big blind) showed [Ks Ac] and lost with a pair of Sixes
Seat 4: pdsnr (button) (small blind) showed [Jd Th] and won ($59.50) with two pair, Tens and Sixes


PokerStars Hand #170980734805:  Hold'em Limit ($3/$6 USD) - 2017/05/27 9:53:17 ET
Table 'Tydeus' 6-max Seat #3 is the button
Seat 3: sir-scrat ($134.39 in chips)
Seat 4: pdsnr ($122.46 in chips)
sir-scrat: posts small blind $1
pdsnr: posts big blind $3
*** HOLE CARDS ***
sir-scrat: folds
Uncalled bet ($2) returned to pdsnr
LifeisagameX leaves the table
pdsnr collected $2 from pot
*** SUMMARY ***
Total pot $2 | Rake $0
Seat 3: sir-scrat (button) (small blind) folded before Flop
Seat 4: pdsnr (big blind) collected ($2)


PokerStars Hand #170980777158:  Hold'em Limit ($3/$6 USD) - 2017/05/27 9:54:32 ET
Table 'Tydeus' 6-max Seat #4 is the button
Seat 3: sir-scrat ($146.53 in chips)
Seat 4: pdsnr ($108.96 in chips)
pdsnr: posts small blind $1
sir-scrat: posts big blind $3
*** HOLE CARDS ***
pdsnr: raises $3 to $6
sir-scrat: calls $3
*** FLOP *** [9c 8d 5d]
sir-scrat: checks
pdsnr: bets $3
sir-scrat: calls $3
*** TURN *** [9c 8d 5d] [3c]
sir-scrat: checks
pdsnr: checks
*** RIVER *** [9c 8d 5d 3c] [Jd]
sir-scrat: checks
pdsnr: bets $6
sir-scrat: folds
Uncalled bet ($6) returned to pdsnr
pdsnr collected $17.64 from pot
*** SUMMARY ***
Total pot $18 | Rake $0.36
Board [9c 8d 5d 3c Jd]
Seat 3: sir-scrat (big blind) folded on the River
Seat 4: pdsnr (button) (small blind) collected ($17.64)


PokerStars Hand #170980774613:  Hold'em Limit ($3/$6 USD) - 2017/05/27 9:54:28 ET
Table 'Tydeus' 6-max Seat #3 is the button
Seat 3: sir-scrat ($147.53 in chips)
Seat 4: pdsnr ($107.96 in chips)
sir-scrat: posts small blind $1
pdsnr: posts big blind $3
*** HOLE CARDS ***
sir-scrat: folds
Uncalled bet ($2) returned to pdsnr
pdsnr collected $2 from pot
*** SUMMARY ***
Total pot $2 | Rake $0
Seat 3: sir-scrat (button) (small blind) folded before Flop
Seat 4: pdsnr (big blind) collected ($2)


PokerStars Hand #170980763955:  Hold'em Limit ($3/$6 USD) - 2017/05/27 9:54:09 ET
Table 'Tydeus' 6-max Seat #4 is the button
Seat 3: sir-scrat ($112.03 in chips)
Seat 4: pdsnr ($143.96 in chips)
pdsnr: posts small blind $1
sir-scrat: posts big blind $3
*** HOLE CARDS ***
pdsnr: raises $3 to $6
sir-scrat: raises $3 to $9
pdsnr: calls $3
*** FLOP *** [6s 8h 4h]
sir-scrat: bets $3
pdsnr: calls $3
*** TURN *** [6s 8h 4h] [7d]
sir-scrat: bets $6
pdsnr: raises $6 to $12
sir-scrat: calls $6
*** RIVER *** [6s 8h 4h 7d] [Jc]
sir-scrat: bets $6
pdsnr: raises $6 to $12
sir-scrat: calls $6
*** SHOW DOWN ***
pdsnr: shows [Jd Ts] (a pair of Jacks)
sir-scrat: shows [Jh Ks] (a pair of Jacks - King kicker)
sir-scrat collected $71.50 from pot
*** SUMMARY ***
Total pot $72 | Rake $0.50
Board [6s 8h 4h 7d Jc]
Seat 3: sir-scrat (big blind) showed [Jh Ks] and won ($71.50) with a pair of Jacks
Seat 4: pdsnr (button) (small blind) showed [Jd Ts] and lost with a pair of Jacks


PokerStars Hand #170980751217:  Hold'em Limit ($3/$6 USD) - 2017/05/27 9:53:46 ET
Table 'Tydeus' 6-max Seat #3 is the button
Seat 3: sir-scrat ($103.39 in chips)
Seat 4: pdsnr ($152.96 in chips)
sir-scrat: posts small blind $1
pdsnr: posts big blind $3
*** HOLE CARDS ***
sir-scrat: raises $3 to $6
pdsnr: calls $3
*** FLOP *** [8h 2c 5h]
pdsnr: checks
sir-scrat: bets $3
pdsnr: calls $3
*** TURN *** [8h 2c 5h] [5s]
pdsnr: checks
sir-scrat: bets $6
pdsnr: folds
Uncalled bet ($6) returned to sir-scrat
sir-scrat collected $17.64 from pot
sir-scrat: doesn't show hand
*** SUMMARY ***
Total pot $18 | Rake $0.36
Board [8h 2c 5h 5s]
Seat 3: sir-scrat (button) (small blind) collected ($17.64)
Seat 4: pdsnr (big blind) folded on the Turn


