PokerStars Hand #167874316297:  Hold'em Limit ($3/$6 USD) - 2017/03/20 17:52:39 ET
Table 'Tyl II' 6-max Seat #6 is the button
Seat 4: Actionni13 ($150 in chips)
Seat 6: elchanan1234 ($120 in chips)
elchanan1234: posts small blind $1
Actionni13: posts big blind $3
*** HOLE CARDS ***
elchanan1234: calls $2
Actionni13: checks
*** FLOP *** [5d 5c 3s]
Actionni13: checks
elchanan1234: checks
*** TURN *** [5d 5c 3s] [4s]
Actionni13: checks
elchanan1234: checks
*** RIVER *** [5d 5c 3s 4s] [2h]
Actionni13: checks
elchanan1234: checks
*** SHOW DOWN ***
Actionni13: shows [7h 8h] (a pair of Fives)
elchanan1234: shows [8c 7c] (a pair of Fives)
Actionni13 collected $2.94 from pot
elchanan1234 collected $2.94 from pot
*** SUMMARY ***
Total pot $6 | Rake $0.12
Board [5d 5c 3s 4s 2h]
Seat 4: Actionni13 (big blind) showed [7h 8h] and won ($2.94) with a pair of Fives
Seat 6: elchanan1234 (button) (small blind) showed [8c 7c] and won ($2.94) with a pair of Fives


PokerStars Hand #167874368276:  Hold'em Limit ($3/$6 USD) - 2017/03/20 17:53:38 ET
Table 'Tyl II' 6-max Seat #4 is the button
Seat 4: Actionni13 ($158.64 in chips)
Seat 6: elchanan1234 ($110.94 in chips)
Actionni13: posts small blind $1
elchanan1234: posts big blind $3
*** HOLE CARDS ***
Actionni13: raises $3 to $6
elchanan1234: calls $3
*** FLOP *** [Qs Qh 5d]
elchanan1234: checks
Actionni13: bets $3
elchanan1234: folds
Uncalled bet ($3) returned to Actionni13
Actionni13 collected $11.76 from pot
Actionni13: doesn't show hand
*** SUMMARY ***
Total pot $12 | Rake $0.24
Board [Qs Qh 5d]
Seat 4: Actionni13 (button) (small blind) collected ($11.76)
Seat 6: elchanan1234 (big blind) folded on the Flop


PokerStars Hand #167874351657:  Hold'em Limit ($3/$6 USD) - 2017/03/20 17:53:19 ET
Table 'Tyl II' 6-max Seat #6 is the button
Seat 4: Actionni13 ($155.76 in chips)
Seat 6: elchanan1234 ($113.94 in chips)
elchanan1234: posts small blind $1
Actionni13: posts big blind $3
*** HOLE CARDS ***
elchanan1234: calls $2
Actionni13: checks
*** FLOP *** [5h 7d 6h]
Actionni13: bets $3
elchanan1234: folds
Uncalled bet ($3) returned to Actionni13
Actionni13 collected $5.88 from pot
Actionni13: doesn't show hand
*** SUMMARY ***
Total pot $6 | Rake $0.12
Board [5h 7d 6h]
Seat 4: Actionni13 (big blind) collected ($5.88)
Seat 6: elchanan1234 (button) (small blind) folded on the Flop


PokerStars Hand #167874337961:  Hold'em Limit ($3/$6 USD) - 2017/03/20 17:53:04 ET
Table 'Tyl II' 6-max Seat #4 is the button
Seat 4: Actionni13 ($150 in chips)
Seat 6: elchanan1234 ($119.94 in chips)
Actionni13: posts small blind $1
elchanan1234: posts big blind $3
*** HOLE CARDS ***
Actionni13: raises $3 to $6
elchanan1234: calls $3
*** FLOP *** [Qd 7d Kd]
elchanan1234: checks
Actionni13: bets $3
elchanan1234: folds
Uncalled bet ($3) returned to Actionni13
Actionni13 collected $11.76 from pot
Actionni13: doesn't show hand
*** SUMMARY ***
Total pot $12 | Rake $0.24
Board [Qd 7d Kd]
Seat 4: Actionni13 (button) (small blind) collected ($11.76)
Seat 6: elchanan1234 (big blind) folded on the Flop


PokerStars Hand #167874379055:  Hold'em Limit ($3/$6 USD) - 2017/03/20 17:53:51 ET
Table 'Tyl II' 6-max Seat #6 is the button
Seat 4: Actionni13 ($164.40 in chips)
Seat 6: elchanan1234 ($104.94 in chips)
elchanan1234: posts small blind $1
Actionni13: posts big blind $3
*** HOLE CARDS ***
Apanage joins the table at seat #1
elchanan1234: calls $2
Actionni13: checks
*** FLOP *** [3s 4s 3d]
Actionni13: checks
rainbow28 joins the table at seat #3
elchanan1234: checks
*** TURN *** [3s 4s 3d] [Ts]
zxkz joins the table at seat #2
Actionni13: checks
elchanan1234: bets $6
Actionni13: calls $6
*** RIVER *** [3s 4s 3d Ts] [2c]
Actionni13: checks
elchanan1234: bets $6
Actionni13: folds
Uncalled bet ($6) returned to elchanan1234
elchanan1234 collected $17.64 from pot
elchanan1234: doesn't show hand
*** SUMMARY ***
Total pot $18 | Rake $0.36
Board [3s 4s 3d Ts 2c]
Seat 4: Actionni13 (big blind) folded on the River
Seat 6: elchanan1234 (button) (small blind) collected ($17.64)


PokerStars Hand #167874407920:  Hold'em Limit ($3/$6 USD) - 2017/03/20 17:54:24 ET
Table 'Tyl II' 6-max Seat #4 is the button
Seat 4: Actionni13 ($155.40 in chips)
Seat 6: elchanan1234 ($113.58 in chips)
Actionni13: posts small blind $1
elchanan1234: posts big blind $3
*** HOLE CARDS ***
Actionni13: raises $3 to $6
elchanan1234: folds
Uncalled bet ($3) returned to Actionni13
Actionni13 collected $6 from pot
Actionni13: doesn't show hand
*** SUMMARY ***
Total pot $6 | Rake $0
Seat 4: Actionni13 (button) (small blind) collected ($6)
Seat 6: elchanan1234 (big blind) folded before Flop


PokerStars Hand #167875349300:  Hold'em Limit ($3/$6 USD) - 2017/03/20 18:13:26 ET
Table 'Tyl II' 6-max Seat #5 is the button
Seat 3: rainbow28 ($55.35 in chips)
Seat 5: GlamDragon ($252.67 in chips)
GlamDragon: posts small blind $1
Apanage: is sitting out
zxkz: is sitting out
rainbow28: posts big blind $3
*** HOLE CARDS ***
GlamDragon: raises $3 to $6
zxkz leaves the table
rainbow28: folds
Uncalled bet ($3) returned to GlamDragon
GlamDragon collected $6 from pot
GlamDragon: doesn't show hand
*** SUMMARY ***
Total pot $6 | Rake $0
Seat 3: rainbow28 (big blind) folded before Flop
Seat 5: GlamDragon (button) (small blind) collected ($6)


PokerStars Hand #167875357195:  Hold'em Limit ($3/$6 USD) - 2017/03/20 18:13:35 ET
Table 'Tyl II' 6-max Seat #3 is the button
Seat 3: rainbow28 ($52.35 in chips)
Seat 5: GlamDragon ($255.67 in chips)
rainbow28: posts small blind $1
GlamDragon: posts big blind $3
*** HOLE CARDS ***
rainbow28: folds
Uncalled bet ($2) returned to GlamDragon
GlamDragon collected $2 from pot
GlamDragon: doesn't show hand
*** SUMMARY ***
Total pot $2 | Rake $0
Seat 3: rainbow28 (button) (small blind) folded before Flop
Seat 5: GlamDragon (big blind) collected ($2)


