PokerStars Hand #171675634132:  Hold'em Limit ($3/$6 USD) - 2017/06/12 8:44:36 ET
Table 'Tyl' 6-max Seat #1 is the button
Seat 1: popesxxx ($37 in chips)
Seat 2: Whatze Phuck ($120 in chips)
popesxxx: posts small blind $1
Whatze Phuck: posts big blind $3
*** HOLE CARDS ***
popesxxx: calls $2
Whatze Phuck: checks
*** FLOP *** [Qc 3c 7h]
Whatze Phuck: bets $3
PiniaA joins the table at seat #3
popesxxx: calls $3
*** TURN *** [Qc 3c 7h] [2h]
Whatze Phuck: checks
popesxxx: checks
*** RIVER *** [Qc 3c 7h 2h] [8h]
Whatze Phuck: checks
popesxxx: bets $6
Whatze Phuck: calls $6
*** SHOW DOWN ***
popesxxx: shows [Js Th] (high card Queen)
Whatze Phuck: shows [3d 5d] (a pair of Threes)
Whatze Phuck collected $23.52 from pot
*** SUMMARY ***
Total pot $24 | Rake $0.48
Board [Qc 3c 7h 2h 8h]
Seat 1: popesxxx (button) (small blind) showed [Js Th] and lost with high card Queen
Seat 2: Whatze Phuck (big blind) showed [3d 5d] and won ($23.52) with a pair of Threes


PokerStars Hand #171675629674:  Hold'em Limit ($3/$6 USD) - 2017/06/12 8:44:27 ET
Table 'Tyl' 6-max Seat #2 is the button
Seat 1: popesxxx ($36 in chips)
Seat 2: Whatze Phuck ($120 in chips)
Whatze Phuck: posts small blind $1
TbIP-TbIP 88: is sitting out
TbIP-TbIP 88 leaves the table
popesxxx: posts big blind $3
*** HOLE CARDS ***
Whatze Phuck: folds
Uncalled bet ($2) returned to popesxxx
popesxxx collected $2 from pot
*** SUMMARY ***
Total pot $2 | Rake $0
Seat 1: popesxxx (big blind) collected ($2)
Seat 2: Whatze Phuck (button) (small blind) folded before Flop


PokerStars Hand #171675640497:  Hold'em Limit ($3/$6 USD) - 2017/06/12 8:44:50 ET
Table 'Tyl' 6-max Seat #2 is the button
Seat 1: popesxxx ($25 in chips)
Seat 2: Whatze Phuck ($131.52 in chips)
Whatze Phuck: posts small blind $1
PiniaA is disconnected
PiniaA has timed out while disconnected
PiniaA: is sitting out
popesxxx: posts big blind $3
*** HOLE CARDS ***
Whatze Phuck: raises $3 to $6
popesxxx: raises $3 to $9
Whatze Phuck: calls $3
*** FLOP *** [Ah 4c Jd]
popesxxx: checks
Whatze Phuck: checks
*** TURN *** [Ah 4c Jd] [6d]
popesxxx: checks
Whatze Phuck: checks
*** RIVER *** [Ah 4c Jd 6d] [Kh]
popesxxx: bets $6
Whatze Phuck: calls $6
*** SHOW DOWN ***
popesxxx: shows [Ad Qc] (a pair of Aces)
Whatze Phuck: mucks hand
popesxxx collected $29.50 from pot
*** SUMMARY ***
Total pot $30 | Rake $0.50
Board [Ah 4c Jd 6d Kh]
Seat 1: popesxxx (big blind) showed [Ad Qc] and won ($29.50) with a pair of Aces
Seat 2: Whatze Phuck (button) (small blind) mucked


PokerStars Hand #171676274069:  Hold'em Limit ($3/$6 USD) - 2017/06/12 9:07:00 ET
Table 'Tyl' 6-max Seat #2 is the button
Seat 2: Whatze Phuck ($125.61 in chips)
Seat 5: hookonhook ($298.48 in chips)
Whatze Phuck: posts small blind $1
hookonhook: posts big blind $3
*** HOLE CARDS ***
Whatze Phuck: folds
Uncalled bet ($2) returned to hookonhook
hookonhook collected $2 from pot
*** SUMMARY ***
Total pot $2 | Rake $0
Seat 2: Whatze Phuck (button) (small blind) folded before Flop
Seat 5: hookonhook (big blind) collected ($2)


PokerStars Hand #171676271521:  Hold'em Limit ($3/$6 USD) - 2017/06/12 9:06:56 ET
Table 'Tyl' 6-max Seat #5 is the button
Seat 2: Whatze Phuck ($124.61 in chips)
Seat 5: hookonhook ($299.48 in chips)
hookonhook: posts small blind $1
Whatze Phuck: posts big blind $3
*** HOLE CARDS ***
hookonhook: folds
Uncalled bet ($2) returned to Whatze Phuck
Whatze Phuck collected $2 from pot
Whatze Phuck: doesn't show hand
*** SUMMARY ***
Total pot $2 | Rake $0
Seat 2: Whatze Phuck (big blind) collected ($2)
Seat 5: hookonhook (button) (small blind) folded before Flop


PokerStars Hand #171676276725:  Hold'em Limit ($3/$6 USD) - 2017/06/12 9:07:06 ET
Table 'Tyl' 6-max Seat #5 is the button
Seat 2: Whatze Phuck ($124.61 in chips)
Seat 5: hookonhook ($299.48 in chips)
hookonhook: posts small blind $1
Whatze Phuck: posts big blind $3
*** HOLE CARDS ***
hookonhook: folds
Uncalled bet ($2) returned to Whatze Phuck
Whatze Phuck collected $2 from pot
Whatze Phuck: doesn't show hand
*** SUMMARY ***
Total pot $2 | Rake $0
Seat 2: Whatze Phuck (big blind) collected ($2)
Seat 5: hookonhook (button) (small blind) folded before Flop


PokerStars Hand #171676279320:  Hold'em Limit ($3/$6 USD) - 2017/06/12 9:07:11 ET
Table 'Tyl' 6-max Seat #2 is the button
Seat 2: Whatze Phuck ($125.61 in chips)
Seat 5: hookonhook ($298.48 in chips)
Whatze Phuck: posts small blind $1
hookonhook: posts big blind $3
*** HOLE CARDS ***
Whatze Phuck: raises $3 to $6
hookonhook: calls $3
*** FLOP *** [9h 2h Qc]
hookonhook: checks
Whatze Phuck: bets $3
hookonhook: folds
Uncalled bet ($3) returned to Whatze Phuck
Whatze Phuck collected $11.76 from pot
Whatze Phuck: doesn't show hand
*** SUMMARY ***
Total pot $12 | Rake $0.24
Board [9h 2h Qc]
Seat 2: Whatze Phuck (button) (small blind) collected ($11.76)
Seat 5: hookonhook (big blind) folded on the Flop


PokerStars Hand #171676285480:  Hold'em Limit ($3/$6 USD) - 2017/06/12 9:07:22 ET
Table 'Tyl' 6-max Seat #5 is the button
Seat 2: Whatze Phuck ($131.37 in chips)
Seat 5: hookonhook ($292.48 in chips)
hookonhook: posts small blind $1
Whatze Phuck: posts big blind $3
*** HOLE CARDS ***
hookonhook: raises $3 to $6
Whatze Phuck: calls $3
*** FLOP *** [3h 5d Qh]
Whatze Phuck: checks
hookonhook: bets $3
Whatze Phuck: folds
Uncalled bet ($3) returned to hookonhook
hookonhook collected $11.76 from pot
*** SUMMARY ***
Total pot $12 | Rake $0.24
Board [3h 5d Qh]
Seat 2: Whatze Phuck (big blind) folded on the Flop
Seat 5: hookonhook (button) (small blind) collected ($11.76)


PokerStars Hand #171676295925:  Hold'em Limit ($3/$6 USD) - 2017/06/12 9:07:42 ET
Table 'Tyl' 6-max Seat #5 is the button
Seat 2: Whatze Phuck ($124.37 in chips)
Seat 5: hookonhook ($299.24 in chips)
hookonhook: posts small blind $1
Whatze Phuck: posts big blind $3
*** HOLE CARDS ***
hookonhook: folds
Uncalled bet ($2) returned to Whatze Phuck
Whatze Phuck collected $2 from pot
Whatze Phuck: doesn't show hand
*** SUMMARY ***
Total pot $2 | Rake $0
Seat 2: Whatze Phuck (big blind) collected ($2)
Seat 5: hookonhook (button) (small blind) folded before Flop


PokerStars Hand #171676293467:  Hold'em Limit ($3/$6 USD) - 2017/06/12 9:07:38 ET
Table 'Tyl' 6-max Seat #2 is the button
Seat 2: Whatze Phuck ($125.37 in chips)
Seat 5: hookonhook ($298.24 in chips)
Whatze Phuck: posts small blind $1
hookonhook: posts big blind $3
*** HOLE CARDS ***
Whatze Phuck: folds
Uncalled bet ($2) returned to hookonhook
hookonhook collected $2 from pot
*** SUMMARY ***
Total pot $2 | Rake $0
Seat 2: Whatze Phuck (button) (small blind) folded before Flop
Seat 5: hookonhook (big blind) collected ($2)


PokerStars Hand #171676298645:  Hold'em Limit ($3/$6 USD) - 2017/06/12 9:07:48 ET
Table 'Tyl' 6-max Seat #2 is the button
Seat 2: Whatze Phuck ($125.37 in chips)
Seat 5: hookonhook ($298.24 in chips)
Whatze Phuck: posts small blind $1
hookonhook: posts big blind $3
*** HOLE CARDS ***
Whatze Phuck: folds
Uncalled bet ($2) returned to hookonhook
hookonhook collected $2 from pot
*** SUMMARY ***
Total pot $2 | Rake $0
Seat 2: Whatze Phuck (button) (small blind) folded before Flop
Seat 5: hookonhook (big blind) collected ($2)


PokerStars Hand #171676301195:  Hold'em Limit ($3/$6 USD) - 2017/06/12 9:07:53 ET
Table 'Tyl' 6-max Seat #5 is the button
Seat 2: Whatze Phuck ($124.37 in chips)
Seat 5: hookonhook ($299.24 in chips)
hookonhook: posts small blind $1
Whatze Phuck: posts big blind $3
*** HOLE CARDS ***
hookonhook: raises $3 to $6
Whatze Phuck: calls $3
*** FLOP *** [3c 8c Js]
Whatze Phuck: checks
hookonhook: checks
*** TURN *** [3c 8c Js] [Th]
Whatze Phuck: bets $6
PiniaA leaves the table
hookonhook: folds
Uncalled bet ($6) returned to Whatze Phuck
Whatze Phuck collected $11.76 from pot
Whatze Phuck: doesn't show hand
*** SUMMARY ***
Total pot $12 | Rake $0.24
Board [3c 8c Js Th]
Seat 2: Whatze Phuck (big blind) collected ($11.76)
Seat 5: hookonhook (button) (small blind) folded on the Turn


PokerStars Hand #171676311880:  Hold'em Limit ($3/$6 USD) - 2017/06/12 9:08:13 ET
Table 'Tyl' 6-max Seat #2 is the button
Seat 2: Whatze Phuck ($130.13 in chips)
Seat 5: hookonhook ($293.24 in chips)
Whatze Phuck: posts small blind $1
hookonhook: posts big blind $3
*** HOLE CARDS ***
Whatze Phuck: folds
Uncalled bet ($2) returned to hookonhook
hookonhook collected $2 from pot
*** SUMMARY ***
Total pot $2 | Rake $0
Seat 2: Whatze Phuck (button) (small blind) folded before Flop
Seat 5: hookonhook (big blind) collected ($2)


