PokerStars Hand #162916249766:  Hold'em Limit ($3/$6 USD) - 2016/12/14 0:50:38 ET
Table 'Tyndareus' 6-max Seat #1 is the button
Seat 1: MMM 22666 ($67.30 in chips)
Seat 4: Agrotait ($72.04 in chips)
MMM 22666: posts small blind $1
Agrotait: posts big blind $3
*** HOLE CARDS ***
MMM 22666: raises $3 to $6
Agrotait: folds
Uncalled bet ($3) returned to MMM 22666
MMM 22666 collected $6 from pot
*** SUMMARY ***
Total pot $6 | Rake $0
Seat 1: MMM 22666 (button) (small blind) collected ($6)
Seat 4: Agrotait (big blind) folded before Flop


PokerStars Hand #162916248169:  Hold'em Limit ($3/$6 USD) - 2016/12/14 0:50:32 ET
Table 'Tyndareus' 6-max Seat #4 is the button
Seat 1: MMM 22666 ($70.30 in chips)
Seat 4: Agrotait ($69.04 in chips)
Agrotait: posts small blind $1
MMM 22666: posts big blind $3
*** HOLE CARDS ***
Agrotait: raises $3 to $6
MMM 22666: folds
Uncalled bet ($3) returned to Agrotait
Agrotait collected $6 from pot
Agrotait: doesn't show hand
*** SUMMARY ***
Total pot $6 | Rake $0
Seat 1: MMM 22666 (big blind) folded before Flop
Seat 4: Agrotait (button) (small blind) collected ($6)


PokerStars Hand #162916241724:  Hold'em Limit ($3/$6 USD) - 2016/12/14 0:50:08 ET
Table 'Tyndareus' 6-max Seat #1 is the button
Seat 1: MMM 22666 ($73.30 in chips)
Seat 4: Agrotait ($66.16 in chips)
MMM 22666: posts small blind $1
Agrotait: posts big blind $3
*** HOLE CARDS ***
MMM 22666: calls $2
Agrotait: checks
*** FLOP *** [4d Th Qd]
Agrotait: checks
MMM 22666: checks
*** TURN *** [4d Th Qd] [Js]
Agrotait: bets $6
MMM 22666: folds
Uncalled bet ($6) returned to Agrotait
Agrotait collected $5.88 from pot
Agrotait: doesn't show hand
*** SUMMARY ***
Total pot $6 | Rake $0.12
Board [4d Th Qd Js]
Seat 1: MMM 22666 (button) (small blind) folded on the Turn
Seat 4: Agrotait (big blind) collected ($5.88)


PokerStars Hand #162916252470:  Hold'em Limit ($3/$6 USD) - 2016/12/14 0:50:48 ET
Table 'Tyndareus' 6-max Seat #4 is the button
Seat 1: MMM 22666 ($70.30 in chips)
Seat 4: Agrotait ($69.04 in chips)
Agrotait: posts small blind $1
MMM 22666: posts big blind $3
*** HOLE CARDS ***
Agrotait: raises $3 to $6
MMM 22666: calls $3
*** FLOP *** [Ad Qh Kc]
MMM 22666: bets $3
Agrotait: raises $3 to $6
MMM 22666: calls $3
*** TURN *** [Ad Qh Kc] [4s]
MMM 22666: checks
Agrotait: bets $6
MMM 22666: folds
Uncalled bet ($6) returned to Agrotait
Agrotait collected $23.52 from pot
Agrotait: doesn't show hand
*** SUMMARY ***
Total pot $24 | Rake $0.48
Board [Ad Qh Kc 4s]
Seat 1: MMM 22666 (big blind) folded on the Turn
Seat 4: Agrotait (button) (small blind) collected ($23.52)


PokerStars Hand #162916281318:  Hold'em Limit ($3/$6 USD) - 2016/12/14 0:52:35 ET
Table 'Tyndareus' 6-max Seat #1 is the button
Seat 1: MMM 22666 ($72.80 in chips)
Seat 4: Agrotait ($65.56 in chips)
MMM 22666: posts small blind $1
Agrotait: posts big blind $3
*** HOLE CARDS ***
MMM 22666: raises $3 to $6
Agrotait: folds
Uncalled bet ($3) returned to MMM 22666
MMM 22666 collected $6 from pot
*** SUMMARY ***
Total pot $6 | Rake $0
Seat 1: MMM 22666 (button) (small blind) collected ($6)
Seat 4: Agrotait (big blind) folded before Flop


PokerStars Hand #162916278801:  Hold'em Limit ($3/$6 USD) - 2016/12/14 0:52:26 ET
Table 'Tyndareus' 6-max Seat #4 is the button
Seat 1: MMM 22666 ($75.80 in chips)
Seat 4: Agrotait ($62.56 in chips)
Agrotait: posts small blind $1
MMM 22666: posts big blind $3
*** HOLE CARDS ***
Agrotait: raises $3 to $6
MMM 22666: folds
Uncalled bet ($3) returned to Agrotait
Agrotait collected $6 from pot
Agrotait: doesn't show hand
*** SUMMARY ***
Total pot $6 | Rake $0
Seat 1: MMM 22666 (big blind) folded before Flop
Seat 4: Agrotait (button) (small blind) collected ($6)


PokerStars Hand #162916260882:  Hold'em Limit ($3/$6 USD) - 2016/12/14 0:51:20 ET
Table 'Tyndareus' 6-max Seat #1 is the button
Seat 1: MMM 22666 ($58.30 in chips)
Seat 4: Agrotait ($80.56 in chips)
MMM 22666: posts small blind $1
Agrotait: posts big blind $3
*** HOLE CARDS ***
MMM 22666: calls $2
Agrotait: raises $3 to $6
MMM 22666: raises $3 to $9
Agrotait: calls $3
*** FLOP *** [5s 9h 5h]
Agrotait: checks
MMM 22666: bets $3
Agrotait: calls $3
*** TURN *** [5s 9h 5h] [8s]
Agrotait: checks
MMM 22666: bets $6
Agrotait: calls $6
*** RIVER *** [5s 9h 5h 8s] [Jc]
Agrotait: checks
MMM 22666: bets $6
Agrotait: folds
Uncalled bet ($6) returned to MMM 22666
MMM 22666 collected $35.50 from pot
*** SUMMARY ***
Total pot $36 | Rake $0.50
Board [5s 9h 5h 8s Jc]
Seat 1: MMM 22666 (button) (small blind) collected ($35.50)
Seat 4: Agrotait (big blind) folded on the River


PokerStars Hand #162916291668:  Hold'em Limit ($3/$6 USD) - 2016/12/14 0:53:13 ET
Table 'Tyndareus' 6-max Seat #1 is the button
Seat 1: MMM 22666 ($84.44 in chips)
Seat 4: Agrotait ($72 in chips)
MMM 22666: posts small blind $1
Agrotait: posts big blind $3
*** HOLE CARDS ***
MMM 22666: folds
Uncalled bet ($2) returned to Agrotait
Agrotait collected $2 from pot
Agrotait: doesn't show hand
*** SUMMARY ***
Total pot $2 | Rake $0
Seat 1: MMM 22666 (button) (small blind) folded before Flop
Seat 4: Agrotait (big blind) collected ($2)


PokerStars Hand #162916293035:  Hold'em Limit ($3/$6 USD) - 2016/12/14 0:53:19 ET
Table 'Tyndareus' 6-max Seat #4 is the button
Seat 1: MMM 22666 ($83.44 in chips)
Seat 4: Agrotait ($73 in chips)
Agrotait: posts small blind $1
MMM 22666: posts big blind $3
*** HOLE CARDS ***
Agrotait: raises $3 to $6
MMM 22666: calls $3
*** FLOP *** [Qs 2h 4c]
MMM 22666: checks
Agrotait: bets $3
MMM 22666: folds
Uncalled bet ($3) returned to Agrotait
Agrotait collected $11.76 from pot
Agrotait: doesn't show hand
*** SUMMARY ***
Total pot $12 | Rake $0.24
Board [Qs 2h 4c]
Seat 1: MMM 22666 (big blind) folded on the Flop
Seat 4: Agrotait (button) (small blind) collected ($11.76)


PokerStars Hand #162916285180:  Hold'em Limit ($3/$6 USD) - 2016/12/14 0:52:49 ET
Table 'Tyndareus' 6-max Seat #4 is the button
Seat 1: MMM 22666 ($75.80 in chips)
Seat 4: Agrotait ($62.56 in chips)
Agrotait: posts small blind $1
MMM 22666: posts big blind $3
*** HOLE CARDS ***
Agrotait: raises $3 to $6
MMM 22666: calls $3
*** FLOP *** [Ah 6h 8s]
MMM 22666: checks
Agrotait: bets $3
MMM 22666: calls $3
*** TURN *** [Ah 6h 8s] [5c]
MMM 22666: checks
Agrotait: checks
*** RIVER *** [Ah 6h 8s 5c] [8c]
MMM 22666: checks
Agrotait: checks
*** SHOW DOWN ***
MMM 22666: shows [Ts 5s] (two pair, Eights and Fives)
Agrotait: mucks hand
MMM 22666 collected $17.64 from pot
*** SUMMARY ***
Total pot $18 | Rake $0.36
Board [Ah 6h 8s 5c 8c]
Seat 1: MMM 22666 (big blind) showed [Ts 5s] and won ($17.64) with two pair, Eights and Fives
Seat 4: Agrotait (button) (small blind) mucked


PokerStars Hand #162916300953:  Hold'em Limit ($3/$6 USD) - 2016/12/14 0:53:48 ET
Table 'Tyndareus' 6-max Seat #1 is the button
Seat 1: MMM 22666 ($77.44 in chips)
Seat 4: Agrotait ($78.76 in chips)
MMM 22666: posts small blind $1
Agrotait: posts big blind $3
*** HOLE CARDS ***
MMM 22666: raises $3 to $6
Agrotait: calls $3
*** FLOP *** [Td Ks 5s]
Agrotait: checks
MMM 22666: bets $3
Agrotait: calls $3
*** TURN *** [Td Ks 5s] [6c]
Agrotait: checks
MMM 22666: bets $6
Agrotait: calls $6
*** RIVER *** [Td Ks 5s 6c] [5c]
Agrotait: checks
MMM 22666: bets $6
Agrotait: raises $6 to $12
MMM 22666: folds
Uncalled bet ($6) returned to Agrotait
Agrotait collected $41.50 from pot
Agrotait: doesn't show hand
*** SUMMARY ***
Total pot $42 | Rake $0.50
Board [Td Ks 5s 6c 5c]
Seat 1: MMM 22666 (button) (small blind) folded on the River
Seat 4: Agrotait (big blind) collected ($41.50)


PokerStars Hand #162916323333:  Hold'em Limit ($3/$6 USD) - 2016/12/14 0:55:11 ET
Table 'Tyndareus' 6-max Seat #1 is the button
Seat 1: MMM 22666 ($50.44 in chips)
Seat 4: Agrotait ($105.02 in chips)
MMM 22666: posts small blind $1
Agrotait: posts big blind $3
*** HOLE CARDS ***
MMM 22666: folds
Uncalled bet ($2) returned to Agrotait
Agrotait collected $2 from pot
Agrotait: doesn't show hand
*** SUMMARY ***
Total pot $2 | Rake $0
Seat 1: MMM 22666 (button) (small blind) folded before Flop
Seat 4: Agrotait (big blind) collected ($2)


PokerStars Hand #162916317572:  Hold'em Limit ($3/$6 USD) - 2016/12/14 0:54:49 ET
Table 'Tyndareus' 6-max Seat #4 is the button
Seat 1: MMM 22666 ($56.44 in chips)
Seat 4: Agrotait ($99.26 in chips)
Agrotait: posts small blind $1
MMM 22666: posts big blind $3
*** HOLE CARDS ***
Agrotait: raises $3 to $6
MMM 22666: calls $3
*** FLOP *** [Qs Td 7c]
MMM 22666: checks
Agrotait: bets $3
MMM 22666: folds
Uncalled bet ($3) returned to Agrotait
Agrotait collected $11.76 from pot
Agrotait: doesn't show hand
*** SUMMARY ***
Total pot $12 | Rake $0.24
Board [Qs Td 7c]
Seat 1: MMM 22666 (big blind) folded on the Flop
Seat 4: Agrotait (button) (small blind) collected ($11.76)


PokerStars Hand #162916325080:  Hold'em Limit ($3/$6 USD) - 2016/12/14 0:55:18 ET
Table 'Tyndareus' 6-max Seat #4 is the button
Seat 1: MMM 22666 ($49.44 in chips)
Seat 4: Agrotait ($106.02 in chips)
Agrotait: posts small blind $1
MMM 22666: posts big blind $3
*** HOLE CARDS ***
Agrotait: raises $3 to $6
MMM 22666: calls $3
*** FLOP *** [Td 2s 3d]
MMM 22666: checks
yman_0802 joins the table at seat #3
Agrotait: checks
*** TURN *** [Td 2s 3d] [Qs]
MMM 22666: bets $6
humlefar joins the table at seat #6
Agrotait: folds
Uncalled bet ($6) returned to MMM 22666
MMM 22666 collected $11.76 from pot
*** SUMMARY ***
Total pot $12 | Rake $0.24
Board [Td 2s 3d Qs]
Seat 1: MMM 22666 (big blind) collected ($11.76)
Seat 4: Agrotait (button) (small blind) folded on the Turn


PokerStars Hand #162916335275:  Hold'em Limit ($3/$6 USD) - 2016/12/14 0:56:00 ET
Table 'Tyndareus' 6-max Seat #1 is the button
Seat 1: MMM 22666 ($55.20 in chips)
Seat 4: Agrotait ($100.02 in chips)
MMM 22666: posts small blind $1
Agrotait: posts big blind $3
*** HOLE CARDS ***
MMM 22666: folds
Uncalled bet ($2) returned to Agrotait
Agrotait collected $2 from pot
Agrotait: doesn't show hand
*** SUMMARY ***
Total pot $2 | Rake $0
Seat 1: MMM 22666 (button) (small blind) folded before Flop
Seat 4: Agrotait (big blind) collected ($2)


PokerStars Hand #162922216568:  Hold'em Limit ($3/$6 USD) - 2016/12/14 5:56:57 ET
Table 'Tyndareus' 6-max Seat #3 is the button
Seat 2: ToDaFelt ($205.07 in chips)
Seat 3: feilinho ($159.14 in chips)
feilinho: posts small blind $1
B_loJkl: is sitting out
Ale4o: is sitting out
ToDaFelt: posts big blind $3
*** HOLE CARDS ***
Ale4o leaves the table
feilinho: folds
Uncalled bet ($2) returned to ToDaFelt
ToDaFelt collected $2 from pot
ToDaFelt: doesn't show hand
*** SUMMARY ***
Total pot $2 | Rake $0
Seat 2: ToDaFelt (big blind) collected ($2)
Seat 3: feilinho (button) (small blind) folded before Flop


PokerStars Hand #162922223377:  Hold'em Limit ($3/$6 USD) - 2016/12/14 5:57:15 ET
Table 'Tyndareus' 6-max Seat #2 is the button
Seat 2: ToDaFelt ($206.07 in chips)
Seat 3: feilinho ($158.14 in chips)
ToDaFelt: posts small blind $1
feilinho: posts big blind $3
*** HOLE CARDS ***
ToDaFelt: raises $3 to $6
feilinho: raises $3 to $9
ToDaFelt: calls $3
*** FLOP *** [7h 6c Ad]
feilinho: bets $3
ToDaFelt: raises $3 to $6
feilinho: calls $3
*** TURN *** [7h 6c Ad] [7d]
feilinho: checks
ToDaFelt: bets $6
feilinho: folds
Uncalled bet ($6) returned to ToDaFelt
ToDaFelt collected $29.50 from pot
ToDaFelt: doesn't show hand
*** SUMMARY ***
Total pot $30 | Rake $0.50
Board [7h 6c Ad 7d]
Seat 2: ToDaFelt (button) (small blind) collected ($29.50)
Seat 3: feilinho (big blind) folded on the Turn


