PokerStars Hand #172761707767:  Hold'em Limit ($3/$6 USD) - 2017/07/08 10:28:10 ET
Table 'Tyndareus' 6-max Seat #3 is the button
Seat 3: healthyserg ($58.27 in chips)
Seat 5: VolkovDmitri ($120 in chips)
healthyserg: posts small blind $1
VolkovDmitri: posts big blind $3
*** HOLE CARDS ***
healthyserg said, "privet"
healthyserg: calls $2
VolkovDmitri: raises $3 to $6
healthyserg: calls $3
*** FLOP *** [7d Js 3d]
VolkovDmitri said, "hi"
VolkovDmitri: bets $3
healthyserg: folds
Uncalled bet ($3) returned to VolkovDmitri
VolkovDmitri collected $11.76 from pot
VolkovDmitri: doesn't show hand
*** SUMMARY ***
Total pot $12 | Rake $0.24
Board [7d Js 3d]
Seat 3: healthyserg (button) (small blind) folded on the Flop
Seat 5: VolkovDmitri (big blind) collected ($11.76)


PokerStars Hand #172761719091:  Hold'em Limit ($3/$6 USD) - 2017/07/08 10:28:29 ET
Table 'Tyndareus' 6-max Seat #5 is the button
Seat 3: healthyserg ($52.27 in chips)
Seat 5: VolkovDmitri ($125.76 in chips)
VolkovDmitri: posts small blind $1
healthyserg: posts big blind $3
*** HOLE CARDS ***
VolkovDmitri: raises $3 to $6
healthyserg: calls $3
*** FLOP *** [Ad Kc 8d]
healthyserg: bets $3
VolkovDmitri: calls $3
*** TURN *** [Ad Kc 8d] [6c]
healthyserg: bets $6
VolkovDmitri: calls $6
*** RIVER *** [Ad Kc 8d 6c] [Kd]
healthyserg: bets $6
VolkovDmitri: calls $6
*** SHOW DOWN ***
healthyserg: shows [9d 7d] (a flush, Ace high)
VolkovDmitri: mucks hand
healthyserg collected $41.50 from pot
*** SUMMARY ***
Total pot $42 | Rake $0.50
Board [Ad Kc 8d 6c Kd]
Seat 3: healthyserg (big blind) showed [9d 7d] and won ($41.50) with a flush, Ace high
Seat 5: VolkovDmitri (button) (small blind) mucked


PokerStars Hand #172761732613:  Hold'em Limit ($3/$6 USD) - 2017/07/08 10:28:52 ET
Table 'Tyndareus' 6-max Seat #3 is the button
Seat 3: healthyserg ($72.77 in chips)
Seat 5: VolkovDmitri ($120 in chips)
healthyserg: posts small blind $1
VolkovDmitri: posts big blind $3
*** HOLE CARDS ***
healthyserg: calls $2
GoliafUa joins the table at seat #6
VolkovDmitri: raises $3 to $6
healthyserg: calls $3
*** FLOP *** [9s Th Ks]
VolkovDmitri: bets $3
healthyserg: raises $3 to $6
VolkovDmitri: calls $3
*** TURN *** [9s Th Ks] [9d]
VolkovDmitri: checks
healthyserg: bets $6
VolkovDmitri: folds
Uncalled bet ($6) returned to healthyserg
healthyserg collected $23.52 from pot
healthyserg: doesn't show hand
*** SUMMARY ***
Total pot $24 | Rake $0.48
Board [9s Th Ks 9d]
Seat 3: healthyserg (button) (small blind) collected ($23.52)
Seat 5: VolkovDmitri (big blind) folded on the Turn


PokerStars Hand #172761760102:  Hold'em Limit ($3/$6 USD) - 2017/07/08 10:29:38 ET
Table 'Tyndareus' 6-max Seat #5 is the button
Seat 3: healthyserg ($84.29 in chips)
Seat 5: VolkovDmitri ($120 in chips)
VolkovDmitri: posts small blind $1
healthyserg: posts big blind $3
*** HOLE CARDS ***
VolkovDmitri: folds
Uncalled bet ($2) returned to healthyserg
healthyserg collected $2 from pot
healthyserg: doesn't show hand
*** SUMMARY ***
Total pot $2 | Rake $0
Seat 3: healthyserg (big blind) collected ($2)
Seat 5: VolkovDmitri (button) (small blind) folded before Flop


PokerStars Hand #172761763911:  Hold'em Limit ($3/$6 USD) - 2017/07/08 10:29:45 ET
Table 'Tyndareus' 6-max Seat #3 is the button
Seat 3: healthyserg ($85.29 in chips)
Seat 5: VolkovDmitri ($120 in chips)
healthyserg: posts small blind $1
VolkovDmitri: posts big blind $3
*** HOLE CARDS ***
healthyserg: calls $2
VolkovDmitri: raises $3 to $6
healthyserg: calls $3
*** FLOP *** [7d Ad Kd]
VolkovDmitri: bets $3
healthyserg: folds
Uncalled bet ($3) returned to VolkovDmitri
VolkovDmitri collected $11.76 from pot
VolkovDmitri: doesn't show hand
*** SUMMARY ***
Total pot $12 | Rake $0.24
Board [7d Ad Kd]
Seat 3: healthyserg (button) (small blind) folded on the Flop
Seat 5: VolkovDmitri (big blind) collected ($11.76)


PokerStars Hand #172761772562:  Hold'em Limit ($3/$6 USD) - 2017/07/08 10:29:59 ET
Table 'Tyndareus' 6-max Seat #5 is the button
Seat 3: healthyserg ($79.29 in chips)
Seat 5: VolkovDmitri ($125.76 in chips)
VolkovDmitri: posts small blind $1
healthyserg: posts big blind $3
*** HOLE CARDS ***
VolkovDmitri: folds
Uncalled bet ($2) returned to healthyserg
healthyserg collected $2 from pot
healthyserg: doesn't show hand
*** SUMMARY ***
Total pot $2 | Rake $0
Seat 3: healthyserg (big blind) collected ($2)
Seat 5: VolkovDmitri (button) (small blind) folded before Flop


PokerStars Hand #172761775760:  Hold'em Limit ($3/$6 USD) - 2017/07/08 10:30:05 ET
Table 'Tyndareus' 6-max Seat #3 is the button
Seat 3: healthyserg ($80.29 in chips)
Seat 5: VolkovDmitri ($124.76 in chips)
healthyserg: posts small blind $1
VolkovDmitri: posts big blind $3
*** HOLE CARDS ***
healthyserg: folds
Uncalled bet ($2) returned to VolkovDmitri
VolkovDmitri collected $2 from pot
VolkovDmitri: doesn't show hand
*** SUMMARY ***
Total pot $2 | Rake $0
Seat 3: healthyserg (button) (small blind) folded before Flop
Seat 5: VolkovDmitri (big blind) collected ($2)


PokerStars Hand #172761797488:  Hold'em Limit ($3/$6 USD) - 2017/07/08 10:30:41 ET
Table 'Tyndareus' 6-max Seat #3 is the button
Seat 3: healthyserg ($87.93 in chips)
Seat 5: VolkovDmitri ($120 in chips)
healthyserg: posts small blind $1
VolkovDmitri: posts big blind $3
*** HOLE CARDS ***
healthyserg: folds
Uncalled bet ($2) returned to VolkovDmitri
VolkovDmitri collected $2 from pot
VolkovDmitri: doesn't show hand
*** SUMMARY ***
Total pot $2 | Rake $0
Seat 3: healthyserg (button) (small blind) folded before Flop
Seat 5: VolkovDmitri (big blind) collected ($2)


PokerStars Hand #172761779091:  Hold'em Limit ($3/$6 USD) - 2017/07/08 10:30:10 ET
Table 'Tyndareus' 6-max Seat #5 is the button
Seat 3: healthyserg ($79.29 in chips)
Seat 5: VolkovDmitri ($125.76 in chips)
VolkovDmitri: posts small blind $1
healthyserg: posts big blind $3
*** HOLE CARDS ***
VolkovDmitri: raises $3 to $6
healthyserg: calls $3
*** FLOP *** [7h 7d 3s]
healthyserg: checks
VolkovDmitri: bets $3
healthyserg: calls $3
*** TURN *** [7h 7d 3s] [5h]
healthyserg: checks
VolkovDmitri: checks
*** RIVER *** [7h 7d 3s 5h] [Ac]
healthyserg: bets $6
VolkovDmitri: folds
Uncalled bet ($6) returned to healthyserg
healthyserg collected $17.64 from pot
healthyserg: doesn't show hand
*** SUMMARY ***
Total pot $18 | Rake $0.36
Board [7h 7d 3s 5h Ac]
Seat 3: healthyserg (big blind) collected ($17.64)
Seat 5: VolkovDmitri (button) (small blind) folded on the River


PokerStars Hand #172761802203:  Hold'em Limit ($3/$6 USD) - 2017/07/08 10:30:49 ET
Table 'Tyndareus' 6-max Seat #5 is the button
Seat 3: healthyserg ($86.93 in chips)
Seat 5: VolkovDmitri ($121 in chips)
VolkovDmitri: posts small blind $1
healthyserg: posts big blind $3
*** HOLE CARDS ***
VolkovDmitri: raises $3 to $6
healthyserg: calls $3
*** FLOP *** [8d 8c Ac]
healthyserg: checks
VolkovDmitri: bets $3
healthyserg: folds
Uncalled bet ($3) returned to VolkovDmitri
VolkovDmitri collected $11.76 from pot
VolkovDmitri: doesn't show hand
*** SUMMARY ***
Total pot $12 | Rake $0.24
Board [8d 8c Ac]
Seat 3: healthyserg (big blind) folded on the Flop
Seat 5: VolkovDmitri (button) (small blind) collected ($11.76)


PokerStars Hand #172761809639:  Hold'em Limit ($3/$6 USD) - 2017/07/08 10:31:01 ET
Table 'Tyndareus' 6-max Seat #3 is the button
Seat 3: healthyserg ($80.93 in chips)
Seat 5: VolkovDmitri ($126.76 in chips)
healthyserg: posts small blind $1
VolkovDmitri: posts big blind $3
*** HOLE CARDS ***
healthyserg: calls $2
VolkovDmitri: raises $3 to $6
healthyserg: calls $3
*** FLOP *** [6d 9d 9s]
VolkovDmitri: checks
healthyserg: checks
*** TURN *** [6d 9d 9s] [As]
VolkovDmitri: checks
healthyserg: bets $6
VolkovDmitri: folds
Uncalled bet ($6) returned to healthyserg
healthyserg collected $11.76 from pot
healthyserg: doesn't show hand
*** SUMMARY ***
Total pot $12 | Rake $0.24
Board [6d 9d 9s As]
Seat 3: healthyserg (button) (small blind) collected ($11.76)
Seat 5: VolkovDmitri (big blind) folded on the Turn


PokerStars Hand #172761856232:  Hold'em Limit ($3/$6 USD) - 2017/07/08 10:32:20 ET
Table 'Tyndareus' 6-max Seat #5 is the button
Seat 3: healthyserg ($73.69 in chips)
Seat 5: VolkovDmitri ($127.61 in chips)
VolkovDmitri: posts small blind $1
healthyserg: posts big blind $3
*** HOLE CARDS ***
VolkovDmitri: raises $3 to $6
healthyserg: calls $3
*** FLOP *** [Jc 3h 3d]
healthyserg: bets $3
VolkovDmitri: raises $3 to $6
healthyserg: raises $3 to $9
VolkovDmitri: folds
Uncalled bet ($3) returned to healthyserg
healthyserg collected $23.52 from pot
healthyserg: doesn't show hand
*** SUMMARY ***
Total pot $24 | Rake $0.48
Board [Jc 3h 3d]
Seat 3: healthyserg (big blind) collected ($23.52)
Seat 5: VolkovDmitri (button) (small blind) folded on the Flop


PokerStars Hand #172761868287:  Hold'em Limit ($3/$6 USD) - 2017/07/08 10:32:40 ET
Table 'Tyndareus' 6-max Seat #3 is the button
Seat 3: healthyserg ($85.21 in chips)
Seat 5: VolkovDmitri ($120 in chips)
healthyserg: posts small blind $1
VolkovDmitri: posts big blind $3
*** HOLE CARDS ***
healthyserg: calls $2
VolkovDmitri: raises $3 to $6
healthyserg: calls $3
*** FLOP *** [Kc 8d 3d]
VolkovDmitri: bets $3
healthyserg: raises $3 to $6
VolkovDmitri: calls $3
*** TURN *** [Kc 8d 3d] [7c]
VolkovDmitri: checks
healthyserg: bets $6
VolkovDmitri: calls $6
*** RIVER *** [Kc 8d 3d 7c] [8s]
VolkovDmitri: checks
healthyserg: bets $6
VolkovDmitri: calls $6
*** SHOW DOWN ***
healthyserg: shows [Ad Td] (a pair of Eights)
VolkovDmitri: shows [6s 7d] (two pair, Eights and Sevens)
VolkovDmitri collected $47.50 from pot
*** SUMMARY ***
Total pot $48 | Rake $0.50
Board [Kc 8d 3d 7c 8s]
Seat 3: healthyserg (button) (small blind) showed [Ad Td] and lost with a pair of Eights
Seat 5: VolkovDmitri (big blind) showed [6s 7d] and won ($47.50) with two pair, Eights and Sevens


PokerStars Hand #172761887648:  Hold'em Limit ($3/$6 USD) - 2017/07/08 10:33:13 ET
Table 'Tyndareus' 6-max Seat #5 is the button
Seat 3: healthyserg ($61.21 in chips)
Seat 5: VolkovDmitri ($143.50 in chips)
VolkovDmitri: posts small blind $1
healthyserg: posts big blind $3
*** HOLE CARDS ***
VolkovDmitri: raises $3 to $6
healthyserg: calls $3
*** FLOP *** [Ks 6c 2c]
healthyserg: checks
VolkovDmitri: bets $3
healthyserg: folds
Uncalled bet ($3) returned to VolkovDmitri
VolkovDmitri collected $11.76 from pot
VolkovDmitri: doesn't show hand
*** SUMMARY ***
Total pot $12 | Rake $0.24
Board [Ks 6c 2c]
Seat 3: healthyserg (big blind) folded on the Flop
Seat 5: VolkovDmitri (button) (small blind) collected ($11.76)


PokerStars Hand #172762201459:  Hold'em Limit ($3/$6 USD) - 2017/07/08 10:42:05 ET
Table 'Tyndareus' 6-max Seat #5 is the button
Seat 3: healthyserg ($21.56 in chips)
Seat 5: VolkovDmitri ($196.23 in chips)
VolkovDmitri: posts small blind $1
healthyserg: posts big blind $3
*** HOLE CARDS ***
VolkovDmitri: raises $3 to $6
healthyserg: calls $3
*** FLOP *** [Qs 2d 9d]
healthyserg: bets $3
VolkovDmitri: calls $3
*** TURN *** [Qs 2d 9d] [Kh]
healthyserg: bets $6
VolkovDmitri: calls $6
*** RIVER *** [Qs 2d 9d Kh] [8s]
healthyserg: bets $6
VolkovDmitri: raises $6 to $12
healthyserg: calls $0.56 and is all-in
Uncalled bet ($5.44) returned to VolkovDmitri
*** SHOW DOWN ***
VolkovDmitri: shows [Qd 8d] (two pair, Queens and Eights)
healthyserg: shows [Ah Ac] (a pair of Aces)
VolkovDmitri collected $42.62 from pot
*** SUMMARY ***
Total pot $43.12 | Rake $0.50
Board [Qs 2d 9d Kh 8s]
Seat 3: healthyserg (big blind) showed [Ah Ac] and lost with a pair of Aces
Seat 5: VolkovDmitri (button) (small blind) showed [Qd 8d] and won ($42.62) with two pair, Queens and Eights


