PokerStars Hand #156596166619:  Hold'em Limit ($3/$6 USD) - 2016/07/29 12:31:36 ET
Table 'Tyndareus' 6-max Seat #2 is the button
Seat 1: Ag3r0n ($136.52 in chips)
Seat 2: Chessnok ($61 in chips)
Chessnok: posts small blind $1
Punkyfee: is sitting out
Longstaaf: is sitting out
Ag3r0n: posts big blind $3
*** HOLE CARDS ***
Chessnok: raises $3 to $6
Ag3r0n: folds
Uncalled bet ($3) returned to Chessnok
Longstaaf leaves the table
Punkyfee leaves the table
Chessnok collected $6 from pot
Chessnok: doesn't show hand
*** SUMMARY ***
Total pot $6 | Rake $0
Seat 1: Ag3r0n (big blind) folded before Flop
Seat 2: Chessnok (button) (small blind) collected ($6)


PokerStars Hand #156601194387:  Hold'em Limit ($3/$6 USD) - 2016/07/29 14:39:12 ET
Table 'Tyndareus' 6-max Seat #3 is the button
Seat 2: ZinZar ($72 in chips)
Seat 3: oregordog ($121 in chips)
oregordog: posts small blind $1
ZinZar: posts big blind $3
*** HOLE CARDS ***
oregordog: raises $3 to $6
ZinZar: calls $3
*** FLOP *** [Qc Tc 2h]
ZinZar: checks
oregordog: bets $3
ZinZar: raises $3 to $6
oregordog: calls $3
*** TURN *** [Qc Tc 2h] [2s]
ZinZar: bets $6
oregordog: calls $6
*** RIVER *** [Qc Tc 2h 2s] [Jd]
ZinZar: bets $6
oregordog: folds
Uncalled bet ($6) returned to ZinZar
ZinZar collected $35.50 from pot
ZinZar: doesn't show hand
*** SUMMARY ***
Total pot $36 | Rake $0.50
Board [Qc Tc 2h 2s Jd]
Seat 2: ZinZar (big blind) collected ($35.50)
Seat 3: oregordog (button) (small blind) folded on the River


PokerStars Hand #156601215965:  Hold'em Limit ($3/$6 USD) - 2016/07/29 14:39:43 ET
Table 'Tyndareus' 6-max Seat #2 is the button
Seat 2: ZinZar ($89.50 in chips)
Seat 3: oregordog ($103 in chips)
ZinZar: posts small blind $1
oregordog: posts big blind $3
*** HOLE CARDS ***
ZinZar: raises $3 to $6
oregordog: calls $3
*** FLOP *** [6d Qs Jd]
oregordog: checks
ZinZar: checks
*** TURN *** [6d Qs Jd] [7h]
oregordog: bets $6
ZinZar: folds
Uncalled bet ($6) returned to oregordog
oregordog collected $11.76 from pot
*** SUMMARY ***
Total pot $12 | Rake $0.24
Board [6d Qs Jd 7h]
Seat 2: ZinZar (button) (small blind) folded on the Turn
Seat 3: oregordog (big blind) collected ($11.76)


PokerStars Hand #156601245822:  Hold'em Limit ($3/$6 USD) - 2016/07/29 14:40:25 ET
Table 'Tyndareus' 6-max Seat #2 is the button
Seat 2: ZinZar ($84.50 in chips)
Seat 3: oregordog ($107.76 in chips)
ZinZar: posts small blind $1
oregordog: posts big blind $3
*** HOLE CARDS ***
ZinZar: raises $3 to $6
oregordog: calls $3
*** FLOP *** [Ad 9h 5s]
oregordog: checks
ZinZar: bets $3
oregordog: raises $3 to $6
ZinZar: calls $3
*** TURN *** [Ad 9h 5s] [6d]
oregordog: bets $6
ZinZar: calls $6
*** RIVER *** [Ad 9h 5s 6d] [7c]
oregordog: checks
ZinZar: bets $6
oregordog: folds
Uncalled bet ($6) returned to ZinZar
ZinZar collected $35.50 from pot
ZinZar: doesn't show hand
*** SUMMARY ***
Total pot $36 | Rake $0.50
Board [Ad 9h 5s 6d 7c]
Seat 2: ZinZar (button) (small blind) collected ($35.50)
Seat 3: oregordog (big blind) folded on the River


PokerStars Hand #156601241657:  Hold'em Limit ($3/$6 USD) - 2016/07/29 14:40:19 ET
Table 'Tyndareus' 6-max Seat #3 is the button
Seat 2: ZinZar ($83.50 in chips)
Seat 3: oregordog ($108.76 in chips)
oregordog: posts small blind $1
ZinZar: posts big blind $3
*** HOLE CARDS ***
oregordog: folds
Uncalled bet ($2) returned to ZinZar
ZinZar collected $2 from pot
ZinZar: doesn't show hand
*** SUMMARY ***
Total pot $2 | Rake $0
Seat 2: ZinZar (big blind) collected ($2)
Seat 3: oregordog (button) (small blind) folded before Flop


PokerStars Hand #156601298944:  Hold'em Limit ($3/$6 USD) - 2016/07/29 14:41:31 ET
Table 'Tyndareus' 6-max Seat #2 is the button
Seat 2: ZinZar ($122.50 in chips)
Seat 3: oregordog ($68.76 in chips)
ZinZar: posts small blind $1
oregordog: posts big blind $3
*** HOLE CARDS ***
ZinZar: raises $3 to $6
oregordog: calls $3
*** FLOP *** [Qd 6s 8d]
oregordog: checks
ZinZar: bets $3
oregordog: calls $3
*** TURN *** [Qd 6s 8d] [3c]
oregordog: checks
ZinZar: bets $6
oregordog: folds
Uncalled bet ($6) returned to ZinZar
ZinZar collected $17.64 from pot
ZinZar: doesn't show hand
*** SUMMARY ***
Total pot $18 | Rake $0.36
Board [Qd 6s 8d 3c]
Seat 2: ZinZar (button) (small blind) collected ($17.64)
Seat 3: oregordog (big blind) folded on the Turn


PokerStars Hand #156601295022:  Hold'em Limit ($3/$6 USD) - 2016/07/29 14:41:25 ET
Table 'Tyndareus' 6-max Seat #3 is the button
Seat 2: ZinZar ($121.50 in chips)
Seat 3: oregordog ($69.76 in chips)
oregordog: posts small blind $1
ZinZar: posts big blind $3
*** HOLE CARDS ***
oregordog: folds
Uncalled bet ($2) returned to ZinZar
ZinZar collected $2 from pot
ZinZar: doesn't show hand
*** SUMMARY ***
Total pot $2 | Rake $0
Seat 2: ZinZar (big blind) collected ($2)
Seat 3: oregordog (button) (small blind) folded before Flop


PokerStars Hand #156601291651:  Hold'em Limit ($3/$6 USD) - 2016/07/29 14:41:20 ET
Table 'Tyndareus' 6-max Seat #2 is the button
Seat 2: ZinZar ($122.50 in chips)
Seat 3: oregordog ($68.76 in chips)
ZinZar: posts small blind $1
oregordog: posts big blind $3
*** HOLE CARDS ***
ZinZar: folds
Uncalled bet ($2) returned to oregordog
oregordog collected $2 from pot
*** SUMMARY ***
Total pot $2 | Rake $0
Seat 2: ZinZar (button) (small blind) folded before Flop
Seat 3: oregordog (big blind) collected ($2)


PokerStars Hand #156601274287:  Hold'em Limit ($3/$6 USD) - 2016/07/29 14:40:55 ET
Table 'Tyndareus' 6-max Seat #3 is the button
Seat 2: ZinZar ($102 in chips)
Seat 3: oregordog ($89.76 in chips)
oregordog: posts small blind $1
ZinZar: posts big blind $3
*** HOLE CARDS ***
oregordog: raises $3 to $6
ZinZar: calls $3
*** FLOP *** [3c Jd Js]
ZinZar: checks
oregordog: bets $3
ZinZar: calls $3
*** TURN *** [3c Jd Js] [5c]
ZinZar: checks
oregordog: bets $6
ZinZar: calls $6
*** RIVER *** [3c Jd Js 5c] [6c]
ZinZar: bets $6
oregordog: calls $6
*** SHOW DOWN ***
ZinZar: shows [Kc 5d] (two pair, Jacks and Fives)
oregordog: mucks hand
ZinZar collected $41.50 from pot
*** SUMMARY ***
Total pot $42 | Rake $0.50
Board [3c Jd Js 5c 6c]
Seat 2: ZinZar (big blind) showed [Kc 5d] and won ($41.50) with two pair, Jacks and Fives
Seat 3: oregordog (button) (small blind) mucked


PokerStars Hand #156601319630:  Hold'em Limit ($3/$6 USD) - 2016/07/29 14:42:00 ET
Table 'Tyndareus' 6-max Seat #3 is the button
Seat 2: ZinZar ($131.14 in chips)
Seat 3: oregordog ($59.76 in chips)
oregordog: posts small blind $1
ZinZar: posts big blind $3
*** HOLE CARDS ***
oregordog: raises $3 to $6
ZinZar: raises $3 to $9
oregordog: calls $3
*** FLOP *** [3d 8d Th]
ZinZar: bets $3
oregordog: calls $3
*** TURN *** [3d 8d Th] [Jd]
ZinZar: bets $6
oregordog: calls $6
*** RIVER *** [3d 8d Th Jd] [3s]
ZinZar: bets $6
oregordog: folds
Uncalled bet ($6) returned to ZinZar
ZinZar collected $35.50 from pot
ZinZar: doesn't show hand
*** SUMMARY ***
Total pot $36 | Rake $0.50
Board [3d 8d Th Jd 3s]
Seat 2: ZinZar (big blind) collected ($35.50)
Seat 3: oregordog (button) (small blind) folded on the River


PokerStars Hand #156601337661:  Hold'em Limit ($3/$6 USD) - 2016/07/29 14:42:26 ET
Table 'Tyndareus' 6-max Seat #2 is the button
Seat 2: ZinZar ($148.64 in chips)
Seat 3: oregordog ($41.76 in chips)
ZinZar: posts small blind $1
oregordog: posts big blind $3
*** HOLE CARDS ***
ZinZar: raises $3 to $6
oregordog: calls $3
*** FLOP *** [Ac 5s 4d]
oregordog: checks
ZinZar: bets $3
oregordog: raises $3 to $6
ZinZar: folds
Uncalled bet ($3) returned to oregordog
oregordog collected $17.64 from pot
*** SUMMARY ***
Total pot $18 | Rake $0.36
Board [Ac 5s 4d]
Seat 2: ZinZar (button) (small blind) folded on the Flop
Seat 3: oregordog (big blind) collected ($17.64)


PokerStars Hand #156601349981:  Hold'em Limit ($3/$6 USD) - 2016/07/29 14:42:44 ET
Table 'Tyndareus' 6-max Seat #3 is the button
Seat 2: ZinZar ($139.64 in chips)
Seat 3: oregordog ($50.40 in chips)
oregordog: posts small blind $1
ZinZar: posts big blind $3
*** HOLE CARDS ***
oregordog: raises $3 to $6
ZinZar: calls $3
*** FLOP *** [4c 8c 9c]
ZinZar: checks
oregordog: bets $3
ZinZar: calls $3
*** TURN *** [4c 8c 9c] [3c]
ZinZar: checks
oregordog: checks
*** RIVER *** [4c 8c 9c 3c] [5c]
ZinZar: bets $6
oregordog: calls $6
*** SHOW DOWN ***
ZinZar: shows [4h 6c] (a flush, Nine high)
oregordog: mucks hand
ZinZar collected $29.50 from pot
*** SUMMARY ***
Total pot $30 | Rake $0.50
Board [4c 8c 9c 3c 5c]
Seat 2: ZinZar (big blind) showed [4h 6c] and won ($29.50) with a flush, Nine high
Seat 3: oregordog (button) (small blind) mucked


PokerStars Hand #156601370939:  Hold'em Limit ($3/$6 USD) - 2016/07/29 14:43:14 ET
Table 'Tyndareus' 6-max Seat #3 is the button
Seat 2: ZinZar ($157.14 in chips)
Seat 3: oregordog ($32.40 in chips)
oregordog: posts small blind $1
ZinZar: posts big blind $3
*** HOLE CARDS ***
oregordog: raises $3 to $6
ZinZar: raises $3 to $9
oregordog: raises $3 to $12
Betting is capped
ZinZar: calls $3
*** FLOP *** [7c 6c 7d]
ZinZar: checks
TinaTurner72 joins the table at seat #4
oregordog: bets $3
ZinZar: calls $3
*** TURN *** [7c 6c 7d] [4d]
ZinZar: checks
oregordog: bets $6
ZinZar: calls $6
*** RIVER *** [7c 6c 7d 4d] [5d]
ZinZar: checks
oregordog: bets $6
ZinZar: folds
Uncalled bet ($6) returned to oregordog
oregordog collected $41.50 from pot
*** SUMMARY ***
Total pot $42 | Rake $0.50
Board [7c 6c 7d 4d 5d]
Seat 2: ZinZar (big blind) folded on the River
Seat 3: oregordog (button) (small blind) collected ($41.50)


PokerStars Hand #156601366314:  Hold'em Limit ($3/$6 USD) - 2016/07/29 14:43:07 ET
Table 'Tyndareus' 6-max Seat #2 is the button
Seat 2: ZinZar ($154.14 in chips)
Seat 3: oregordog ($35.40 in chips)
ZinZar: posts small blind $1
oregordog: posts big blind $3
*** HOLE CARDS ***
ZinZar: raises $3 to $6
oregordog: folds
Uncalled bet ($3) returned to ZinZar
ZinZar collected $6 from pot
ZinZar: doesn't show hand
*** SUMMARY ***
Total pot $6 | Rake $0
Seat 2: ZinZar (button) (small blind) collected ($6)
Seat 3: oregordog (big blind) folded before Flop


PokerStars Hand #156601402305:  Hold'em Limit ($3/$6 USD) - 2016/07/29 14:43:59 ET
Table 'Tyndareus' 6-max Seat #2 is the button
Seat 2: ZinZar ($136.14 in chips)
Seat 3: oregordog ($52.90 in chips)
ZinZar: posts small blind $1
oregordog: posts big blind $3
*** HOLE CARDS ***
ZinZar: raises $3 to $6
oregordog: calls $3
*** FLOP *** [7h 9c 5d]
oregordog: checks
ZinZar: bets $3
oregordog: folds
Uncalled bet ($3) returned to ZinZar
ZinZar collected $11.76 from pot
ZinZar: doesn't show hand
*** SUMMARY ***
Total pot $12 | Rake $0.24
Board [7h 9c 5d]
Seat 2: ZinZar (button) (small blind) collected ($11.76)
Seat 3: oregordog (big blind) folded on the Flop


PokerStars Hand #156606859383:  Hold'em Limit ($3/$6 USD) - 2016/07/29 16:47:19 ET
Table 'Tyndareus' 6-max Seat #3 is the button
Seat 3: Omega74 ($265.37 in chips)
Seat 6: Chessnok ($284.88 in chips)
Omega74: posts small blind $1
ValeryRon: is sitting out
Longstaaf: is sitting out
Chessnok: posts big blind $3
*** HOLE CARDS ***
ValeryRon leaves the table
Omega74: folds
Uncalled bet ($2) returned to Chessnok
Chessnok collected $2 from pot
Chessnok: doesn't show hand
*** SUMMARY ***
Total pot $2 | Rake $0
Seat 3: Omega74 (button) (small blind) folded before Flop
Seat 6: Chessnok (big blind) collected ($2)


PokerStars Hand #156606864940:  Hold'em Limit ($3/$6 USD) - 2016/07/29 16:47:25 ET
Table 'Tyndareus' 6-max Seat #6 is the button
Seat 3: Omega74 ($264.37 in chips)
Seat 6: Chessnok ($285.88 in chips)
Chessnok: posts small blind $1
Omega74: posts big blind $3
*** HOLE CARDS ***
Chessnok: raises $3 to $6
Omega74: raises $3 to $9
Chessnok: calls $3
*** FLOP *** [Jd 4c Jh]
Omega74: bets $3
Chessnok: calls $3
*** TURN *** [Jd 4c Jh] [Kc]
Omega74: bets $6
Longstaaf leaves the table
Chessnok: raises $6 to $12
Omega74: raises $6 to $18
Chessnok: calls $6
*** RIVER *** [Jd 4c Jh Kc] [Kh]
Omega74: bets $6
Chessnok: folds
Uncalled bet ($6) returned to Omega74
Omega74 collected $59.50 from pot
Omega74: doesn't show hand
*** SUMMARY ***
Total pot $60 | Rake $0.50
Board [Jd 4c Jh Kc Kh]
Seat 3: Omega74 (big blind) collected ($59.50)
Seat 6: Chessnok (button) (small blind) folded on the River


