PokerStars Hand #171654254893:  Hold'em Limit ($3/$6 USD) - 2017/06/11 17:18:58 ET
Table 'Tynka' 6-max Seat #3 is the button
Seat 3: hockeynutz99 ($81.53 in chips)
Seat 5: TinaTurner72 ($120 in chips)
hockeynutz99: posts small blind $1
TinaTurner72: posts big blind $3
*** HOLE CARDS ***
hockeynutz99: raises $3 to $6
TinaTurner72: calls $3
*** FLOP *** [8s Qc Td]
TinaTurner72: checks
hockeynutz99: bets $3
TinaTurner72: folds
Uncalled bet ($3) returned to hockeynutz99
hockeynutz99 collected $11.76 from pot
hockeynutz99: doesn't show hand
*** SUMMARY ***
Total pot $12 | Rake $0.24
Board [8s Qc Td]
Seat 3: hockeynutz99 (button) (small blind) collected ($11.76)
Seat 5: TinaTurner72 (big blind) folded on the Flop


PokerStars Hand #171654364833:  Hold'em Limit ($3/$6 USD) - 2017/06/11 17:21:07 ET
Table 'Tynka' 6-max Seat #5 is the button
Seat 3: hockeynutz99 ($92.69 in chips)
Seat 5: TinaTurner72 ($107.76 in chips)
TinaTurner72: posts small blind $1
hockeynutz99: posts big blind $3
*** HOLE CARDS ***
TinaTurner72: raises $3 to $6
hockeynutz99: calls $3
*** FLOP *** [2h Tc Qd]
hockeynutz99: checks
TinaTurner72: bets $3
hockeynutz99: folds
Uncalled bet ($3) returned to TinaTurner72
TinaTurner72 collected $11.76 from pot
TinaTurner72: doesn't show hand
*** SUMMARY ***
Total pot $12 | Rake $0.24
Board [2h Tc Qd]
Seat 3: hockeynutz99 (big blind) folded on the Flop
Seat 5: TinaTurner72 (button) (small blind) collected ($11.76)


PokerStars Hand #171654345549:  Hold'em Limit ($3/$6 USD) - 2017/06/11 17:20:44 ET
Table 'Tynka' 6-max Seat #3 is the button
Seat 3: hockeynutz99 ($86.93 in chips)
Seat 5: TinaTurner72 ($113.76 in chips)
hockeynutz99: posts small blind $1
TinaTurner72: posts big blind $3
*** HOLE CARDS ***
hockeynutz99: raises $3 to $6
TinaTurner72: calls $3
*** FLOP *** [Td Kc 7c]
TinaTurner72: checks
hockeynutz99: bets $3
TinaTurner72: folds
Uncalled bet ($3) returned to hockeynutz99
hockeynutz99 collected $11.76 from pot
hockeynutz99: doesn't show hand
*** SUMMARY ***
Total pot $12 | Rake $0.24
Board [Td Kc 7c]
Seat 3: hockeynutz99 (button) (small blind) collected ($11.76)
Seat 5: TinaTurner72 (big blind) folded on the Flop


PokerStars Hand #171654338644:  Hold'em Limit ($3/$6 USD) - 2017/06/11 17:20:36 ET
Table 'Tynka' 6-max Seat #5 is the button
Seat 3: hockeynutz99 ($89.93 in chips)
Seat 5: TinaTurner72 ($110.76 in chips)
TinaTurner72: posts small blind $1
hockeynutz99: posts big blind $3
*** HOLE CARDS ***
TinaTurner72: raises $3 to $6
hockeynutz99: folds
Uncalled bet ($3) returned to TinaTurner72
TinaTurner72 collected $6 from pot
TinaTurner72: doesn't show hand
*** SUMMARY ***
Total pot $6 | Rake $0
Seat 3: hockeynutz99 (big blind) folded before Flop
Seat 5: TinaTurner72 (button) (small blind) collected ($6)


PokerStars Hand #171654321992:  Hold'em Limit ($3/$6 USD) - 2017/06/11 17:20:16 ET
Table 'Tynka' 6-max Seat #3 is the button
Seat 3: hockeynutz99 ($95.93 in chips)
Seat 5: TinaTurner72 ($105 in chips)
hockeynutz99: posts small blind $1
TinaTurner72: posts big blind $3
*** HOLE CARDS ***
hockeynutz99: raises $3 to $6
TinaTurner72: calls $3
*** FLOP *** [Qh 2h 6s]
TinaTurner72: checks
hockeynutz99: checks
*** TURN *** [Qh 2h 6s] [5d]
TinaTurner72: bets $6
hockeynutz99: folds
Uncalled bet ($6) returned to TinaTurner72
TinaTurner72 collected $11.76 from pot
TinaTurner72: doesn't show hand
*** SUMMARY ***
Total pot $12 | Rake $0.24
Board [Qh 2h 6s 5d]
Seat 3: hockeynutz99 (button) (small blind) folded on the Turn
Seat 5: TinaTurner72 (big blind) collected ($11.76)


PokerStars Hand #171654401203:  Hold'em Limit ($3/$6 USD) - 2017/06/11 17:21:49 ET
Table 'Tynka' 6-max Seat #5 is the button
Seat 3: hockeynutz99 ($86.44 in chips)
Seat 5: TinaTurner72 ($113.27 in chips)
TinaTurner72: posts small blind $1
hockeynutz99: posts big blind $3
*** HOLE CARDS ***
TinaTurner72: raises $3 to $6
hockeynutz99: calls $3
*** FLOP *** [2c Kh Js]
hockeynutz99: bets $3
TinaTurner72: calls $3
*** TURN *** [2c Kh Js] [Jd]
hockeynutz99: bets $6
TinaTurner72: raises $6 to $12
hockeynutz99: calls $6
*** RIVER *** [2c Kh Js Jd] [3d]
hockeynutz99: checks
TinaTurner72: bets $6
hockeynutz99: folds
Uncalled bet ($6) returned to TinaTurner72
TinaTurner72 collected $41.50 from pot
TinaTurner72: doesn't show hand
*** SUMMARY ***
Total pot $42 | Rake $0.50
Board [2c Kh Js Jd 3d]
Seat 3: hockeynutz99 (big blind) folded on the River
Seat 5: TinaTurner72 (button) (small blind) collected ($41.50)


PokerStars Hand #171654425458:  Hold'em Limit ($3/$6 USD) - 2017/06/11 17:22:17 ET
Table 'Tynka' 6-max Seat #3 is the button
Seat 3: hockeynutz99 ($65.44 in chips)
Seat 5: TinaTurner72 ($133.77 in chips)
hockeynutz99: posts small blind $1
TinaTurner72: posts big blind $3
*** HOLE CARDS ***
hockeynutz99: raises $3 to $6
TinaTurner72: calls $3
*** FLOP *** [Jd 9d Ah]
TinaTurner72: checks
hockeynutz99: bets $3
TinaTurner72: folds
Uncalled bet ($3) returned to hockeynutz99
hockeynutz99 collected $11.76 from pot
hockeynutz99: doesn't show hand
*** SUMMARY ***
Total pot $12 | Rake $0.24
Board [Jd 9d Ah]
Seat 3: hockeynutz99 (button) (small blind) collected ($11.76)
Seat 5: TinaTurner72 (big blind) folded on the Flop


PokerStars Hand #171654379682:  Hold'em Limit ($3/$6 USD) - 2017/06/11 17:21:24 ET
Table 'Tynka' 6-max Seat #3 is the button
Seat 3: hockeynutz99 ($86.69 in chips)
Seat 5: TinaTurner72 ($113.52 in chips)
hockeynutz99: posts small blind $1
TinaTurner72: posts big blind $3
*** HOLE CARDS ***
hockeynutz99: raises $3 to $6
TinaTurner72: raises $3 to $9
hockeynutz99: calls $3
*** FLOP *** [Ts 4d Kh]
TinaTurner72: bets $3
hockeynutz99: calls $3
*** TURN *** [Ts 4d Kh] [Qs]
TinaTurner72: bets $6
hockeynutz99: calls $6
*** RIVER *** [Ts 4d Kh Qs] [Jc]
TinaTurner72: bets $6
hockeynutz99: raises $6 to $12
TinaTurner72: raises $6 to $18
hockeynutz99: calls $6
*** SHOW DOWN ***
TinaTurner72: shows [Ah Kc] (a straight, Ten to Ace)
hockeynutz99: shows [Ac 5c] (a straight, Ten to Ace)
TinaTurner72 collected $35.75 from pot
hockeynutz99 collected $35.75 from pot
*** SUMMARY ***
Total pot $72 | Rake $0.50
Board [Ts 4d Kh Qs Jc]
Seat 3: hockeynutz99 (button) (small blind) showed [Ac 5c] and won ($35.75) with a straight, Ten to Ace
Seat 5: TinaTurner72 (big blind) showed [Ah Kc] and won ($35.75) with a straight, Ten to Ace


PokerStars Hand #171654436021:  Hold'em Limit ($3/$6 USD) - 2017/06/11 17:22:30 ET
Table 'Tynka' 6-max Seat #5 is the button
Seat 3: hockeynutz99 ($71.20 in chips)
Seat 5: TinaTurner72 ($127.77 in chips)
TinaTurner72: posts small blind $1
hockeynutz99: posts big blind $3
*** HOLE CARDS ***
TinaTurner72: raises $3 to $6
hockeynutz99: calls $3
*** FLOP *** [Js Kc 8h]
hockeynutz99: checks
TinaTurner72: bets $3
hockeynutz99: calls $3
*** TURN *** [Js Kc 8h] [2s]
hockeynutz99: checks
TinaTurner72: bets $6
hockeynutz99: calls $6
*** RIVER *** [Js Kc 8h 2s] [4c]
hockeynutz99: checks
TinaTurner72: bets $6
hockeynutz99: calls $6
*** SHOW DOWN ***
TinaTurner72: shows [6c Kd] (a pair of Kings)
hockeynutz99: mucks hand
TinaTurner72 collected $41.50 from pot
*** SUMMARY ***
Total pot $42 | Rake $0.50
Board [Js Kc 8h 2s 4c]
Seat 3: hockeynutz99 (big blind) mucked
Seat 5: TinaTurner72 (button) (small blind) showed [6c Kd] and won ($41.50) with a pair of Kings


PokerStars Hand #171654462776:  Hold'em Limit ($3/$6 USD) - 2017/06/11 17:23:01 ET
Table 'Tynka' 6-max Seat #3 is the button
Seat 3: hockeynutz99 ($50.20 in chips)
Seat 5: TinaTurner72 ($148.27 in chips)
hockeynutz99: posts small blind $1
TinaTurner72: posts big blind $3
*** HOLE CARDS ***
hockeynutz99: raises $3 to $6
TinaTurner72: calls $3
*** FLOP *** [6d 8h 5c]
TinaTurner72: checks
hockeynutz99: bets $3
TinaTurner72: raises $3 to $6
hockeynutz99: raises $3 to $9
TinaTurner72: raises $3 to $12
Betting is capped
hockeynutz99: calls $3
*** TURN *** [6d 8h 5c] [6s]
TinaTurner72: bets $6
hockeynutz99: calls $6
*** RIVER *** [6d 8h 5c 6s] [Kh]
TinaTurner72: bets $6
hockeynutz99: calls $6
*** SHOW DOWN ***
TinaTurner72: shows [8d 6h] (a full house, Sixes full of Eights)
hockeynutz99: mucks hand
TinaTurner72 collected $59.50 from pot
*** SUMMARY ***
Total pot $60 | Rake $0.50
Board [6d 8h 5c 6s Kh]
Seat 3: hockeynutz99 (button) (small blind) mucked
Seat 5: TinaTurner72 (big blind) showed [8d 6h] and won ($59.50) with a full house, Sixes full of Eights


PokerStars Hand #171654486899:  Hold'em Limit ($3/$6 USD) - 2017/06/11 17:23:30 ET
Table 'Tynka' 6-max Seat #5 is the button
Seat 3: hockeynutz99 ($20.20 in chips)
Seat 5: TinaTurner72 ($177.77 in chips)
TinaTurner72: posts small blind $1
hockeynutz99: posts big blind $3
*** HOLE CARDS ***
TinaTurner72: raises $3 to $6
hockeynutz99: raises $3 to $9
TinaTurner72: calls $3
*** FLOP *** [Jd 9h Jh]
hockeynutz99: bets $3
TinaTurner72: calls $3
*** TURN *** [Jd 9h Jh] [Qd]
hockeynutz99: bets $6
TinaTurner72: raises $6 to $12
hockeynutz99: calls $2.20 and is all-in
Uncalled bet ($3.80) returned to TinaTurner72
*** RIVER *** [Jd 9h Jh Qd] [As]
*** SHOW DOWN ***
hockeynutz99: shows [6s Th] (a pair of Jacks)
TinaTurner72: shows [Ts Kh] (a straight, Ten to Ace)
TinaTurner72 collected $39.90 from pot
*** SUMMARY ***
Total pot $40.40 | Rake $0.50
Board [Jd 9h Jh Qd As]
Seat 3: hockeynutz99 (big blind) showed [6s Th] and lost with a pair of Jacks
Seat 5: TinaTurner72 (button) (small blind) showed [Ts Kh] and won ($39.90) with a straight, Ten to Ace


