PokerStars Hand #175568243952:  Hold'em Limit ($3/$6 USD) - 2017/09/12 18:47:17 ET
Table 'Tynka' 6-max Seat #3 is the button
Seat 3: libaikang ($128 in chips)
Seat 4: Actionni13 ($150 in chips)
libaikang: posts small blind $1
Actionni13: posts big blind $3
*** HOLE CARDS ***
libaikang: calls $2
Actionni13: raises $3 to $6
libaikang: raises $3 to $9
Actionni13: calls $3
*** FLOP *** [Kc 2h Ad]
Actionni13: checks
libaikang: checks
*** TURN *** [Kc 2h Ad] [Jh]
Actionni13: checks
libaikang: checks
*** RIVER *** [Kc 2h Ad Jh] [9d]
Actionni13: checks
libaikang: checks
*** SHOW DOWN ***
Actionni13: shows [Qc Jc] (a pair of Jacks)
libaikang: mucks hand
Actionni13 collected $17.64 from pot
*** SUMMARY ***
Total pot $18 | Rake $0.36
Board [Kc 2h Ad Jh 9d]
Seat 3: libaikang (button) (small blind) mucked
Seat 4: Actionni13 (big blind) showed [Qc Jc] and won ($17.64) with a pair of Jacks


PokerStars Hand #175568234210:  Hold'em Limit ($3/$6 USD) - 2017/09/12 18:47:02 ET
Table 'Tynka' 6-max Seat #4 is the button
Seat 3: libaikang ($127 in chips)
Seat 4: Actionni13 ($151 in chips)
Actionni13: posts small blind $1
libaikang: posts big blind $3
*** HOLE CARDS ***
Actionni13: folds
Uncalled bet ($2) returned to libaikang
libaikang collected $2 from pot
libaikang: doesn't show hand
*** SUMMARY ***
Total pot $2 | Rake $0
Seat 3: libaikang (big blind) collected ($2)
Seat 4: Actionni13 (button) (small blind) folded before Flop


PokerStars Hand #175568302231:  Hold'em Limit ($3/$6 USD) - 2017/09/12 18:48:47 ET
Table 'Tynka' 6-max Seat #4 is the button
Seat 3: libaikang ($122.88 in chips)
Seat 4: Actionni13 ($154.64 in chips)
Actionni13: posts small blind $1
libaikang: posts big blind $3
*** HOLE CARDS ***
Actionni13: raises $3 to $6
libaikang: folds
Uncalled bet ($3) returned to Actionni13
Actionni13 collected $6 from pot
Actionni13: doesn't show hand
*** SUMMARY ***
Total pot $6 | Rake $0
Seat 3: libaikang (big blind) folded before Flop
Seat 4: Actionni13 (button) (small blind) collected ($6)


PokerStars Hand #175568288303:  Hold'em Limit ($3/$6 USD) - 2017/09/12 18:48:25 ET
Table 'Tynka' 6-max Seat #3 is the button
Seat 3: libaikang ($120 in chips)
Seat 4: Actionni13 ($157.64 in chips)
libaikang: posts small blind $1
Actionni13: posts big blind $3
*** HOLE CARDS ***
libaikang: calls $2
Actionni13: checks
*** FLOP *** [3d 7s Qc]
Actionni13: checks
libaikang: checks
*** TURN *** [3d 7s Qc] [Jh]
Actionni13: checks
libaikang: checks
*** RIVER *** [3d 7s Qc Jh] [Jc]
Actionni13: checks
libaikang: checks
*** SHOW DOWN ***
Actionni13: shows [8s 2d] (a pair of Jacks)
libaikang: shows [Ks Td] (a pair of Jacks - King kicker)
libaikang collected $5.88 from pot
*** SUMMARY ***
Total pot $6 | Rake $0.12
Board [3d 7s Qc Jh Jc]
Seat 3: libaikang (button) (small blind) showed [Ks Td] and won ($5.88) with a pair of Jacks
Seat 4: Actionni13 (big blind) showed [8s 2d] and lost with a pair of Jacks


PokerStars Hand #175568284851:  Hold'em Limit ($3/$6 USD) - 2017/09/12 18:48:20 ET
Table 'Tynka' 6-max Seat #4 is the button
Seat 3: libaikang ($119 in chips)
Seat 4: Actionni13 ($158.64 in chips)
Actionni13: posts small blind $1
libaikang: posts big blind $3
*** HOLE CARDS ***
Actionni13: folds
Uncalled bet ($2) returned to libaikang
libaikang collected $2 from pot
libaikang: doesn't show hand
*** SUMMARY ***
Total pot $2 | Rake $0
Seat 3: libaikang (big blind) collected ($2)
Seat 4: Actionni13 (button) (small blind) folded before Flop


PokerStars Hand #175568280051:  Hold'em Limit ($3/$6 USD) - 2017/09/12 18:48:12 ET
Table 'Tynka' 6-max Seat #3 is the button
Seat 3: libaikang ($116 in chips)
Seat 4: Actionni13 ($161.64 in chips)
libaikang: posts small blind $1
Actionni13: posts big blind $3
*** HOLE CARDS ***
libaikang: raises $3 to $6
Actionni13: folds
Uncalled bet ($3) returned to libaikang
libaikang collected $6 from pot
libaikang: doesn't show hand
*** SUMMARY ***
Total pot $6 | Rake $0
Seat 3: libaikang (button) (small blind) collected ($6)
Seat 4: Actionni13 (big blind) folded before Flop


PokerStars Hand #175568274944:  Hold'em Limit ($3/$6 USD) - 2017/09/12 18:48:04 ET
Table 'Tynka' 6-max Seat #4 is the button
Seat 3: libaikang ($119 in chips)
Seat 4: Actionni13 ($158.64 in chips)
Actionni13: posts small blind $1
libaikang: posts big blind $3
*** HOLE CARDS ***
Actionni13: raises $3 to $6
libaikang: folds
Uncalled bet ($3) returned to Actionni13
Actionni13 collected $6 from pot
Actionni13: doesn't show hand
*** SUMMARY ***
Total pot $6 | Rake $0
Seat 3: libaikang (big blind) folded before Flop
Seat 4: Actionni13 (button) (small blind) collected ($6)


PokerStars Hand #175568315788:  Hold'em Limit ($3/$6 USD) - 2017/09/12 18:49:08 ET
Table 'Tynka' 6-max Seat #3 is the button
Seat 3: libaikang ($119.88 in chips)
Seat 4: Actionni13 ($157.64 in chips)
libaikang: posts small blind $1
Actionni13: posts big blind $3
*** HOLE CARDS ***
libaikang: calls $2
Actionni13: checks
*** FLOP *** [Td 9s Qh]
Actionni13: checks
libaikang: checks
*** TURN *** [Td 9s Qh] [2h]
Actionni13: bets $6
libaikang: folds
Uncalled bet ($6) returned to Actionni13
Actionni13 collected $5.88 from pot
Actionni13: doesn't show hand
*** SUMMARY ***
Total pot $6 | Rake $0.12
Board [Td 9s Qh 2h]
Seat 3: libaikang (button) (small blind) folded on the Turn
Seat 4: Actionni13 (big blind) collected ($5.88)


PokerStars Hand #175568382163:  Hold'em Limit ($3/$6 USD) - 2017/09/12 18:50:52 ET
Table 'Tynka' 6-max Seat #3 is the button
Seat 3: libaikang ($121.52 in chips)
Seat 4: Actionni13 ($155.52 in chips)
libaikang: posts small blind $1
Actionni13: posts big blind $3
*** HOLE CARDS ***
libaikang: folds
Uncalled bet ($2) returned to Actionni13
Actionni13 collected $2 from pot
Actionni13: doesn't show hand
*** SUMMARY ***
Total pot $2 | Rake $0
Seat 3: libaikang (button) (small blind) folded before Flop
Seat 4: Actionni13 (big blind) collected ($2)


PokerStars Hand #175568374063:  Hold'em Limit ($3/$6 USD) - 2017/09/12 18:50:39 ET
Table 'Tynka' 6-max Seat #4 is the button
Seat 3: libaikang ($124.52 in chips)
Seat 4: Actionni13 ($152.52 in chips)
Actionni13: posts small blind $1
libaikang: posts big blind $3
*** HOLE CARDS ***
Actionni13: raises $3 to $6
libaikang: folds
Uncalled bet ($3) returned to Actionni13
Actionni13 collected $6 from pot
Actionni13: doesn't show hand
*** SUMMARY ***
Total pot $6 | Rake $0
Seat 3: libaikang (big blind) folded before Flop
Seat 4: Actionni13 (button) (small blind) collected ($6)


PokerStars Hand #175568370697:  Hold'em Limit ($3/$6 USD) - 2017/09/12 18:50:34 ET
Table 'Tynka' 6-max Seat #3 is the button
Seat 3: libaikang ($125.52 in chips)
Seat 4: Actionni13 ($151.52 in chips)
libaikang: posts small blind $1
Actionni13: posts big blind $3
*** HOLE CARDS ***
libaikang: folds
Uncalled bet ($2) returned to Actionni13
Actionni13 collected $2 from pot
Actionni13: doesn't show hand
*** SUMMARY ***
Total pot $2 | Rake $0
Seat 3: libaikang (button) (small blind) folded before Flop
Seat 4: Actionni13 (big blind) collected ($2)


PokerStars Hand #175568334189:  Hold'em Limit ($3/$6 USD) - 2017/09/12 18:49:37 ET
Table 'Tynka' 6-max Seat #4 is the button
Seat 3: libaikang ($116.88 in chips)
Seat 4: Actionni13 ($160.52 in chips)
Actionni13: posts small blind $1
libaikang: posts big blind $3
*** HOLE CARDS ***
Actionni13: raises $3 to $6
libaikang: calls $3
*** FLOP *** [Jc Td Js]
libaikang: checks
Actionni13: bets $3
libaikang: calls $3
*** TURN *** [Jc Td Js] [9c]
libaikang: checks
Actionni13: checks
*** RIVER *** [Jc Td Js 9c] [5s]
libaikang: bets $6
Actionni13: folds
Uncalled bet ($6) returned to libaikang
libaikang collected $17.64 from pot
libaikang: doesn't show hand
*** SUMMARY ***
Total pot $18 | Rake $0.36
Board [Jc Td Js 9c 5s]
Seat 3: libaikang (big blind) collected ($17.64)
Seat 4: Actionni13 (button) (small blind) folded on the River


PokerStars Hand #175568414659:  Hold'em Limit ($3/$6 USD) - 2017/09/12 18:51:43 ET
Table 'Tynka' 6-max Seat #3 is the button
Seat 3: libaikang ($126.04 in chips)
Seat 4: Actionni13 ($153 in chips)
libaikang: posts small blind $1
Actionni13: posts big blind $3
*** HOLE CARDS ***
libaikang: folds
Uncalled bet ($2) returned to Actionni13
Actionni13 collected $2 from pot
Actionni13: doesn't show hand
*** SUMMARY ***
Total pot $2 | Rake $0
Seat 3: libaikang (button) (small blind) folded before Flop
Seat 4: Actionni13 (big blind) collected ($2)


PokerStars Hand #175568409725:  Hold'em Limit ($3/$6 USD) - 2017/09/12 18:51:35 ET
Table 'Tynka' 6-max Seat #4 is the button
Seat 3: libaikang ($129.04 in chips)
Seat 4: Actionni13 ($150 in chips)
Actionni13: posts small blind $1
libaikang: posts big blind $3
*** HOLE CARDS ***
Actionni13: raises $3 to $6
libaikang: folds
Uncalled bet ($3) returned to Actionni13
Actionni13 collected $6 from pot
Actionni13: doesn't show hand
*** SUMMARY ***
Total pot $6 | Rake $0
Seat 3: libaikang (big blind) folded before Flop
Seat 4: Actionni13 (button) (small blind) collected ($6)


PokerStars Hand #175568394764:  Hold'em Limit ($3/$6 USD) - 2017/09/12 18:51:11 ET
Table 'Tynka' 6-max Seat #3 is the button
Seat 3: libaikang ($117.52 in chips)
Seat 4: Actionni13 ($159.52 in chips)
libaikang: posts small blind $1
Actionni13: posts big blind $3
*** HOLE CARDS ***
libaikang: calls $2
Actionni13: checks
*** FLOP *** [6c 8c 7s]
Actionni13: bets $3
libaikang: calls $3
*** TURN *** [6c 8c 7s] [3c]
Actionni13: checks
libaikang: bets $6
Actionni13: calls $6
*** RIVER *** [6c 8c 7s 3c] [3d]
Actionni13: checks
libaikang: bets $6
Actionni13: folds
Uncalled bet ($6) returned to libaikang
libaikang collected $23.52 from pot
libaikang: doesn't show hand
*** SUMMARY ***
Total pot $24 | Rake $0.48
Board [6c 8c 7s 3c 3d]
Seat 3: libaikang (button) (small blind) collected ($23.52)
Seat 4: Actionni13 (big blind) folded on the River


PokerStars Hand #175568385982:  Hold'em Limit ($3/$6 USD) - 2017/09/12 18:50:58 ET
Table 'Tynka' 6-max Seat #4 is the button
Seat 3: libaikang ($120.52 in chips)
Seat 4: Actionni13 ($156.52 in chips)
Actionni13: posts small blind $1
libaikang: posts big blind $3
*** HOLE CARDS ***
Actionni13: raises $3 to $6
libaikang: folds
Uncalled bet ($3) returned to Actionni13
Actionni13 collected $6 from pot
*** SUMMARY ***
Total pot $6 | Rake $0
Seat 3: libaikang (big blind) folded before Flop
Seat 4: Actionni13 (button) (small blind) collected ($6)


PokerStars Hand #175568442735:  Hold'em Limit ($3/$6 USD) - 2017/09/12 18:52:27 ET
Table 'Tynka' 6-max Seat #3 is the button
Seat 3: libaikang ($98.04 in chips)
Seat 4: Actionni13 ($180.50 in chips)
libaikang: posts small blind $1
Actionni13: posts big blind $3
*** HOLE CARDS ***
libaikang: folds
Uncalled bet ($2) returned to Actionni13
Actionni13 collected $2 from pot
Actionni13: doesn't show hand
*** SUMMARY ***
Total pot $2 | Rake $0
Seat 3: libaikang (button) (small blind) folded before Flop
Seat 4: Actionni13 (big blind) collected ($2)


PokerStars Hand #175568446145:  Hold'em Limit ($3/$6 USD) - 2017/09/12 18:52:32 ET
Table 'Tynka' 6-max Seat #4 is the button
Seat 3: libaikang ($97.04 in chips)
Seat 4: Actionni13 ($181.50 in chips)
Actionni13: posts small blind $1
libaikang: posts big blind $3
*** HOLE CARDS ***
Actionni13: raises $3 to $6
libaikang: raises $3 to $9
Actionni13: calls $3
*** FLOP *** [7s 6h 5h]
libaikang: bets $3
Actionni13: calls $3
*** TURN *** [7s 6h 5h] [Qh]
libaikang: bets $6
Actionni13: calls $6
*** RIVER *** [7s 6h 5h Qh] [Kd]
libaikang: bets $6
Actionni13: calls $6
*** SHOW DOWN ***
libaikang: shows [Jd Ad] (high card Ace)
Actionni13: shows [Ac 7d] (a pair of Sevens)
Actionni13 collected $47.50 from pot
*** SUMMARY ***
Total pot $48 | Rake $0.50
Board [7s 6h 5h Qh Kd]
Seat 3: libaikang (big blind) showed [Jd Ad] and lost with high card Ace
Seat 4: Actionni13 (button) (small blind) showed [Ac 7d] and won ($47.50) with a pair of Sevens


PokerStars Hand #175568419192:  Hold'em Limit ($3/$6 USD) - 2017/09/12 18:51:50 ET
Table 'Tynka' 6-max Seat #4 is the button
Seat 3: libaikang ($125.04 in chips)
Seat 4: Actionni13 ($154 in chips)
Actionni13: posts small blind $1
libaikang: posts big blind $3
*** HOLE CARDS ***
Actionni13: raises $3 to $6
libaikang: calls $3
*** FLOP *** [7d Th 6s]
libaikang: checks
Actionni13: bets $3
libaikang: calls $3
*** TURN *** [7d Th 6s] [Js]
libaikang: bets $6
Actionni13: raises $6 to $12
libaikang: calls $6
*** RIVER *** [7d Th 6s Js] [8d]
libaikang: checks
Actionni13: bets $6
libaikang: calls $6
*** SHOW DOWN ***
Actionni13: shows [6h 6c] (three of a kind, Sixes)
libaikang: mucks hand
Actionni13 collected $53.50 from pot
*** SUMMARY ***
Total pot $54 | Rake $0.50
Board [7d Th 6s Js 8d]
Seat 3: libaikang (big blind) mucked
Seat 4: Actionni13 (button) (small blind) showed [6h 6c] and won ($53.50) with three of a kind, Sixes


PokerStars Hand #175568489734:  Hold'em Limit ($3/$6 USD) - 2017/09/12 18:53:40 ET
Table 'Tynka' 6-max Seat #4 is the button
Seat 3: libaikang ($72.68 in chips)
Seat 4: Actionni13 ($204.76 in chips)
Actionni13: posts small blind $1
libaikang: posts big blind $3
*** HOLE CARDS ***
Actionni13: raises $3 to $6
libaikang: raises $3 to $9
Actionni13: calls $3
*** FLOP *** [6h 7s 5h]
libaikang: checks
Actionni13: checks
*** TURN *** [6h 7s 5h] [6c]
libaikang: checks
Actionni13: checks
*** RIVER *** [6h 7s 5h 6c] [9s]
libaikang: checks
Actionni13: checks
*** SHOW DOWN ***
libaikang: shows [3s 3d] (two pair, Sixes and Threes)
Actionni13: mucks hand
libaikang collected $17.64 from pot
*** SUMMARY ***
Total pot $18 | Rake $0.36
Board [6h 7s 5h 6c 9s]
Seat 3: libaikang (big blind) showed [3s 3d] and won ($17.64) with two pair, Sixes and Threes
Seat 4: Actionni13 (button) (small blind) mucked


PokerStars Hand #175568461954:  Hold'em Limit ($3/$6 USD) - 2017/09/12 18:52:57 ET
Table 'Tynka' 6-max Seat #3 is the button
Seat 3: libaikang ($73.04 in chips)
Seat 4: Actionni13 ($205 in chips)
libaikang: posts small blind $1
Actionni13: posts big blind $3
*** HOLE CARDS ***
libaikang: raises $3 to $6
Actionni13: calls $3
*** FLOP *** [9c 7s 3s]
Actionni13: bets $3
libaikang: folds
Uncalled bet ($3) returned to Actionni13
Actionni13 collected $11.76 from pot
Actionni13: doesn't show hand
*** SUMMARY ***
Total pot $12 | Rake $0.24
Board [9c 7s 3s]
Seat 3: libaikang (button) (small blind) folded on the Flop
Seat 4: Actionni13 (big blind) collected ($11.76)


PokerStars Hand #175568475049:  Hold'em Limit ($3/$6 USD) - 2017/09/12 18:53:17 ET
Table 'Tynka' 6-max Seat #4 is the button
Seat 3: libaikang ($67.04 in chips)
Seat 4: Actionni13 ($210.76 in chips)
Actionni13: posts small blind $1
libaikang: posts big blind $3
*** HOLE CARDS ***
Actionni13: raises $3 to $6
libaikang: folds
Uncalled bet ($3) returned to Actionni13
Actionni13 collected $6 from pot
Actionni13: doesn't show hand
*** SUMMARY ***
Total pot $6 | Rake $0
Seat 3: libaikang (big blind) folded before Flop
Seat 4: Actionni13 (button) (small blind) collected ($6)


PokerStars Hand #175568478630:  Hold'em Limit ($3/$6 USD) - 2017/09/12 18:53:23 ET
Table 'Tynka' 6-max Seat #3 is the button
Seat 3: libaikang ($64.04 in chips)
Seat 4: Actionni13 ($213.76 in chips)
libaikang: posts small blind $1
Actionni13: posts big blind $3
*** HOLE CARDS ***
libaikang: calls $2
Actionni13: checks
*** FLOP *** [2s 4c Qc]
Actionni13: checks
libaikang: checks
*** TURN *** [2s 4c Qc] [Kd]
Actionni13: bets $6
libaikang: calls $6
*** RIVER *** [2s 4c Qc Kd] [3s]
Actionni13: checks
libaikang: checks
*** SHOW DOWN ***
Actionni13: shows [Td 7s] (high card King)
libaikang: shows [Jd Ts] (high card King - Queen+Jack kicker)
libaikang collected $17.64 from pot
*** SUMMARY ***
Total pot $18 | Rake $0.36
Board [2s 4c Qc Kd 3s]
Seat 3: libaikang (button) (small blind) showed [Jd Ts] and won ($17.64) with high card King
Seat 4: Actionni13 (big blind) showed [Td 7s] and lost with high card King


PokerStars Hand #175568504434:  Hold'em Limit ($3/$6 USD) - 2017/09/12 18:54:04 ET
Table 'Tynka' 6-max Seat #3 is the button
Seat 3: libaikang ($81.32 in chips)
Seat 4: Actionni13 ($195.76 in chips)
libaikang: posts small blind $1
Actionni13: posts big blind $3
*** HOLE CARDS ***
libaikang: calls $2
Actionni13: checks
*** FLOP *** [4h 4c 4d]
Actionni13: checks
libaikang: bets $3
Actionni13: folds
Uncalled bet ($3) returned to libaikang
libaikang collected $5.88 from pot
libaikang: doesn't show hand
*** SUMMARY ***
Total pot $6 | Rake $0.12
Board [4h 4c 4d]
Seat 3: libaikang (button) (small blind) collected ($5.88)
Seat 4: Actionni13 (big blind) folded on the Flop


PokerStars Hand #175568520462:  Hold'em Limit ($3/$6 USD) - 2017/09/12 18:54:29 ET
Table 'Tynka' 6-max Seat #4 is the button
Seat 3: libaikang ($84.20 in chips)
Seat 4: Actionni13 ($192.76 in chips)
Actionni13: posts small blind $1
libaikang: posts big blind $3
*** HOLE CARDS ***
Actionni13: folds
Uncalled bet ($2) returned to libaikang
libaikang collected $2 from pot
libaikang: doesn't show hand
*** SUMMARY ***
Total pot $2 | Rake $0
Seat 3: libaikang (big blind) collected ($2)
Seat 4: Actionni13 (button) (small blind) folded before Flop


PokerStars Hand #175568527414:  Hold'em Limit ($3/$6 USD) - 2017/09/12 18:54:40 ET
Table 'Tynka' 6-max Seat #4 is the button
Seat 3: libaikang ($84.20 in chips)
Seat 4: Actionni13 ($192.76 in chips)
Actionni13: posts small blind $1
libaikang: posts big blind $3
*** HOLE CARDS ***
Actionni13: folds
Uncalled bet ($2) returned to libaikang
libaikang collected $2 from pot
libaikang: doesn't show hand
*** SUMMARY ***
Total pot $2 | Rake $0
Seat 3: libaikang (big blind) collected ($2)
Seat 4: Actionni13 (button) (small blind) folded before Flop


PokerStars Hand #175568524162:  Hold'em Limit ($3/$6 USD) - 2017/09/12 18:54:35 ET
Table 'Tynka' 6-max Seat #3 is the button
Seat 3: libaikang ($85.20 in chips)
Seat 4: Actionni13 ($191.76 in chips)
libaikang: posts small blind $1
Actionni13: posts big blind $3
*** HOLE CARDS ***
libaikang: folds
Uncalled bet ($2) returned to Actionni13
Actionni13 collected $2 from pot
Actionni13: doesn't show hand
*** SUMMARY ***
Total pot $2 | Rake $0
Seat 3: libaikang (button) (small blind) folded before Flop
Seat 4: Actionni13 (big blind) collected ($2)


PokerStars Hand #175568530742:  Hold'em Limit ($3/$6 USD) - 2017/09/12 18:54:45 ET
Table 'Tynka' 6-max Seat #3 is the button
Seat 3: libaikang ($85.20 in chips)
Seat 4: Actionni13 ($191.76 in chips)
libaikang: posts small blind $1
Actionni13: posts big blind $3
*** HOLE CARDS ***
libaikang: raises $3 to $6
Actionni13: folds
Uncalled bet ($3) returned to libaikang
libaikang collected $6 from pot
libaikang: doesn't show hand
*** SUMMARY ***
Total pot $6 | Rake $0
Seat 3: libaikang (button) (small blind) collected ($6)
Seat 4: Actionni13 (big blind) folded before Flop


PokerStars Hand #175568541401:  Hold'em Limit ($3/$6 USD) - 2017/09/12 18:55:02 ET
Table 'Tynka' 6-max Seat #3 is the button
Seat 3: libaikang ($85.20 in chips)
Seat 4: Actionni13 ($191.76 in chips)
libaikang: posts small blind $1
Actionni13: posts big blind $3
*** HOLE CARDS ***
libaikang: folds
Uncalled bet ($2) returned to Actionni13
Actionni13 collected $2 from pot
Actionni13: doesn't show hand
*** SUMMARY ***
Total pot $2 | Rake $0
Seat 3: libaikang (button) (small blind) folded before Flop
Seat 4: Actionni13 (big blind) collected ($2)


PokerStars Hand #175568535110:  Hold'em Limit ($3/$6 USD) - 2017/09/12 18:54:52 ET
Table 'Tynka' 6-max Seat #4 is the button
Seat 3: libaikang ($88.20 in chips)
Seat 4: Actionni13 ($188.76 in chips)
Actionni13: posts small blind $1
libaikang: posts big blind $3
*** HOLE CARDS ***
Actionni13: raises $3 to $6
libaikang: folds
Uncalled bet ($3) returned to Actionni13
Actionni13 collected $6 from pot
Actionni13: doesn't show hand
*** SUMMARY ***
Total pot $6 | Rake $0
Seat 3: libaikang (big blind) folded before Flop
Seat 4: Actionni13 (button) (small blind) collected ($6)


PokerStars Hand #175568544559:  Hold'em Limit ($3/$6 USD) - 2017/09/12 18:55:08 ET
Table 'Tynka' 6-max Seat #4 is the button
Seat 3: libaikang ($84.20 in chips)
Seat 4: Actionni13 ($192.76 in chips)
Actionni13: posts small blind $1
libaikang: posts big blind $3
*** HOLE CARDS ***
Actionni13: folds
Uncalled bet ($2) returned to libaikang
libaikang collected $2 from pot
libaikang: doesn't show hand
*** SUMMARY ***
Total pot $2 | Rake $0
Seat 3: libaikang (big blind) collected ($2)
Seat 4: Actionni13 (button) (small blind) folded before Flop


PokerStars Hand #175568547537:  Hold'em Limit ($3/$6 USD) - 2017/09/12 18:55:14 ET
Table 'Tynka' 6-max Seat #3 is the button
Seat 3: libaikang ($85.20 in chips)
Seat 4: Actionni13 ($191.76 in chips)
libaikang: posts small blind $1
Actionni13: posts big blind $3
*** HOLE CARDS ***
libaikang: raises $3 to $6
Actionni13: calls $3
*** FLOP *** [6h 2s As]
Actionni13: checks
libaikang: checks
*** TURN *** [6h 2s As] [6s]
Actionni13: checks
libaikang: checks
*** RIVER *** [6h 2s As 6s] [Th]
Actionni13: bets $6
libaikang: calls $6
*** SHOW DOWN ***
Actionni13: shows [2h 2c] (a full house, Deuces full of Sixes)
libaikang: mucks hand
Actionni13 collected $23.52 from pot
*** SUMMARY ***
Total pot $24 | Rake $0.48
Board [6h 2s As 6s Th]
Seat 3: libaikang (button) (small blind) mucked
Seat 4: Actionni13 (big blind) showed [2h 2c] and won ($23.52) with a full house, Deuces full of Sixes


PokerStars Hand #175568560654:  Hold'em Limit ($3/$6 USD) - 2017/09/12 18:55:39 ET
Table 'Tynka' 6-max Seat #4 is the button
Seat 3: libaikang ($73.20 in chips)
Seat 4: Actionni13 ($203.28 in chips)
Actionni13: posts small blind $1
libaikang: posts big blind $3
*** HOLE CARDS ***
Actionni13: folds
Uncalled bet ($2) returned to libaikang
libaikang collected $2 from pot
libaikang: doesn't show hand
*** SUMMARY ***
Total pot $2 | Rake $0
Seat 3: libaikang (big blind) collected ($2)
Seat 4: Actionni13 (button) (small blind) folded before Flop


PokerStars Hand #175568564502:  Hold'em Limit ($3/$6 USD) - 2017/09/12 18:55:46 ET
Table 'Tynka' 6-max Seat #3 is the button
Seat 3: libaikang ($74.20 in chips)
Seat 4: Actionni13 ($202.28 in chips)
libaikang: posts small blind $1
Actionni13: posts big blind $3
*** HOLE CARDS ***
libaikang: raises $3 to $6
Actionni13: calls $3
*** FLOP *** [Ad 5c 9d]
Actionni13: checks
libaikang: bets $3
Actionni13: folds
Uncalled bet ($3) returned to libaikang
libaikang collected $11.76 from pot
libaikang: doesn't show hand
*** SUMMARY ***
Total pot $12 | Rake $0.24
Board [Ad 5c 9d]
Seat 3: libaikang (button) (small blind) collected ($11.76)
Seat 4: Actionni13 (big blind) folded on the Flop


PokerStars Hand #175568575929:  Hold'em Limit ($3/$6 USD) - 2017/09/12 18:56:08 ET
Table 'Tynka' 6-max Seat #4 is the button
Seat 3: libaikang ($79.96 in chips)
Seat 4: Actionni13 ($196.28 in chips)
Actionni13: posts small blind $1
libaikang: posts big blind $3
*** HOLE CARDS ***
Actionni13: raises $3 to $6
libaikang: raises $3 to $9
Actionni13: calls $3
*** FLOP *** [4d 4s 2h]
libaikang: checks
Actionni13: checks
*** TURN *** [4d 4s 2h] [Tc]
libaikang: checks
Actionni13: checks
*** RIVER *** [4d 4s 2h Tc] [Th]
libaikang: checks
Actionni13: bets $6
libaikang: folds
Uncalled bet ($6) returned to Actionni13
Actionni13 collected $17.64 from pot
Actionni13: doesn't show hand
*** SUMMARY ***
Total pot $18 | Rake $0.36
Board [4d 4s 2h Tc Th]
Seat 3: libaikang (big blind) folded on the River
Seat 4: Actionni13 (button) (small blind) collected ($17.64)


PokerStars Hand #175568587170:  Hold'em Limit ($3/$6 USD) - 2017/09/12 18:56:30 ET
Table 'Tynka' 6-max Seat #3 is the button
Seat 3: libaikang ($70.96 in chips)
Seat 4: Actionni13 ($204.92 in chips)
libaikang: posts small blind $1
Actionni13: posts big blind $3
*** HOLE CARDS ***
libaikang: raises $3 to $6
ToDaFelt joins the table at seat #5
Actionni13: calls $3
*** FLOP *** [9c 5c Kc]
Actionni13: checks
libaikang: bets $3
Actionni13: calls $3
*** TURN *** [9c 5c Kc] [6c]
Actionni13: bets $6
libaikang: calls $6
*** RIVER *** [9c 5c Kc 6c] [8h]
Actionni13: bets $6
libaikang: calls $6
*** SHOW DOWN ***
Actionni13: shows [6h 9h] (two pair, Nines and Sixes)
libaikang: mucks hand
Actionni13 collected $41.50 from pot
*** SUMMARY ***
Total pot $42 | Rake $0.50
Board [9c 5c Kc 6c 8h]
Seat 3: libaikang (button) (small blind) mucked
Seat 4: Actionni13 (big blind) showed [6h 9h] and won ($41.50) with two pair, Nines and Sixes


PokerStars Hand #175568629181:  Hold'em Limit ($3/$6 USD) - 2017/09/12 18:57:51 ET
Table 'Tynka' 6-max Seat #5 is the button
Seat 4: Actionni13 ($242.34 in chips)
Seat 5: ToDaFelt ($102 in chips)
ToDaFelt: posts small blind $1
Actionni13: posts big blind $3
*** HOLE CARDS ***
ToDaFelt: raises $3 to $6
Actionni13: calls $3
*** FLOP *** [4d 8h 9s]
Actionni13: checks
ToDaFelt: bets $3
Actionni13: folds
Uncalled bet ($3) returned to ToDaFelt
ToDaFelt collected $11.76 from pot
ToDaFelt: doesn't show hand
*** SUMMARY ***
Total pot $12 | Rake $0.24
Board [4d 8h 9s]
Seat 4: Actionni13 (big blind) folded on the Flop
Seat 5: ToDaFelt (button) (small blind) collected ($11.76)


PokerStars Hand #175568667035:  Hold'em Limit ($3/$6 USD) - 2017/09/12 18:59:04 ET
Table 'Tynka' 6-max Seat #4 is the button
Seat 3: cwcarr ($120 in chips)
Seat 4: Actionni13 ($236.34 in chips)
Actionni13: posts small blind $1
cwcarr: posts big blind $3
*** HOLE CARDS ***
Actionni13: raises $3 to $6
cwcarr: folds
Uncalled bet ($3) returned to Actionni13
Actionni13 collected $6 from pot
Actionni13: doesn't show hand
*** SUMMARY ***
Total pot $6 | Rake $0
Seat 3: cwcarr (big blind) folded before Flop
Seat 4: Actionni13 (button) (small blind) collected ($6)


