PokerStars Hand #175646674791:  Hold'em Limit ($3/$6 USD) - 2017/09/14 16:38:48 ET
Table 'Tynka' 10-max Seat #5 is the button
Seat 5: partyalex92 ($93.84 in chips)
Seat 9: krytalex ($129.64 in chips)
partyalex92: posts small blind $1
krytalex: posts big blind $3
*** HOLE CARDS ***
partyalex92: calls $2
krytalex: checks
*** FLOP *** [4s Qd Js]
krytalex: checks
partyalex92: bets $3
krytalex: folds
Uncalled bet ($3) returned to partyalex92
partyalex92 collected $5.88 from pot
*** SUMMARY ***
Total pot $6 | Rake $0.12
Board [4s Qd Js]
Seat 5: partyalex92 (button) (small blind) collected ($5.88)
Seat 9: krytalex (big blind) folded on the Flop


PokerStars Hand #175646642465:  Hold'em Limit ($3/$6 USD) - 2017/09/14 16:38:09 ET
Table 'Tynka' 10-max Seat #9 is the button
Seat 5: partyalex92 ($102.84 in chips)
Seat 9: krytalex ($121 in chips)
krytalex: posts small blind $1
partyalex92: posts big blind $3
*** HOLE CARDS ***
krytalex: raises $3 to $6
partyalex92: calls $3
*** FLOP *** [2c 2d 4d]
partyalex92: checks
krytalex: bets $3
partyalex92: calls $3
*** TURN *** [2c 2d 4d] [Kh]
partyalex92: checks
krytalex: bets $6
partyalex92: folds
Uncalled bet ($6) returned to krytalex
krytalex collected $17.64 from pot
*** SUMMARY ***
Total pot $18 | Rake $0.36
Board [2c 2d 4d Kh]
Seat 5: partyalex92 (big blind) folded on the Turn
Seat 9: krytalex (button) (small blind) collected ($17.64)


PokerStars Hand #175646688428:  Hold'em Limit ($3/$6 USD) - 2017/09/14 16:39:04 ET
Table 'Tynka' 10-max Seat #9 is the button
Seat 5: partyalex92 ($96.72 in chips)
Seat 9: krytalex ($126.64 in chips)
krytalex: posts small blind $1
partyalex92: posts big blind $3
*** HOLE CARDS ***
krytalex: raises $3 to $6
partyalex92: calls $3
*** FLOP *** [5c Kh 7s]
partyalex92: checks
krytalex: bets $3
partyalex92: folds
Uncalled bet ($3) returned to krytalex
krytalex collected $11.76 from pot
*** SUMMARY ***
Total pot $12 | Rake $0.24
Board [5c Kh 7s]
Seat 5: partyalex92 (big blind) folded on the Flop
Seat 9: krytalex (button) (small blind) collected ($11.76)


PokerStars Hand #175646706803:  Hold'em Limit ($3/$6 USD) - 2017/09/14 16:39:26 ET
Table 'Tynka' 10-max Seat #9 is the button
Seat 5: partyalex92 ($89.72 in chips)
Seat 9: krytalex ($133.40 in chips)
krytalex: posts small blind $1
partyalex92: posts big blind $3
*** HOLE CARDS ***
krytalex: folds
Uncalled bet ($2) returned to partyalex92
partyalex92 collected $2 from pot
*** SUMMARY ***
Total pot $2 | Rake $0
Seat 5: partyalex92 (big blind) collected ($2)
Seat 9: krytalex (button) (small blind) folded before Flop


PokerStars Hand #175646702903:  Hold'em Limit ($3/$6 USD) - 2017/09/14 16:39:21 ET
Table 'Tynka' 10-max Seat #5 is the button
Seat 5: partyalex92 ($90.72 in chips)
Seat 9: krytalex ($132.40 in chips)
partyalex92: posts small blind $1
krytalex: posts big blind $3
*** HOLE CARDS ***
partyalex92: folds
Uncalled bet ($2) returned to krytalex
krytalex collected $2 from pot
*** SUMMARY ***
Total pot $2 | Rake $0
Seat 5: partyalex92 (button) (small blind) folded before Flop
Seat 9: krytalex (big blind) collected ($2)


PokerStars Hand #175646711350:  Hold'em Limit ($3/$6 USD) - 2017/09/14 16:39:31 ET
Table 'Tynka' 10-max Seat #5 is the button
Seat 5: partyalex92 ($90.72 in chips)
Seat 9: krytalex ($132.40 in chips)
partyalex92: posts small blind $1
krytalex: posts big blind $3
*** HOLE CARDS ***
partyalex92: calls $2
B_loJkl joins the table at seat #6
krytalex: raises $3 to $6
partyalex92: calls $3
*** FLOP *** [4s 9h 5s]
krytalex: bets $3
partyalex92: raises $3 to $6
krytalex: raises $3 to $9
partyalex92: calls $3
*** TURN *** [4s 9h 5s] [4d]
krytalex: bets $6
partyalex92: calls $6
*** RIVER *** [4s 9h 5s 4d] [Qs]
krytalex: bets $6
partyalex92: calls $6
*** SHOW DOWN ***
krytalex: shows [9d Kh] (two pair, Nines and Fours)
partyalex92: shows [As Qh] (two pair, Queens and Fours)
partyalex92 collected $53.50 from pot
*** SUMMARY ***
Total pot $54 | Rake $0.50
Board [4s 9h 5s 4d Qs]
Seat 5: partyalex92 (button) (small blind) showed [As Qh] and won ($53.50) with two pair, Queens and Fours
Seat 9: krytalex (big blind) showed [9d Kh] and lost with two pair, Nines and Fours


PokerStars Hand #175646735440:  Hold'em Limit ($3/$6 USD) - 2017/09/14 16:40:00 ET
Table 'Tynka' 10-max Seat #9 is the button
Seat 5: partyalex92 ($117.22 in chips)
Seat 9: krytalex ($105.40 in chips)
krytalex: posts small blind $1
partyalex92: posts big blind $3
*** HOLE CARDS ***
krytalex said, "PIZDEC"
krytalex: raises $3 to $6
partyalex92: calls $3
*** FLOP *** [9s Js 4c]
partyalex92: checks
krytalex: bets $3
partyalex92: calls $3
*** TURN *** [9s Js 4c] [8s]
partyalex92: bets $6
krytalex: calls $6
*** RIVER *** [9s Js 4c 8s] [3s]
partyalex92: checks
krytalex: checks
*** SHOW DOWN ***
partyalex92: shows [7d 8h] (a pair of Eights)
krytalex: shows [9d Ac] (a pair of Nines)
krytalex collected $29.50 from pot
*** SUMMARY ***
Total pot $30 | Rake $0.50
Board [9s Js 4c 8s 3s]
Seat 5: partyalex92 (big blind) showed [7d 8h] and lost with a pair of Eights
Seat 9: krytalex (button) (small blind) showed [9d Ac] and won ($29.50) with a pair of Nines


PokerStars Hand #175652309683:  Hold'em Limit ($3/$6 USD) - 2017/09/14 18:44:38 ET
Table 'Tynka' 10-max Seat #1 is the button
Seat 1: LEG252 ($186.18 in chips)
Seat 2: ToDaFelt ($159 in chips)
LEG252: posts small blind $1
ToDaFelt: posts big blind $3
*** HOLE CARDS ***
LEG252: raises $3 to $6
ToDaFelt: calls $3
*** FLOP *** [Ac 4h Kh]
ToDaFelt: checks
LEG252: bets $3
ToDaFelt: raises $3 to $6
LEG252: folds
Uncalled bet ($3) returned to ToDaFelt
ToDaFelt collected $17.64 from pot
ToDaFelt: doesn't show hand
*** SUMMARY ***
Total pot $18 | Rake $0.36
Board [Ac 4h Kh]
Seat 1: LEG252 (button) (small blind) folded on the Flop
Seat 2: ToDaFelt (big blind) collected ($17.64)


PokerStars Hand #175652278120:  Hold'em Limit ($3/$6 USD) - 2017/09/14 18:43:48 ET
Table 'Tynka' 10-max Seat #2 is the button
Seat 1: LEG252 ($222.18 in chips)
Seat 2: ToDaFelt ($123.50 in chips)
ToDaFelt: posts small blind $1
mkasd: is sitting out
LEG252: posts big blind $3
*** HOLE CARDS ***
ToDaFelt: raises $3 to $6
LEG252: raises $3 to $9
ToDaFelt: calls $3
*** FLOP *** [Kd 5c Jd]
LEG252: bets $3
mkasd leaves the table
ToDaFelt: calls $3
*** TURN *** [Kd 5c Jd] [5s]
LEG252: bets $6
ToDaFelt: raises $6 to $12
LEG252: calls $6
*** RIVER *** [Kd 5c Jd 5s] [7d]
LEG252: checks
ToDaFelt: bets $6
LEG252: raises $6 to $12
ToDaFelt: calls $6
*** SHOW DOWN ***
LEG252: shows [3s Ks] (two pair, Kings and Fives)
ToDaFelt: shows [Kh Qc] (two pair, Kings and Fives - Queen kicker)
ToDaFelt collected $71.50 from pot
*** SUMMARY ***
Total pot $72 | Rake $0.50
Board [Kd 5c Jd 5s 7d]
Seat 1: LEG252 (big blind) showed [3s Ks] and lost with two pair, Kings and Fives
Seat 2: ToDaFelt (button) (small blind) showed [Kh Qc] and won ($71.50) with two pair, Kings and Fives


PokerStars Hand #175652357875:  Hold'em Limit ($3/$6 USD) - 2017/09/14 18:45:44 ET
Table 'Tynka' 10-max Seat #2 is the button
Seat 1: LEG252 ($155.18 in chips)
Seat 2: ToDaFelt ($189.14 in chips)
ToDaFelt: posts small blind $1
LEG252: posts big blind $3
*** HOLE CARDS ***
ToDaFelt: raises $3 to $6
LEG252: calls $3
*** FLOP *** [5c 3s 5s]
LEG252: checks
ToDaFelt: bets $3
LEG252: calls $3
*** TURN *** [5c 3s 5s] [4s]
LEG252: checks
ToDaFelt: bets $6
LEG252: calls $6
*** RIVER *** [5c 3s 5s 4s] [9h]
LEG252: checks
ToDaFelt: bets $6
LEG252: calls $6
*** SHOW DOWN ***
ToDaFelt: shows [5d As] (three of a kind, Fives)
LEG252: mucks hand
ToDaFelt collected $41.50 from pot
*** SUMMARY ***
Total pot $42 | Rake $0.50
Board [5c 3s 5s 4s 9h]
Seat 1: LEG252 (big blind) mucked
Seat 2: ToDaFelt (button) (small blind) showed [5d As] and won ($41.50) with three of a kind, Fives


PokerStars Hand #175652354787:  Hold'em Limit ($3/$6 USD) - 2017/09/14 18:45:39 ET
Table 'Tynka' 10-max Seat #1 is the button
Seat 1: LEG252 ($156.18 in chips)
Seat 2: ToDaFelt ($188.14 in chips)
LEG252: posts small blind $1
ToDaFelt: posts big blind $3
*** HOLE CARDS ***
LEG252: folds
Uncalled bet ($2) returned to ToDaFelt
ToDaFelt collected $2 from pot
ToDaFelt: doesn't show hand
*** SUMMARY ***
Total pot $2 | Rake $0
Seat 1: LEG252 (button) (small blind) folded before Flop
Seat 2: ToDaFelt (big blind) collected ($2)


PokerStars Hand #175652332688:  Hold'em Limit ($3/$6 USD) - 2017/09/14 18:45:03 ET
Table 'Tynka' 10-max Seat #2 is the button
Seat 1: LEG252 ($177.18 in chips)
Seat 2: ToDaFelt ($167.64 in chips)
ToDaFelt: posts small blind $1
LEG252: posts big blind $3
*** HOLE CARDS ***
ToDaFelt: raises $3 to $6
LEG252: calls $3
*** FLOP *** [Th 6s 5d]
LEG252: checks
ToDaFelt: bets $3
LEG252: calls $3
*** TURN *** [Th 6s 5d] [Jh]
LEG252: checks
ToDaFelt: bets $6
LEG252: raises $6 to $12
ToDaFelt: calls $6
*** RIVER *** [Th 6s 5d Jh] [Kd]
LEG252: checks
ToDaFelt: checks
*** SHOW DOWN ***
LEG252: shows [7h 9h] (high card King)
ToDaFelt: shows [Ac 3c] (high card Ace)
ToDaFelt collected $41.50 from pot
*** SUMMARY ***
Total pot $42 | Rake $0.50
Board [Th 6s 5d Jh Kd]
Seat 1: LEG252 (big blind) showed [7h 9h] and lost with high card King
Seat 2: ToDaFelt (button) (small blind) showed [Ac 3c] and won ($41.50) with high card Ace


PokerStars Hand #175652369720:  Hold'em Limit ($3/$6 USD) - 2017/09/14 18:46:03 ET
Table 'Tynka' 10-max Seat #1 is the button
Seat 1: LEG252 ($134.18 in chips)
Seat 2: ToDaFelt ($209.64 in chips)
LEG252: posts small blind $1
ToDaFelt: posts big blind $3
*** HOLE CARDS ***
LEG252: raises $3 to $6
ToDaFelt: raises $3 to $9
LEG252: calls $3
*** FLOP *** [Tc 7s Qh]
ToDaFelt: bets $3
LEG252: calls $3
*** TURN *** [Tc 7s Qh] [5h]
ToDaFelt: bets $6
LEG252: folds
Uncalled bet ($6) returned to ToDaFelt
ToDaFelt collected $23.52 from pot
*** SUMMARY ***
Total pot $24 | Rake $0.48
Board [Tc 7s Qh 5h]
Seat 1: LEG252 (button) (small blind) folded on the Turn
Seat 2: ToDaFelt (big blind) collected ($23.52)


PokerStars Hand #175652403811:  Hold'em Limit ($3/$6 USD) - 2017/09/14 18:46:57 ET
Table 'Tynka' 10-max Seat #1 is the button
Seat 1: LEG252 ($145.68 in chips)
Seat 2: ToDaFelt ($197.16 in chips)
LEG252: posts small blind $1
ToDaFelt: posts big blind $3
*** HOLE CARDS ***
LEG252: raises $3 to $6
ToDaFelt: calls $3
*** FLOP *** [Tc 3d 2d]
ToDaFelt: checks
LEG252: bets $3
ToDaFelt: calls $3
*** TURN *** [Tc 3d 2d] [Qs]
ToDaFelt: checks
LEG252: checks
*** RIVER *** [Tc 3d 2d Qs] [Kh]
ToDaFelt: bets $6
LEG252: calls $6
*** SHOW DOWN ***
ToDaFelt: shows [4h Qd] (a pair of Queens)
LEG252: mucks hand
ToDaFelt collected $29.50 from pot
*** SUMMARY ***
Total pot $30 | Rake $0.50
Board [Tc 3d 2d Qs Kh]
Seat 1: LEG252 (button) (small blind) mucked
Seat 2: ToDaFelt (big blind) showed [4h Qd] and won ($29.50) with a pair of Queens


PokerStars Hand #175652389024:  Hold'em Limit ($3/$6 USD) - 2017/09/14 18:46:34 ET
Table 'Tynka' 10-max Seat #2 is the button
Seat 1: LEG252 ($122.18 in chips)
Seat 2: ToDaFelt ($221.16 in chips)
ToDaFelt: posts small blind $1
LEG252: posts big blind $3
*** HOLE CARDS ***
ToDaFelt: raises $3 to $6
LEG252: raises $3 to $9
ToDaFelt: calls $3
*** FLOP *** [8h 4s Qh]
LEG252: bets $3
ToDaFelt: calls $3
*** TURN *** [8h 4s Qh] [2c]
LEG252: bets $6
ToDaFelt: calls $6
*** RIVER *** [8h 4s Qh 2c] [4h]
LEG252: bets $6
ToDaFelt: calls $6
*** SHOW DOWN ***
LEG252: shows [9h Qc] (two pair, Queens and Fours)
ToDaFelt: mucks hand
LEG252 collected $47.50 from pot
*** SUMMARY ***
Total pot $48 | Rake $0.50
Board [8h 4s Qh 2c 4h]
Seat 1: LEG252 (big blind) showed [9h Qc] and won ($47.50) with two pair, Queens and Fours
Seat 2: ToDaFelt (button) (small blind) mucked


PokerStars Hand #175652441066:  Hold'em Limit ($3/$6 USD) - 2017/09/14 18:47:55 ET
Table 'Tynka' 10-max Seat #1 is the button
Seat 1: LEG252 ($106.68 in chips)
Seat 2: ToDaFelt ($235.16 in chips)
LEG252: posts small blind $1
ToDaFelt: posts big blind $3
*** HOLE CARDS ***
LEG252: folds
Uncalled bet ($2) returned to ToDaFelt
ToDaFelt collected $2 from pot
ToDaFelt: doesn't show hand
*** SUMMARY ***
Total pot $2 | Rake $0
Seat 1: LEG252 (button) (small blind) folded before Flop
Seat 2: ToDaFelt (big blind) collected ($2)


PokerStars Hand #175652438124:  Hold'em Limit ($3/$6 USD) - 2017/09/14 18:47:51 ET
Table 'Tynka' 10-max Seat #2 is the button
Seat 1: LEG252 ($105.68 in chips)
Seat 2: ToDaFelt ($236.16 in chips)
ToDaFelt: posts small blind $1
LEG252: posts big blind $3
*** HOLE CARDS ***
ToDaFelt: folds
Uncalled bet ($2) returned to LEG252
LEG252 collected $2 from pot
LEG252: doesn't show hand
*** SUMMARY ***
Total pot $2 | Rake $0
Seat 1: LEG252 (big blind) collected ($2)
Seat 2: ToDaFelt (button) (small blind) folded before Flop


PokerStars Hand #175652432446:  Hold'em Limit ($3/$6 USD) - 2017/09/14 18:47:42 ET
Table 'Tynka' 10-max Seat #1 is the button
Seat 1: LEG252 ($106.68 in chips)
Seat 2: ToDaFelt ($235.16 in chips)
LEG252: posts small blind $1
ToDaFelt: posts big blind $3
*** HOLE CARDS ***
LEG252: folds
Uncalled bet ($2) returned to ToDaFelt
ToDaFelt collected $2 from pot
ToDaFelt: doesn't show hand
*** SUMMARY ***
Total pot $2 | Rake $0
Seat 1: LEG252 (button) (small blind) folded before Flop
Seat 2: ToDaFelt (big blind) collected ($2)


PokerStars Hand #175652413966:  Hold'em Limit ($3/$6 USD) - 2017/09/14 18:47:13 ET
Table 'Tynka' 10-max Seat #2 is the button
Seat 1: LEG252 ($130.68 in chips)
Seat 2: ToDaFelt ($211.66 in chips)
ToDaFelt: posts small blind $1
LEG252: posts big blind $3
*** HOLE CARDS ***
ToDaFelt: raises $3 to $6
LEG252: raises $3 to $9
ToDaFelt: calls $3
*** FLOP *** [3c Tc 9s]
LEG252: checks
ToDaFelt: bets $3
LEG252: calls $3
*** TURN *** [3c Tc 9s] [8d]
LEG252: checks
ToDaFelt: bets $6
LEG252: calls $6
*** RIVER *** [3c Tc 9s 8d] [2d]
LEG252: checks
ToDaFelt: bets $6
LEG252: calls $6
*** SHOW DOWN ***
ToDaFelt: shows [Jc Th] (a pair of Tens)
LEG252: mucks hand
ToDaFelt collected $47.50 from pot
*** SUMMARY ***
Total pot $48 | Rake $0.50
Board [3c Tc 9s 8d 2d]
Seat 1: LEG252 (big blind) mucked
Seat 2: ToDaFelt (button) (small blind) showed [Jc Th] and won ($47.50) with a pair of Tens


PokerStars Hand #175652444290:  Hold'em Limit ($3/$6 USD) - 2017/09/14 18:48:01 ET
Table 'Tynka' 10-max Seat #2 is the button
Seat 1: LEG252 ($105.68 in chips)
Seat 2: ToDaFelt ($236.16 in chips)
ToDaFelt: posts small blind $1
LEG252: posts big blind $3
*** HOLE CARDS ***
ToDaFelt: raises $3 to $6
LEG252: calls $3
*** FLOP *** [5h 3c Th]
LEG252: bets $3
ToDaFelt: raises $3 to $6
LEG252: calls $3
*** TURN *** [5h 3c Th] [7d]
LEG252: checks
ToDaFelt: checks
*** RIVER *** [5h 3c Th 7d] [8s]
LEG252: bets $6
ToDaFelt: calls $6
*** SHOW DOWN ***
LEG252: shows [7s 3s] (two pair, Sevens and Threes)
ToDaFelt: mucks hand
LEG252 collected $35.50 from pot
*** SUMMARY ***
Total pot $36 | Rake $0.50
Board [5h 3c Th 7d 8s]
Seat 1: LEG252 (big blind) showed [7s 3s] and won ($35.50) with two pair, Sevens and Threes
Seat 2: ToDaFelt (button) (small blind) mucked


PokerStars Hand #175652473533:  Hold'em Limit ($3/$6 USD) - 2017/09/14 18:48:47 ET
Table 'Tynka' 10-max Seat #2 is the button
Seat 1: LEG252 ($128.94 in chips)
Seat 2: ToDaFelt ($212.16 in chips)
ToDaFelt: posts small blind $1
LEG252: posts big blind $3
*** HOLE CARDS ***
ToDaFelt: raises $3 to $6
LEG252: folds
Uncalled bet ($3) returned to ToDaFelt
ToDaFelt collected $6 from pot
ToDaFelt: doesn't show hand
*** SUMMARY ***
Total pot $6 | Rake $0
Seat 1: LEG252 (big blind) folded before Flop
Seat 2: ToDaFelt (button) (small blind) collected ($6)


PokerStars Hand #175652458254:  Hold'em Limit ($3/$6 USD) - 2017/09/14 18:48:23 ET
Table 'Tynka' 10-max Seat #1 is the button
Seat 1: LEG252 ($123.18 in chips)
Seat 2: ToDaFelt ($218.16 in chips)
LEG252: posts small blind $1
ToDaFelt: posts big blind $3
*** HOLE CARDS ***
LEG252: raises $3 to $6
ToDaFelt: calls $3
*** FLOP *** [Ac 2d 4h]
ToDaFelt: checks
LEG252: checks
*** TURN *** [Ac 2d 4h] [4s]
ToDaFelt: checks
LEG252: bets $6
ToDaFelt: folds
Uncalled bet ($6) returned to LEG252
LEG252 collected $11.76 from pot
LEG252: doesn't show hand
*** SUMMARY ***
Total pot $12 | Rake $0.24
Board [Ac 2d 4h 4s]
Seat 1: LEG252 (button) (small blind) collected ($11.76)
Seat 2: ToDaFelt (big blind) folded on the Turn


PokerStars Hand #175652478202:  Hold'em Limit ($3/$6 USD) - 2017/09/14 18:48:54 ET
Table 'Tynka' 10-max Seat #1 is the button
Seat 1: LEG252 ($125.94 in chips)
Seat 2: ToDaFelt ($215.16 in chips)
LEG252: posts small blind $1
ToDaFelt: posts big blind $3
*** HOLE CARDS ***
LEG252: raises $3 to $6
ToDaFelt: folds
Uncalled bet ($3) returned to LEG252
LEG252 collected $6 from pot
LEG252: doesn't show hand
*** SUMMARY ***
Total pot $6 | Rake $0
Seat 1: LEG252 (button) (small blind) collected ($6)
Seat 2: ToDaFelt (big blind) folded before Flop


PokerStars Hand #175652502855:  Hold'em Limit ($3/$6 USD) - 2017/09/14 18:49:33 ET
Table 'Tynka' 10-max Seat #1 is the button
Seat 1: LEG252 ($119.94 in chips)
Seat 2: ToDaFelt ($220.80 in chips)
LEG252: posts small blind $1
ToDaFelt: posts big blind $3
*** HOLE CARDS ***
LEG252: raises $3 to $6
ToDaFelt: calls $3
*** FLOP *** [8d 7d 4h]
ToDaFelt: checks
LEG252: bets $3
ToDaFelt: calls $3
*** TURN *** [8d 7d 4h] [4s]
ToDaFelt: checks
LEG252: bets $6
ToDaFelt: folds
Uncalled bet ($6) returned to LEG252
LEG252 collected $17.64 from pot
LEG252: doesn't show hand
*** SUMMARY ***
Total pot $18 | Rake $0.36
Board [8d 7d 4h 4s]
Seat 1: LEG252 (button) (small blind) collected ($17.64)
Seat 2: ToDaFelt (big blind) folded on the Turn


PokerStars Hand #175652484419:  Hold'em Limit ($3/$6 USD) - 2017/09/14 18:49:04 ET
Table 'Tynka' 10-max Seat #2 is the button
Seat 1: LEG252 ($128.94 in chips)
Seat 2: ToDaFelt ($212.16 in chips)
ToDaFelt: posts small blind $1
LEG252: posts big blind $3
*** HOLE CARDS ***
ToDaFelt: raises $3 to $6
LEG252: calls $3
*** FLOP *** [Ad 3s 6s]
LEG252: checks
ToDaFelt: bets $3
LEG252: calls $3
*** TURN *** [Ad 3s 6s] [5h]
LEG252: checks
ToDaFelt: checks
*** RIVER *** [Ad 3s 6s 5h] [6c]
LEG252: checks
ToDaFelt: checks
*** SHOW DOWN ***
LEG252: shows [Qd 7c] (a pair of Sixes)
ToDaFelt: shows [Ks Td] (a pair of Sixes - Ace+King kicker)
ToDaFelt collected $17.64 from pot
*** SUMMARY ***
Total pot $18 | Rake $0.36
Board [Ad 3s 6s 5h 6c]
Seat 1: LEG252 (big blind) showed [Qd 7c] and lost with a pair of Sixes
Seat 2: ToDaFelt (button) (small blind) showed [Ks Td] and won ($17.64) with a pair of Sixes


PokerStars Hand #175652523656:  Hold'em Limit ($3/$6 USD) - 2017/09/14 18:50:06 ET
Table 'Tynka' 10-max Seat #2 is the button
Seat 1: LEG252 ($128.58 in chips)
Seat 2: ToDaFelt ($211.80 in chips)
ToDaFelt: posts small blind $1
LEG252: posts big blind $3
*** HOLE CARDS ***
ToDaFelt: raises $3 to $6
LEG252: folds
Uncalled bet ($3) returned to ToDaFelt
ToDaFelt collected $6 from pot
ToDaFelt: doesn't show hand
*** SUMMARY ***
Total pot $6 | Rake $0
Seat 1: LEG252 (big blind) folded before Flop
Seat 2: ToDaFelt (button) (small blind) collected ($6)


PokerStars Hand #175652548078:  Hold'em Limit ($3/$6 USD) - 2017/09/14 18:50:44 ET
Table 'Tynka' 10-max Seat #1 is the button
Seat 1: LEG252 ($114.58 in chips)
Seat 2: ToDaFelt ($225.32 in chips)
LEG252: posts small blind $1
ToDaFelt: posts big blind $3
*** HOLE CARDS ***
LEG252: raises $3 to $6
ToDaFelt: raises $3 to $9
LEG252: raises $3 to $12
Betting is capped
ToDaFelt: calls $3
*** FLOP *** [7c 9s 6h]
ToDaFelt: checks
LEG252: bets $3
ToDaFelt: calls $3
*** TURN *** [7c 9s 6h] [4d]
ToDaFelt: checks
LEG252: bets $6
ToDaFelt: calls $6
*** RIVER *** [7c 9s 6h 4d] [Jh]
ToDaFelt: checks
LEG252: checks
*** SHOW DOWN ***
ToDaFelt: shows [Jc Ac] (a pair of Jacks)
LEG252: mucks hand
ToDaFelt collected $41.50 from pot
*** SUMMARY ***
Total pot $42 | Rake $0.50
Board [7c 9s 6h 4d Jh]
Seat 1: LEG252 (button) (small blind) mucked
Seat 2: ToDaFelt (big blind) showed [Jc Ac] and won ($41.50) with a pair of Jacks


PokerStars Hand #175652542484:  Hold'em Limit ($3/$6 USD) - 2017/09/14 18:50:36 ET
Table 'Tynka' 10-max Seat #2 is the button
Seat 1: LEG252 ($113.58 in chips)
Seat 2: ToDaFelt ($226.32 in chips)
ToDaFelt: posts small blind $1
LEG252: posts big blind $3
*** HOLE CARDS ***
ToDaFelt: folds
Uncalled bet ($2) returned to LEG252
LEG252 collected $2 from pot
LEG252: doesn't show hand
*** SUMMARY ***
Total pot $2 | Rake $0
Seat 1: LEG252 (big blind) collected ($2)
Seat 2: ToDaFelt (button) (small blind) folded before Flop


PokerStars Hand #175652529443:  Hold'em Limit ($3/$6 USD) - 2017/09/14 18:50:15 ET
Table 'Tynka' 10-max Seat #1 is the button
Seat 1: LEG252 ($125.58 in chips)
Seat 2: ToDaFelt ($214.80 in chips)
LEG252: posts small blind $1
ToDaFelt: posts big blind $3
*** HOLE CARDS ***
LEG252: raises $3 to $6
ToDaFelt: calls $3
*** FLOP *** [Ks Th Jc]
ToDaFelt: checks
LEG252: checks
*** TURN *** [Ks Th Jc] [2c]
ToDaFelt: bets $6
LEG252: calls $6
*** RIVER *** [Ks Th Jc 2c] [6c]
ToDaFelt: bets $6
LEG252: folds
Uncalled bet ($6) returned to ToDaFelt
ToDaFelt collected $23.52 from pot
ToDaFelt: doesn't show hand
*** SUMMARY ***
Total pot $24 | Rake $0.48
Board [Ks Th Jc 2c 6c]
Seat 1: LEG252 (button) (small blind) folded on the River
Seat 2: ToDaFelt (big blind) collected ($23.52)


PokerStars Hand #175652573843:  Hold'em Limit ($3/$6 USD) - 2017/09/14 18:51:25 ET
Table 'Tynka' 10-max Seat #1 is the button
Seat 1: LEG252 ($87.58 in chips)
Seat 2: ToDaFelt ($251.58 in chips)
LEG252: posts small blind $1
ToDaFelt: posts big blind $3
*** HOLE CARDS ***
LEG252: folds
Uncalled bet ($2) returned to ToDaFelt
ToDaFelt collected $2 from pot
ToDaFelt: doesn't show hand
*** SUMMARY ***
Total pot $2 | Rake $0
Seat 1: LEG252 (button) (small blind) folded before Flop
Seat 2: ToDaFelt (big blind) collected ($2)


PokerStars Hand #175652565042:  Hold'em Limit ($3/$6 USD) - 2017/09/14 18:51:11 ET
Table 'Tynka' 10-max Seat #2 is the button
Seat 1: LEG252 ($93.58 in chips)
Seat 2: ToDaFelt ($245.82 in chips)
ToDaFelt: posts small blind $1
LEG252: posts big blind $3
*** HOLE CARDS ***
ToDaFelt: raises $3 to $6
LEG252: calls $3
*** FLOP *** [6h 7d Js]
LEG252: checks
ToDaFelt: bets $3
LEG252: folds
Uncalled bet ($3) returned to ToDaFelt
ToDaFelt collected $11.76 from pot
ToDaFelt: doesn't show hand
*** SUMMARY ***
Total pot $12 | Rake $0.24
Board [6h 7d Js]
Seat 1: LEG252 (big blind) folded on the Flop
Seat 2: ToDaFelt (button) (small blind) collected ($11.76)


