PokerStars Hand #161948796147:  Hold'em Limit ($3/$6 USD) - 2016/11/25 14:26:09 ET
Table 'Tyumenia II' 6-max Seat #5 is the button
Seat 3: MagnusAces ($21.14 in chips)
Seat 5: B_loJkl ($426.15 in chips)
B_loJkl: posts small blind $1
MagnusAces: posts big blind $3
*** HOLE CARDS ***
B_loJkl: raises $3 to $6
MagnusAces: calls $3
*** FLOP *** [Ad 5c 8d]
MagnusAces: checks
B_loJkl: bets $3
MagnusAces: folds
Uncalled bet ($3) returned to B_loJkl
B_loJkl collected $11.76 from pot
B_loJkl: doesn't show hand
*** SUMMARY ***
Total pot $12 | Rake $0.24
Board [Ad 5c 8d]
Seat 3: MagnusAces (big blind) folded on the Flop
Seat 5: B_loJkl (button) (small blind) collected ($11.76)


PokerStars Hand #161948869107:  Hold'em Limit ($3/$6 USD) - 2016/11/25 14:27:32 ET
Table 'Tyumenia II' 6-max Seat #3 is the button
Seat 3: MagnusAces ($29.54 in chips)
Seat 5: B_loJkl ($416.91 in chips)
MagnusAces: posts small blind $1
B_loJkl: posts big blind $3
*** HOLE CARDS ***
MagnusAces: folds
Uncalled bet ($2) returned to B_loJkl
B_loJkl collected $2 from pot
B_loJkl: doesn't show hand
*** SUMMARY ***
Total pot $2 | Rake $0
Seat 3: MagnusAces (button) (small blind) folded before Flop
Seat 5: B_loJkl (big blind) collected ($2)


PokerStars Hand #161948837474:  Hold'em Limit ($3/$6 USD) - 2016/11/25 14:26:56 ET
Table 'Tyumenia II' 6-max Seat #5 is the button
Seat 3: MagnusAces ($20.90 in chips)
Seat 5: B_loJkl ($425.91 in chips)
B_loJkl: posts small blind $1
MagnusAces: posts big blind $3
*** HOLE CARDS ***
B_loJkl: raises $3 to $6
MagnusAces: calls $3
*** FLOP *** [2h Jh Ac]
MagnusAces: checks
B_loJkl: bets $3
MagnusAces: calls $3
*** TURN *** [2h Jh Ac] [8c]
MagnusAces: checks
B_loJkl: checks
*** RIVER *** [2h Jh Ac 8c] [Kc]
MagnusAces: bets $6
B_loJkl: folds
Uncalled bet ($6) returned to MagnusAces
MagnusAces collected $17.64 from pot
MagnusAces: doesn't show hand
*** SUMMARY ***
Total pot $18 | Rake $0.36
Board [2h Jh Ac 8c Kc]
Seat 3: MagnusAces (big blind) collected ($17.64)
Seat 5: B_loJkl (button) (small blind) folded on the River


PokerStars Hand #161948806295:  Hold'em Limit ($3/$6 USD) - 2016/11/25 14:26:20 ET
Table 'Tyumenia II' 6-max Seat #3 is the button
Seat 3: MagnusAces ($15.14 in chips)
Seat 5: B_loJkl ($431.91 in chips)
MagnusAces: posts small blind $1
B_loJkl: posts big blind $3
*** HOLE CARDS ***
MagnusAces: raises $3 to $6
B_loJkl: calls $3
*** FLOP *** [As 2s 4s]
B_loJkl: checks
MagnusAces: checks
*** TURN *** [As 2s 4s] [Ac]
B_loJkl: checks
MagnusAces: bets $6
B_loJkl: folds
Uncalled bet ($6) returned to MagnusAces
MagnusAces collected $11.76 from pot
*** SUMMARY ***
Total pot $12 | Rake $0.24
Board [As 2s 4s Ac]
Seat 3: MagnusAces (button) (small blind) collected ($11.76)
Seat 5: B_loJkl (big blind) folded on the Turn


PokerStars Hand #161948890233:  Hold'em Limit ($3/$6 USD) - 2016/11/25 14:27:57 ET
Table 'Tyumenia II' 6-max Seat #3 is the button
Seat 3: MagnusAces ($46.04 in chips)
Seat 5: B_loJkl ($399.91 in chips)
MagnusAces: posts small blind $1
B_loJkl: posts big blind $3
*** HOLE CARDS ***
Zubasa07 joins the table at seat #4
MagnusAces: folds
Uncalled bet ($2) returned to B_loJkl
B_loJkl collected $2 from pot
B_loJkl: doesn't show hand
*** SUMMARY ***
Total pot $2 | Rake $0
Seat 3: MagnusAces (button) (small blind) folded before Flop
Seat 5: B_loJkl (big blind) collected ($2)


PokerStars Hand #161948895249:  Hold'em Limit ($3/$6 USD) - 2016/11/25 14:28:02 ET
Table 'Tyumenia II' 6-max Seat #5 is the button
Seat 3: MagnusAces ($45.04 in chips)
Seat 5: B_loJkl ($400.91 in chips)
B_loJkl: posts small blind $1
MagnusAces: posts big blind $3
*** HOLE CARDS ***
B_loJkl: folds
Uncalled bet ($2) returned to MagnusAces
MagnusAces collected $2 from pot
MagnusAces: doesn't show hand
*** SUMMARY ***
Total pot $2 | Rake $0
Seat 3: MagnusAces (big blind) collected ($2)
Seat 5: B_loJkl (button) (small blind) folded before Flop


PokerStars Hand #161948873193:  Hold'em Limit ($3/$6 USD) - 2016/11/25 14:27:37 ET
Table 'Tyumenia II' 6-max Seat #5 is the button
Seat 3: MagnusAces ($28.54 in chips)
Seat 5: B_loJkl ($417.91 in chips)
B_loJkl: posts small blind $1
MagnusAces: posts big blind $3
*** HOLE CARDS ***
B_loJkl: raises $3 to $6
MagnusAces: raises $3 to $9
B_loJkl: calls $3
*** FLOP *** [4c Ts 9c]
MagnusAces: bets $3
B_loJkl: calls $3
*** TURN *** [4c Ts 9c] [Td]
MagnusAces: bets $6
B_loJkl: calls $6
*** RIVER *** [4c Ts 9c Td] [Qh]
MagnusAces: bets $6
B_loJkl: folds
Uncalled bet ($6) returned to MagnusAces
MagnusAces collected $35.50 from pot
MagnusAces: doesn't show hand
*** SUMMARY ***
Total pot $36 | Rake $0.50
Board [4c Ts 9c Td Qh]
Seat 3: MagnusAces (big blind) collected ($35.50)
Seat 5: B_loJkl (button) (small blind) folded on the River


PokerStars Hand #161952461258:  Hold'em Limit ($3/$6 USD) - 2016/11/25 15:34:45 ET
Table 'Tyumenia II' 6-max Seat #1 is the button
Seat 1: Chessnok ($96 in chips)
Seat 6: manly70 ($198.20 in chips)
Chessnok: posts small blind $1
manly70: posts big blind $3
*** HOLE CARDS ***
Chessnok: raises $3 to $6
manly70: folds
Uncalled bet ($3) returned to Chessnok
Chessnok collected $6 from pot
Chessnok: doesn't show hand
*** SUMMARY ***
Total pot $6 | Rake $0
Seat 1: Chessnok (button) (small blind) collected ($6)
Seat 6: manly70 (big blind) folded before Flop


PokerStars Hand #161952449965:  Hold'em Limit ($3/$6 USD) - 2016/11/25 15:34:33 ET
Table 'Tyumenia II' 6-max Seat #6 is the button
Seat 1: Chessnok ($102 in chips)
Seat 6: manly70 ($192.44 in chips)
manly70: posts small blind $1
Chessnok: posts big blind $3
*** HOLE CARDS ***
manly70: raises $3 to $6
Chessnok: calls $3
*** FLOP *** [7h 5c Ac]
Chessnok: checks
manly70: bets $3
Chessnok: folds
Uncalled bet ($3) returned to manly70
manly70 collected $11.76 from pot
*** SUMMARY ***
Total pot $12 | Rake $0.24
Board [7h 5c Ac]
Seat 1: Chessnok (big blind) folded on the Flop
Seat 6: manly70 (button) (small blind) collected ($11.76)


PokerStars Hand #161952445689:  Hold'em Limit ($3/$6 USD) - 2016/11/25 15:34:28 ET
Table 'Tyumenia II' 6-max Seat #1 is the button
Seat 1: Chessnok ($103 in chips)
Seat 6: manly70 ($191.44 in chips)
Chessnok: posts small blind $1
manly70: posts big blind $3
*** HOLE CARDS ***
Chessnok: folds
Uncalled bet ($2) returned to manly70
manly70 collected $2 from pot
*** SUMMARY ***
Total pot $2 | Rake $0
Seat 1: Chessnok (button) (small blind) folded before Flop
Seat 6: manly70 (big blind) collected ($2)


PokerStars Hand #161952439990:  Hold'em Limit ($3/$6 USD) - 2016/11/25 15:34:22 ET
Table 'Tyumenia II' 6-max Seat #6 is the button
Seat 1: Chessnok ($102 in chips)
Seat 6: manly70 ($192.44 in chips)
manly70: posts small blind $1
Chessnok: posts big blind $3
*** HOLE CARDS ***
manly70: folds
Uncalled bet ($2) returned to Chessnok
Chessnok collected $2 from pot
Chessnok: doesn't show hand
*** SUMMARY ***
Total pot $2 | Rake $0
Seat 1: Chessnok (big blind) collected ($2)
Seat 6: manly70 (button) (small blind) folded before Flop


PokerStars Hand #161952420007:  Hold'em Limit ($3/$6 USD) - 2016/11/25 15:34:00 ET
Table 'Tyumenia II' 6-max Seat #1 is the button
Seat 1: Chessnok ($111 in chips)
Seat 6: manly70 ($183.80 in chips)
Chessnok: posts small blind $1
Psynto: is sitting out
B_loJkl: is sitting out
manly70: posts big blind $3
*** HOLE CARDS ***
Chessnok: raises $3 to $6
Psynto leaves the table
manly70: calls $3
*** FLOP *** [Kd Ac Tc]
manly70: checks
Chessnok: bets $3
manly70: calls $3
*** TURN *** [Kd Ac Tc] [6h]
manly70: checks
Chessnok: checks
*** RIVER *** [Kd Ac Tc 6h] [Js]
manly70: checks
Chessnok: checks
*** SHOW DOWN ***
manly70: shows [Jc Td] (two pair, Jacks and Tens)
Chessnok: mucks hand
manly70 collected $17.64 from pot
*** SUMMARY ***
Total pot $18 | Rake $0.36
Board [Kd Ac Tc 6h Js]
Seat 1: Chessnok (button) (small blind) mucked
Seat 6: manly70 (big blind) showed [Jc Td] and won ($17.64) with two pair, Jacks and Tens


PokerStars Hand #161952498343:  Hold'em Limit ($3/$6 USD) - 2016/11/25 15:35:25 ET
Table 'Tyumenia II' 6-max Seat #1 is the button
Seat 1: Chessnok ($79 in chips)
Seat 6: manly70 ($214.70 in chips)
Chessnok: posts small blind $1
manly70: posts big blind $3
*** HOLE CARDS ***
Chessnok: raises $3 to $6
manly70: raises $3 to $9
Chessnok: calls $3
*** FLOP *** [Qs Tc 9s]
manly70: bets $3
Chessnok: calls $3
*** TURN *** [Qs Tc 9s] [Jh]
manly70: bets $6
Chessnok: folds
Uncalled bet ($6) returned to manly70
manly70 collected $23.52 from pot
*** SUMMARY ***
Total pot $24 | Rake $0.48
Board [Qs Tc 9s Jh]
Seat 1: Chessnok (button) (small blind) folded on the Turn
Seat 6: manly70 (big blind) collected ($23.52)


PokerStars Hand #161952468386:  Hold'em Limit ($3/$6 USD) - 2016/11/25 15:34:53 ET
Table 'Tyumenia II' 6-max Seat #6 is the button
Seat 1: Chessnok ($99 in chips)
Seat 6: manly70 ($195.20 in chips)
manly70: posts small blind $1
Chessnok: posts big blind $3
*** HOLE CARDS ***
manly70: folds
Uncalled bet ($2) returned to Chessnok
Chessnok collected $2 from pot
Chessnok: doesn't show hand
*** SUMMARY ***
Total pot $2 | Rake $0
Seat 1: Chessnok (big blind) collected ($2)
Seat 6: manly70 (button) (small blind) folded before Flop


PokerStars Hand #161952479703:  Hold'em Limit ($3/$6 USD) - 2016/11/25 15:35:05 ET
Table 'Tyumenia II' 6-max Seat #6 is the button
Seat 1: Chessnok ($103 in chips)
Seat 6: manly70 ($191.20 in chips)
manly70: posts small blind $1
Chessnok: posts big blind $3
*** HOLE CARDS ***
manly70: raises $3 to $6
Chessnok: raises $3 to $9
manly70: calls $3
*** FLOP *** [Jd Js Qh]
Chessnok: bets $3
manly70: calls $3
*** TURN *** [Jd Js Qh] [5s]
Chessnok: bets $6
manly70: raises $6 to $12
Chessnok: calls $6
*** RIVER *** [Jd Js Qh 5s] [9d]
Chessnok: checks
manly70: bets $6
Chessnok: folds
Uncalled bet ($6) returned to manly70
manly70 collected $47.50 from pot
*** SUMMARY ***
Total pot $48 | Rake $0.50
Board [Jd Js Qh 5s 9d]
Seat 1: Chessnok (big blind) folded on the River
Seat 6: manly70 (button) (small blind) collected ($47.50)


PokerStars Hand #161952548625:  Hold'em Limit ($3/$6 USD) - 2016/11/25 15:36:19 ET
Table 'Tyumenia II' 6-max Seat #1 is the button
Seat 1: Chessnok ($90.50 in chips)
Seat 6: manly70 ($202.22 in chips)
Chessnok: posts small blind $1
manly70: posts big blind $3
*** HOLE CARDS ***
Chessnok: raises $3 to $6
manly70: calls $3
*** FLOP *** [Ah 7h 7s]
manly70: checks
Chessnok: bets $3
manly70: calls $3
*** TURN *** [Ah 7h 7s] [Kh]
manly70: checks
Chessnok: checks
*** RIVER *** [Ah 7h 7s Kh] [9d]
manly70: bets $6
Chessnok: calls $6
*** SHOW DOWN ***
manly70: shows [As 5c] (two pair, Aces and Sevens)
Chessnok: mucks hand
manly70 collected $29.50 from pot
*** SUMMARY ***
Total pot $30 | Rake $0.50
Board [Ah 7h 7s Kh 9d]
Seat 1: Chessnok (button) (small blind) mucked
Seat 6: manly70 (big blind) showed [As 5c] and won ($29.50) with two pair, Aces and Sevens


PokerStars Hand #161952543478:  Hold'em Limit ($3/$6 USD) - 2016/11/25 15:36:14 ET
Table 'Tyumenia II' 6-max Seat #6 is the button
Seat 1: Chessnok ($89.50 in chips)
Seat 6: manly70 ($203.22 in chips)
manly70: posts small blind $1
Chessnok: posts big blind $3
*** HOLE CARDS ***
manly70: folds
Uncalled bet ($2) returned to Chessnok
Chessnok collected $2 from pot
Chessnok: doesn't show hand
*** SUMMARY ***
Total pot $2 | Rake $0
Seat 1: Chessnok (big blind) collected ($2)
Seat 6: manly70 (button) (small blind) folded before Flop


PokerStars Hand #161952539169:  Hold'em Limit ($3/$6 USD) - 2016/11/25 15:36:09 ET
Table 'Tyumenia II' 6-max Seat #1 is the button
Seat 1: Chessnok ($90.50 in chips)
Seat 6: manly70 ($202.22 in chips)
Chessnok: posts small blind $1
manly70: posts big blind $3
*** HOLE CARDS ***
Chessnok: folds
Uncalled bet ($2) returned to manly70
manly70 collected $2 from pot
*** SUMMARY ***
Total pot $2 | Rake $0
Seat 1: Chessnok (button) (small blind) folded before Flop
Seat 6: manly70 (big blind) collected ($2)


PokerStars Hand #161952534020:  Hold'em Limit ($3/$6 USD) - 2016/11/25 15:36:03 ET
Table 'Tyumenia II' 6-max Seat #6 is the button
Seat 1: Chessnok ($89.50 in chips)
Seat 6: manly70 ($203.22 in chips)
manly70: posts small blind $1
Chessnok: posts big blind $3
*** HOLE CARDS ***
manly70: folds
Uncalled bet ($2) returned to Chessnok
Chessnok collected $2 from pot
Chessnok: doesn't show hand
*** SUMMARY ***
Total pot $2 | Rake $0
Seat 1: Chessnok (big blind) collected ($2)
Seat 6: manly70 (button) (small blind) folded before Flop


PokerStars Hand #161952529971:  Hold'em Limit ($3/$6 USD) - 2016/11/25 15:35:59 ET
Table 'Tyumenia II' 6-max Seat #1 is the button
Seat 1: Chessnok ($90.50 in chips)
Seat 6: manly70 ($202.22 in chips)
Chessnok: posts small blind $1
manly70: posts big blind $3
*** HOLE CARDS ***
Chessnok: folds
Uncalled bet ($2) returned to manly70
manly70 collected $2 from pot
*** SUMMARY ***
Total pot $2 | Rake $0
Seat 1: Chessnok (button) (small blind) folded before Flop
Seat 6: manly70 (big blind) collected ($2)


PokerStars Hand #161952513167:  Hold'em Limit ($3/$6 USD) - 2016/11/25 15:35:41 ET
Table 'Tyumenia II' 6-max Seat #6 is the button
Seat 1: Chessnok ($67 in chips)
Seat 6: manly70 ($226.22 in chips)
manly70: posts small blind $1
Chessnok: posts big blind $3
*** HOLE CARDS ***
manly70: raises $3 to $6
Chessnok: raises $3 to $9
manly70: calls $3
*** FLOP *** [9s Th 9d]
Chessnok: bets $3
manly70: calls $3
*** TURN *** [9s Th 9d] [2h]
Chessnok: bets $6
manly70: calls $6
*** RIVER *** [9s Th 9d 2h] [Tc]
Chessnok: bets $6
manly70: calls $6
*** SHOW DOWN ***
Chessnok: shows [As 9c] (a full house, Nines full of Tens)
manly70: mucks hand
Chessnok collected $47.50 from pot
*** SUMMARY ***
Total pot $48 | Rake $0.50
Board [9s Th 9d 2h Tc]
Seat 1: Chessnok (big blind) showed [As 9c] and won ($47.50) with a full house, Nines full of Tens
Seat 6: manly70 (button) (small blind) mucked


PokerStars Hand #161952567286:  Hold'em Limit ($3/$6 USD) - 2016/11/25 15:36:39 ET
Table 'Tyumenia II' 6-max Seat #6 is the button
Seat 1: Chessnok ($75.50 in chips)
Seat 6: manly70 ($216.72 in chips)
manly70: posts small blind $1
Chessnok: posts big blind $3
*** HOLE CARDS ***
hamsa222 joins the table at seat #3
manly70: raises $3 to $6
Chessnok: raises $3 to $9
manly70: calls $3
*** FLOP *** [4h 3h 4d]
Chessnok: bets $3
manly70: calls $3
*** TURN *** [4h 3h 4d] [4s]
Chessnok: bets $6
manly70: calls $6
*** RIVER *** [4h 3h 4d 4s] [Js]
Chessnok: bets $6
manly70: calls $6
*** SHOW DOWN ***
Chessnok: shows [Ts Jc] (a full house, Fours full of Jacks)
manly70: mucks hand
Chessnok collected $47.50 from pot
sim5sim5 joins the table at seat #4
*** SUMMARY ***
Total pot $48 | Rake $0.50
Board [4h 3h 4d 4s Js]
Seat 1: Chessnok (big blind) showed [Ts Jc] and won ($47.50) with a full house, Fours full of Jacks
Seat 6: manly70 (button) (small blind) mucked


PokerStars Hand #161953194232:  Hold'em Limit ($3/$6 USD) - 2016/11/25 15:48:01 ET
Table 'Tyumenia II' 6-max Seat #1 is the button
Seat 1: Chessnok ($131.06 in chips)
Seat 6: manly70 ($141.15 in chips)
Chessnok: posts small blind $1
sim5sim5: is sitting out
B_loJkl: is sitting out
manly70: posts big blind $3
*** HOLE CARDS ***
Chessnok: folds
Uncalled bet ($2) returned to manly70
manly70 collected $2 from pot
sim5sim5 leaves the table
*** SUMMARY ***
Total pot $2 | Rake $0
Seat 1: Chessnok (button) (small blind) folded before Flop
Seat 6: manly70 (big blind) collected ($2)


PokerStars Hand #161953199173:  Hold'em Limit ($3/$6 USD) - 2016/11/25 15:48:06 ET
Table 'Tyumenia II' 6-max Seat #6 is the button
Seat 1: Chessnok ($130.06 in chips)
Seat 6: manly70 ($142.15 in chips)
manly70: posts small blind $1
Chessnok: posts big blind $3
*** HOLE CARDS ***
manly70: folds
Uncalled bet ($2) returned to Chessnok
Chessnok collected $2 from pot
Chessnok: doesn't show hand
crazy669 joins the table at seat #3
*** SUMMARY ***
Total pot $2 | Rake $0
Seat 1: Chessnok (big blind) collected ($2)
Seat 6: manly70 (button) (small blind) folded before Flop


PokerStars Hand #161955501647:  Hold'em Limit ($3/$6 USD) - 2016/11/25 16:31:21 ET
Table 'Tyumenia II' 6-max Seat #4 is the button
Seat 3: ToDaFelt ($116 in chips)
Seat 4: Bassie830 ($123.63 in chips)
Bassie830: posts small blind $1
Psynto: is sitting out
grabaz: is sitting out
ToDaFelt: posts big blind $3
*** HOLE CARDS ***
grabaz leaves the table
Bassie830: folds
Uncalled bet ($2) returned to ToDaFelt
ToDaFelt collected $2 from pot
ToDaFelt: doesn't show hand
*** SUMMARY ***
Total pot $2 | Rake $0
Seat 3: ToDaFelt (big blind) collected ($2)
Seat 4: Bassie830 (button) (small blind) folded before Flop


PokerStars Hand #161955510617:  Hold'em Limit ($3/$6 USD) - 2016/11/25 16:31:31 ET
Table 'Tyumenia II' 6-max Seat #3 is the button
Seat 3: ToDaFelt ($117 in chips)
Seat 4: Bassie830 ($122.63 in chips)
ToDaFelt: posts small blind $1
Bassie830: posts big blind $3
*** HOLE CARDS ***
Psynto leaves the table
ToDaFelt: raises $3 to $6
Bassie830: folds
Uncalled bet ($3) returned to ToDaFelt
ToDaFelt collected $6 from pot
ToDaFelt: doesn't show hand
*** SUMMARY ***
Total pot $6 | Rake $0
Seat 3: ToDaFelt (button) (small blind) collected ($6)
Seat 4: Bassie830 (big blind) folded before Flop


PokerStars Hand #161955521261:  Hold'em Limit ($3/$6 USD) - 2016/11/25 16:31:43 ET
Table 'Tyumenia II' 6-max Seat #4 is the button
Seat 3: ToDaFelt ($120 in chips)
Seat 4: Bassie830 ($119.63 in chips)
Bassie830: posts small blind $1
ToDaFelt: posts big blind $3
*** HOLE CARDS ***
Bassie830: folds
Uncalled bet ($2) returned to ToDaFelt
ToDaFelt collected $2 from pot
ToDaFelt: doesn't show hand
Bassie830 leaves the table
*** SUMMARY ***
Total pot $2 | Rake $0
Seat 3: ToDaFelt (big blind) collected ($2)
Seat 4: Bassie830 (button) (small blind) folded before Flop


