PokerStars Hand #158788850696:  Hold'em Limit ($3/$6 USD) - 2016/09/18 18:17:00 ET
Table 'Tyumenia' 10-max Seat #9 is the button
Seat 1: MCSCLA ($83 in chips)
Seat 9: TinaTurner72 ($121 in chips)
TinaTurner72: posts small blind $1
MCSCLA: posts big blind $3
*** HOLE CARDS ***
TinaTurner72: raises $3 to $6
MCSCLA: calls $3
*** FLOP *** [2d 3h 7c]
MCSCLA: checks
TinaTurner72: bets $3
MCSCLA: calls $3
*** TURN *** [2d 3h 7c] [5h]
MCSCLA: bets $6
TinaTurner72: raises $6 to $12
MCSCLA: calls $6
*** RIVER *** [2d 3h 7c 5h] [Th]
MCSCLA: bets $6
TinaTurner72: calls $6
*** SHOW DOWN ***
MCSCLA: shows [Kh 8h] (a flush, King high)
TinaTurner72: mucks hand
MCSCLA collected $53.50 from pot
*** SUMMARY ***
Total pot $54 | Rake $0.50
Board [2d 3h 7c 5h Th]
Seat 1: MCSCLA (big blind) showed [Kh 8h] and won ($53.50) with a flush, King high
Seat 9: TinaTurner72 (button) (small blind) mucked


PokerStars Hand #158788873172:  Hold'em Limit ($3/$6 USD) - 2016/09/18 18:17:31 ET
Table 'Tyumenia' 10-max Seat #1 is the button
Seat 1: MCSCLA ($109.50 in chips)
Seat 9: TinaTurner72 ($94 in chips)
MCSCLA: posts small blind $1
TinaTurner72: posts big blind $3
*** HOLE CARDS ***
MCSCLA: calls $2
TinaTurner72: raises $3 to $6
MCSCLA: calls $3
*** FLOP *** [5h 4h 7d]
TinaTurner72: checks
MCSCLA: checks
*** TURN *** [5h 4h 7d] [Kh]
TinaTurner72: bets $6
MCSCLA: folds
Uncalled bet ($6) returned to TinaTurner72
TinaTurner72 collected $11.76 from pot
TinaTurner72: doesn't show hand
*** SUMMARY ***
Total pot $12 | Rake $0.24
Board [5h 4h 7d Kh]
Seat 1: MCSCLA (button) (small blind) folded on the Turn
Seat 9: TinaTurner72 (big blind) collected ($11.76)


PokerStars Hand #158788892048:  Hold'em Limit ($3/$6 USD) - 2016/09/18 18:17:56 ET
Table 'Tyumenia' 10-max Seat #9 is the button
Seat 1: MCSCLA ($103.50 in chips)
Seat 9: TinaTurner72 ($99.76 in chips)
TinaTurner72: posts small blind $1
MCSCLA: posts big blind $3
*** HOLE CARDS ***
TinaTurner72: raises $3 to $6
MCSCLA: folds
Uncalled bet ($3) returned to TinaTurner72
TinaTurner72 collected $6 from pot
TinaTurner72: doesn't show hand
*** SUMMARY ***
Total pot $6 | Rake $0
Seat 1: MCSCLA (big blind) folded before Flop
Seat 9: TinaTurner72 (button) (small blind) collected ($6)


PokerStars Hand #158788899398:  Hold'em Limit ($3/$6 USD) - 2016/09/18 18:18:06 ET
Table 'Tyumenia' 10-max Seat #1 is the button
Seat 1: MCSCLA ($100.50 in chips)
Seat 9: TinaTurner72 ($102.76 in chips)
MCSCLA: posts small blind $1
TinaTurner72: posts big blind $3
*** HOLE CARDS ***
MCSCLA: folds
Uncalled bet ($2) returned to TinaTurner72
TinaTurner72 collected $2 from pot
TinaTurner72: doesn't show hand
*** SUMMARY ***
Total pot $2 | Rake $0
Seat 1: MCSCLA (button) (small blind) folded before Flop
Seat 9: TinaTurner72 (big blind) collected ($2)


PokerStars Hand #158788904040:  Hold'em Limit ($3/$6 USD) - 2016/09/18 18:18:13 ET
Table 'Tyumenia' 10-max Seat #9 is the button
Seat 1: MCSCLA ($99.50 in chips)
Seat 9: TinaTurner72 ($103.76 in chips)
TinaTurner72: posts small blind $1
MCSCLA: posts big blind $3
*** HOLE CARDS ***
TinaTurner72: raises $3 to $6
MCSCLA: calls $3
*** FLOP *** [6c Th As]
MCSCLA: checks
TinaTurner72: bets $3
MCSCLA: folds
Uncalled bet ($3) returned to TinaTurner72
TinaTurner72 collected $11.76 from pot
TinaTurner72: doesn't show hand
*** SUMMARY ***
Total pot $12 | Rake $0.24
Board [6c Th As]
Seat 1: MCSCLA (big blind) folded on the Flop
Seat 9: TinaTurner72 (button) (small blind) collected ($11.76)


PokerStars Hand #158788916511:  Hold'em Limit ($3/$6 USD) - 2016/09/18 18:18:30 ET
Table 'Tyumenia' 10-max Seat #1 is the button
Seat 1: MCSCLA ($93.50 in chips)
Seat 9: TinaTurner72 ($109.52 in chips)
MCSCLA: posts small blind $1
TinaTurner72: posts big blind $3
*** HOLE CARDS ***
MCSCLA: folds
Uncalled bet ($2) returned to TinaTurner72
TinaTurner72 collected $2 from pot
TinaTurner72: doesn't show hand
*** SUMMARY ***
Total pot $2 | Rake $0
Seat 1: MCSCLA (button) (small blind) folded before Flop
Seat 9: TinaTurner72 (big blind) collected ($2)


PokerStars Hand #158788923250:  Hold'em Limit ($3/$6 USD) - 2016/09/18 18:18:39 ET
Table 'Tyumenia' 10-max Seat #9 is the button
Seat 1: MCSCLA ($92.50 in chips)
Seat 9: TinaTurner72 ($110.52 in chips)
TinaTurner72: posts small blind $1
MCSCLA: posts big blind $3
*** HOLE CARDS ***
TinaTurner72: raises $3 to $6
MCSCLA: calls $3
*** FLOP *** [Th 6s 2d]
MCSCLA: bets $3
TinaTurner72: calls $3
*** TURN *** [Th 6s 2d] [9c]
MCSCLA: bets $6
TinaTurner72: calls $6
*** RIVER *** [Th 6s 2d 9c] [Ks]
MCSCLA: checks
TinaTurner72: checks
*** SHOW DOWN ***
MCSCLA: shows [Td Qc] (a pair of Tens)
TinaTurner72: mucks hand
MCSCLA collected $29.50 from pot
*** SUMMARY ***
Total pot $30 | Rake $0.50
Board [Th 6s 2d 9c Ks]
Seat 1: MCSCLA (big blind) showed [Td Qc] and won ($29.50) with a pair of Tens
Seat 9: TinaTurner72 (button) (small blind) mucked


PokerStars Hand #158788949771:  Hold'em Limit ($3/$6 USD) - 2016/09/18 18:19:15 ET
Table 'Tyumenia' 10-max Seat #1 is the button
Seat 1: MCSCLA ($107 in chips)
Seat 9: TinaTurner72 ($95.52 in chips)
MCSCLA: posts small blind $1
TinaTurner72: posts big blind $3
*** HOLE CARDS ***
MCSCLA: folds
Uncalled bet ($2) returned to TinaTurner72
TinaTurner72 collected $2 from pot
TinaTurner72: doesn't show hand
*** SUMMARY ***
Total pot $2 | Rake $0
Seat 1: MCSCLA (button) (small blind) folded before Flop
Seat 9: TinaTurner72 (big blind) collected ($2)


PokerStars Hand #158788956437:  Hold'em Limit ($3/$6 USD) - 2016/09/18 18:19:24 ET
Table 'Tyumenia' 10-max Seat #9 is the button
Seat 1: MCSCLA ($106 in chips)
Seat 9: TinaTurner72 ($96.52 in chips)
TinaTurner72: posts small blind $1
MCSCLA: posts big blind $3
*** HOLE CARDS ***
TinaTurner72: raises $3 to $6
MCSCLA: raises $3 to $9
TinaTurner72: raises $3 to $12
Betting is capped
MCSCLA: calls $3
*** FLOP *** [Ks 6d 6s]
MCSCLA: checks
TinaTurner72: bets $3
MCSCLA: calls $3
*** TURN *** [Ks 6d 6s] [Tc]
MCSCLA: checks
TinaTurner72: checks
*** RIVER *** [Ks 6d 6s Tc] [2s]
MCSCLA: bets $6
TinaTurner72: folds
Uncalled bet ($6) returned to MCSCLA
MCSCLA collected $29.50 from pot
MCSCLA: doesn't show hand
*** SUMMARY ***
Total pot $30 | Rake $0.50
Board [Ks 6d 6s Tc 2s]
Seat 1: MCSCLA (big blind) collected ($29.50)
Seat 9: TinaTurner72 (button) (small blind) folded on the River


PokerStars Hand #158788976568:  Hold'em Limit ($3/$6 USD) - 2016/09/18 18:19:52 ET
Table 'Tyumenia' 10-max Seat #1 is the button
Seat 1: MCSCLA ($120.50 in chips)
Seat 9: TinaTurner72 ($81.52 in chips)
MCSCLA: posts small blind $1
TinaTurner72: posts big blind $3
*** HOLE CARDS ***
MCSCLA: calls $2
TinaTurner72: checks
*** FLOP *** [5s 4c 9s]
TinaTurner72: checks
MCSCLA: bets $3
Zubasa07 joins the table at seat #2
TinaTurner72: folds
Uncalled bet ($3) returned to MCSCLA
MCSCLA collected $5.88 from pot
MCSCLA: doesn't show hand
*** SUMMARY ***
Total pot $6 | Rake $0.12
Board [5s 4c 9s]
Seat 1: MCSCLA (button) (small blind) collected ($5.88)
Seat 9: TinaTurner72 (big blind) folded on the Flop


PokerStars Hand #158788994149:  Hold'em Limit ($3/$6 USD) - 2016/09/18 18:20:16 ET
Table 'Tyumenia' 10-max Seat #9 is the button
Seat 1: MCSCLA ($123.38 in chips)
Seat 9: TinaTurner72 ($78.52 in chips)
TinaTurner72: posts small blind $1
MCSCLA: posts big blind $3
*** HOLE CARDS ***
TinaTurner72: raises $3 to $6
MCSCLA: folds
Uncalled bet ($3) returned to TinaTurner72
TinaTurner72 collected $6 from pot
TinaTurner72: doesn't show hand
*** SUMMARY ***
Total pot $6 | Rake $0
Seat 1: MCSCLA (big blind) folded before Flop
Seat 9: TinaTurner72 (button) (small blind) collected ($6)


PokerStars Hand #158789062213:  Hold'em Limit ($3/$6 USD) - 2016/09/18 18:21:50 ET
Table 'Tyumenia' 10-max Seat #1 is the button
Seat 1: MCSCLA ($113.38 in chips)
Seat 2: Zubasa07 ($520.83 in chips)
MCSCLA: posts small blind $1
Zubasa07: posts big blind $3
*** HOLE CARDS ***
MCSCLA: folds
Uncalled bet ($2) returned to Zubasa07
Zubasa07 collected $2 from pot
Zubasa07: doesn't show hand
*** SUMMARY ***
Total pot $2 | Rake $0
Seat 1: MCSCLA (button) (small blind) folded before Flop
Seat 2: Zubasa07 (big blind) collected ($2)


PokerStars Hand #158789040367:  Hold'em Limit ($3/$6 USD) - 2016/09/18 18:21:19 ET
Table 'Tyumenia' 10-max Seat #2 is the button
Seat 1: MCSCLA ($119.38 in chips)
Seat 2: Zubasa07 ($515.07 in chips)
Zubasa07: posts small blind $1
TinaTurner72: is sitting out
MCSCLA: posts big blind $3
*** HOLE CARDS ***
Zubasa07: raises $3 to $6
TinaTurner72 leaves the table
MCSCLA: calls $3
*** FLOP *** [Qd 9s Ad]
MCSCLA: checks
Zubasa07: bets $3
MCSCLA: folds
Uncalled bet ($3) returned to Zubasa07
Zubasa07 collected $11.76 from pot
Zubasa07: doesn't show hand
*** SUMMARY ***
Total pot $12 | Rake $0.24
Board [Qd 9s Ad]
Seat 1: MCSCLA (big blind) folded on the Flop
Seat 2: Zubasa07 (button) (small blind) collected ($11.76)


PokerStars Hand #158789072399:  Hold'em Limit ($3/$6 USD) - 2016/09/18 18:22:04 ET
Table 'Tyumenia' 10-max Seat #1 is the button
Seat 1: MCSCLA ($113.38 in chips)
Seat 2: Zubasa07 ($520.83 in chips)
MCSCLA: posts small blind $1
Zubasa07: posts big blind $3
*** HOLE CARDS ***
MCSCLA: raises $3 to $6
Zubasa07: raises $3 to $9
MCSCLA: calls $3
*** FLOP *** [5h 3s 9c]
Zubasa07: bets $3
MCSCLA: calls $3
*** TURN *** [5h 3s 9c] [9h]
Zubasa07: bets $6
MCSCLA: folds
Uncalled bet ($6) returned to Zubasa07
Zubasa07 collected $23.52 from pot
Zubasa07: doesn't show hand
*** SUMMARY ***
Total pot $24 | Rake $0.48
Board [5h 3s 9c 9h]
Seat 1: MCSCLA (button) (small blind) folded on the Turn
Seat 2: Zubasa07 (big blind) collected ($23.52)


PokerStars Hand #158789087715:  Hold'em Limit ($3/$6 USD) - 2016/09/18 18:22:25 ET
Table 'Tyumenia' 10-max Seat #2 is the button
Seat 1: MCSCLA ($101.38 in chips)
Seat 2: Zubasa07 ($532.35 in chips)
Zubasa07: posts small blind $1
MCSCLA: posts big blind $3
*** HOLE CARDS ***
Zubasa07: raises $3 to $6
MCSCLA: calls $3
*** FLOP *** [9d 4c 7s]
MCSCLA: checks
Zubasa07: bets $3
MCSCLA: calls $3
*** TURN *** [9d 4c 7s] [Qd]
MCSCLA: checks
Zubasa07: checks
*** RIVER *** [9d 4c 7s Qd] [7d]
MCSCLA: bets $6
Zubasa07: calls $6
*** SHOW DOWN ***
MCSCLA: shows [Tc 9s] (two pair, Nines and Sevens)
Zubasa07: mucks hand
MCSCLA collected $29.50 from pot
*** SUMMARY ***
Total pot $30 | Rake $0.50
Board [9d 4c 7s Qd 7d]
Seat 1: MCSCLA (big blind) showed [Tc 9s] and won ($29.50) with two pair, Nines and Sevens
Seat 2: Zubasa07 (button) (small blind) mucked


PokerStars Hand #158789065898:  Hold'em Limit ($3/$6 USD) - 2016/09/18 18:21:55 ET
Table 'Tyumenia' 10-max Seat #2 is the button
Seat 1: MCSCLA ($112.38 in chips)
Seat 2: Zubasa07 ($521.83 in chips)
Zubasa07: posts small blind $1
MCSCLA: posts big blind $3
*** HOLE CARDS ***
Zubasa07: folds
Uncalled bet ($2) returned to MCSCLA
MCSCLA collected $2 from pot
MCSCLA: doesn't show hand
*** SUMMARY ***
Total pot $2 | Rake $0
Seat 1: MCSCLA (big blind) collected ($2)
Seat 2: Zubasa07 (button) (small blind) folded before Flop


PokerStars Hand #158789117378:  Hold'em Limit ($3/$6 USD) - 2016/09/18 18:23:06 ET
Table 'Tyumenia' 10-max Seat #2 is the button
Seat 1: MCSCLA ($118.88 in chips)
Seat 2: Zubasa07 ($514.35 in chips)
Zubasa07: posts small blind $1
MCSCLA: posts big blind $3
*** HOLE CARDS ***
Zubasa07: raises $3 to $6
MCSCLA: calls $3
*** FLOP *** [Qc 2h 7h]
MCSCLA: checks
Zubasa07: bets $3
MCSCLA: raises $3 to $6
Zubasa07: calls $3
*** TURN *** [Qc 2h 7h] [Qs]
MCSCLA: checks
Zubasa07: checks
*** RIVER *** [Qc 2h 7h Qs] [9s]
MCSCLA: bets $6
Zubasa07: calls $6
*** SHOW DOWN ***
MCSCLA: shows [Qd 5s] (three of a kind, Queens)
Zubasa07: mucks hand
MCSCLA collected $35.50 from pot
*** SUMMARY ***
Total pot $36 | Rake $0.50
Board [Qc 2h 7h Qs 9s]
Seat 1: MCSCLA (big blind) showed [Qd 5s] and won ($35.50) with three of a kind, Queens
Seat 2: Zubasa07 (button) (small blind) mucked


PokerStars Hand #158789110088:  Hold'em Limit ($3/$6 USD) - 2016/09/18 18:22:56 ET
Table 'Tyumenia' 10-max Seat #1 is the button
Seat 1: MCSCLA ($115.88 in chips)
Seat 2: Zubasa07 ($517.35 in chips)
MCSCLA: posts small blind $1
Zubasa07: posts big blind $3
*** HOLE CARDS ***
MCSCLA: raises $3 to $6
Zubasa07: folds
Uncalled bet ($3) returned to MCSCLA
MCSCLA collected $6 from pot
MCSCLA: doesn't show hand
*** SUMMARY ***
Total pot $6 | Rake $0
Seat 1: MCSCLA (button) (small blind) collected ($6)
Seat 2: Zubasa07 (big blind) folded before Flop


PokerStars Hand #158789169698:  Hold'em Limit ($3/$6 USD) - 2016/09/18 18:24:18 ET
Table 'Tyumenia' 10-max Seat #2 is the button
Seat 1: MCSCLA ($124.38 in chips)
Seat 2: Zubasa07 ($507.87 in chips)
Zubasa07: posts small blind $1
MCSCLA: posts big blind $3
*** HOLE CARDS ***
Zubasa07: raises $3 to $6
MCSCLA: calls $3
*** FLOP *** [7h 5s 4h]
MCSCLA: checks
Zubasa07: bets $3
MCSCLA: raises $3 to $6
Zubasa07: calls $3
*** TURN *** [7h 5s 4h] [8c]
MCSCLA: bets $6
Zubasa07: folds
Uncalled bet ($6) returned to MCSCLA
MCSCLA collected $23.52 from pot
MCSCLA: doesn't show hand
*** SUMMARY ***
Total pot $24 | Rake $0.48
Board [7h 5s 4h 8c]
Seat 1: MCSCLA (big blind) collected ($23.52)
Seat 2: Zubasa07 (button) (small blind) folded on the Turn


PokerStars Hand #158789144093:  Hold'em Limit ($3/$6 USD) - 2016/09/18 18:23:43 ET
Table 'Tyumenia' 10-max Seat #1 is the button
Seat 1: MCSCLA ($136.38 in chips)
Seat 2: Zubasa07 ($496.35 in chips)
MCSCLA: posts small blind $1
Zubasa07: posts big blind $3
*** HOLE CARDS ***
MCSCLA: raises $3 to $6
Zubasa07: raises $3 to $9
MCSCLA: calls $3
*** FLOP *** [4c 2d 2c]
Zubasa07: bets $3
MCSCLA: calls $3
*** TURN *** [4c 2d 2c] [7d]
Zubasa07: bets $6
MCSCLA: folds
Uncalled bet ($6) returned to Zubasa07
Zubasa07 collected $23.52 from pot
Zubasa07: doesn't show hand
*** SUMMARY ***
Total pot $24 | Rake $0.48
Board [4c 2d 2c 7d]
Seat 1: MCSCLA (button) (small blind) folded on the Turn
Seat 2: Zubasa07 (big blind) collected ($23.52)


PokerStars Hand #158789198205:  Hold'em Limit ($3/$6 USD) - 2016/09/18 18:24:58 ET
Table 'Tyumenia' 10-max Seat #2 is the button
Seat 1: MCSCLA ($141.66 in chips)
Seat 2: Zubasa07 ($489.87 in chips)
Zubasa07: posts small blind $1
MCSCLA: posts big blind $3
*** HOLE CARDS ***
Zubasa07: folds
Uncalled bet ($2) returned to MCSCLA
MCSCLA collected $2 from pot
MCSCLA: doesn't show hand
*** SUMMARY ***
Total pot $2 | Rake $0
Seat 1: MCSCLA (big blind) collected ($2)
Seat 2: Zubasa07 (button) (small blind) folded before Flop


PokerStars Hand #158789254838:  Hold'em Limit ($3/$6 USD) - 2016/09/18 18:26:16 ET
Table 'Tyumenia' 10-max Seat #2 is the button
Seat 1: MCSCLA ($148.16 in chips)
Seat 2: Zubasa07 ($482.39 in chips)
Zubasa07: posts small blind $1
MCSCLA: posts big blind $3
*** HOLE CARDS ***
Zubasa07: raises $3 to $6
MCSCLA: calls $3
*** FLOP *** [4s Td Jh]
MCSCLA: checks
Zubasa07: checks
*** TURN *** [4s Td Jh] [6s]
MCSCLA: checks
Zubasa07: checks
*** RIVER *** [4s Td Jh 6s] [6h]
MCSCLA: checks
Zubasa07: checks
*** SHOW DOWN ***
MCSCLA: shows [Kd 7c] (a pair of Sixes)
Zubasa07: shows [Kh 9c] (a pair of Sixes)
MCSCLA collected $5.88 from pot
Zubasa07 collected $5.88 from pot
*** SUMMARY ***
Total pot $12 | Rake $0.24
Board [4s Td Jh 6s 6h]
Seat 1: MCSCLA (big blind) showed [Kd 7c] and won ($5.88) with a pair of Sixes
Seat 2: Zubasa07 (button) (small blind) showed [Kh 9c] and won ($5.88) with a pair of Sixes


PokerStars Hand #158789237338:  Hold'em Limit ($3/$6 USD) - 2016/09/18 18:25:52 ET
Table 'Tyumenia' 10-max Seat #1 is the button
Seat 1: MCSCLA ($154.16 in chips)
Seat 2: Zubasa07 ($476.63 in chips)
MCSCLA: posts small blind $1
Zubasa07: posts big blind $3
*** HOLE CARDS ***
MCSCLA: raises $3 to $6
Zubasa07: calls $3
*** FLOP *** [2h 5s 2d]
Zubasa07: checks
MCSCLA: checks
*** TURN *** [2h 5s 2d] [8s]
Zubasa07: bets $6
MCSCLA: folds
Uncalled bet ($6) returned to Zubasa07
Zubasa07 collected $11.76 from pot
Zubasa07: doesn't show hand
*** SUMMARY ***
Total pot $12 | Rake $0.24
Board [2h 5s 2d 8s]
Seat 1: MCSCLA (button) (small blind) folded on the Turn
Seat 2: Zubasa07 (big blind) collected ($11.76)


PokerStars Hand #158789279323:  Hold'em Limit ($3/$6 USD) - 2016/09/18 18:26:51 ET
Table 'Tyumenia' 10-max Seat #1 is the button
Seat 1: MCSCLA ($148.04 in chips)
Seat 2: Zubasa07 ($482.27 in chips)
MCSCLA: posts small blind $1
Zubasa07: posts big blind $3
*** HOLE CARDS ***
MCSCLA: raises $3 to $6
Zubasa07: calls $3
*** FLOP *** [7d 2s Jh]
Zubasa07: checks
MCSCLA: checks
*** TURN *** [7d 2s Jh] [Tc]
Zubasa07: bets $6
MCSCLA: folds
Uncalled bet ($6) returned to Zubasa07
Zubasa07 collected $11.76 from pot
Zubasa07: doesn't show hand
*** SUMMARY ***
Total pot $12 | Rake $0.24
Board [7d 2s Jh Tc]
Seat 1: MCSCLA (button) (small blind) folded on the Turn
Seat 2: Zubasa07 (big blind) collected ($11.76)


PokerStars Hand #158789331701:  Hold'em Limit ($3/$6 USD) - 2016/09/18 18:28:03 ET
Table 'Tyumenia' 10-max Seat #1 is the button
Seat 1: MCSCLA ($130.04 in chips)
Seat 2: Zubasa07 ($499.55 in chips)
MCSCLA: posts small blind $1
Zubasa07: posts big blind $3
*** HOLE CARDS ***
MCSCLA: calls $2
Zubasa07: checks
*** FLOP *** [Qs 6s 5s]
Zubasa07: bets $3
MCSCLA: folds
Uncalled bet ($3) returned to Zubasa07
Zubasa07 collected $5.88 from pot
Zubasa07: doesn't show hand
*** SUMMARY ***
Total pot $6 | Rake $0.12
Board [Qs 6s 5s]
Seat 1: MCSCLA (button) (small blind) folded on the Flop
Seat 2: Zubasa07 (big blind) collected ($5.88)


PokerStars Hand #158789346854:  Hold'em Limit ($3/$6 USD) - 2016/09/18 18:28:24 ET
Table 'Tyumenia' 10-max Seat #2 is the button
Seat 1: MCSCLA ($127.04 in chips)
Seat 2: Zubasa07 ($502.43 in chips)
Zubasa07: posts small blind $1
MCSCLA: posts big blind $3
*** HOLE CARDS ***
Zubasa07: raises $3 to $6
MCSCLA: folds
Uncalled bet ($3) returned to Zubasa07
Zubasa07 collected $6 from pot
Zubasa07: doesn't show hand
*** SUMMARY ***
Total pot $6 | Rake $0
Seat 1: MCSCLA (big blind) folded before Flop
Seat 2: Zubasa07 (button) (small blind) collected ($6)


PokerStars Hand #158789354730:  Hold'em Limit ($3/$6 USD) - 2016/09/18 18:28:35 ET
Table 'Tyumenia' 10-max Seat #1 is the button
Seat 1: MCSCLA ($124.04 in chips)
Seat 2: Zubasa07 ($505.43 in chips)
MCSCLA: posts small blind $1
Zubasa07: posts big blind $3
*** HOLE CARDS ***
MCSCLA: folds
Uncalled bet ($2) returned to Zubasa07
Zubasa07 collected $2 from pot
Zubasa07: doesn't show hand
*** SUMMARY ***
Total pot $2 | Rake $0
Seat 1: MCSCLA (button) (small blind) folded before Flop
Seat 2: Zubasa07 (big blind) collected ($2)


PokerStars Hand #158789303060:  Hold'em Limit ($3/$6 USD) - 2016/09/18 18:27:22 ET
Table 'Tyumenia' 10-max Seat #2 is the button
Seat 1: MCSCLA ($142.04 in chips)
Seat 2: Zubasa07 ($488.03 in chips)
Zubasa07: posts small blind $1
MCSCLA: posts big blind $3
*** HOLE CARDS ***
Zubasa07: raises $3 to $6
MCSCLA: calls $3
*** FLOP *** [3d 5d Kd]
MCSCLA: bets $3
Zubasa07: raises $3 to $6
MCSCLA: calls $3
*** TURN *** [3d 5d Kd] [9s]
MCSCLA: checks
Zubasa07: bets $6
MCSCLA: folds
Uncalled bet ($6) returned to Zubasa07
Zubasa07 collected $23.52 from pot
Zubasa07: doesn't show hand
*** SUMMARY ***
Total pot $24 | Rake $0.48
Board [3d 5d Kd 9s]
Seat 1: MCSCLA (big blind) folded on the Turn
Seat 2: Zubasa07 (button) (small blind) collected ($23.52)


PokerStars Hand #158789382104:  Hold'em Limit ($3/$6 USD) - 2016/09/18 18:29:14 ET
Table 'Tyumenia' 10-max Seat #1 is the button
Seat 1: MCSCLA ($99.04 in chips)
Seat 2: Zubasa07 ($529.93 in chips)
MCSCLA: posts small blind $1
Zubasa07: posts big blind $3
*** HOLE CARDS ***
MCSCLA: folds
Uncalled bet ($2) returned to Zubasa07
Zubasa07 collected $2 from pot
Zubasa07: doesn't show hand
*** SUMMARY ***
Total pot $2 | Rake $0
Seat 1: MCSCLA (button) (small blind) folded before Flop
Seat 2: Zubasa07 (big blind) collected ($2)


PokerStars Hand #158789358368:  Hold'em Limit ($3/$6 USD) - 2016/09/18 18:28:41 ET
Table 'Tyumenia' 10-max Seat #2 is the button
Seat 1: MCSCLA ($123.04 in chips)
Seat 2: Zubasa07 ($506.43 in chips)
Zubasa07: posts small blind $1
MCSCLA: posts big blind $3
*** HOLE CARDS ***
Zubasa07: raises $3 to $6
MCSCLA: calls $3
*** FLOP *** [9s 3d 5s]
MCSCLA: checks
Zubasa07: checks
*** TURN *** [9s 3d 5s] [Ts]
MCSCLA: bets $6
Zubasa07: calls $6
*** RIVER *** [9s 3d 5s Ts] [2d]
MCSCLA: bets $6
Zubasa07: raises $6 to $12
MCSCLA: calls $6
*** SHOW DOWN ***
Zubasa07: shows [Ac 4d] (a straight, Ace to Five)
MCSCLA: mucks hand
Zubasa07 collected $47.50 from pot
*** SUMMARY ***
Total pot $48 | Rake $0.50
Board [9s 3d 5s Ts 2d]
Seat 1: MCSCLA (big blind) mucked
Seat 2: Zubasa07 (button) (small blind) showed [Ac 4d] and won ($47.50) with a straight, Ace to Five


PokerStars Hand #158789385759:  Hold'em Limit ($3/$6 USD) - 2016/09/18 18:29:19 ET
Table 'Tyumenia' 10-max Seat #2 is the button
Seat 1: MCSCLA ($98.04 in chips)
Seat 2: Zubasa07 ($530.93 in chips)
Zubasa07: posts small blind $1
MCSCLA: posts big blind $3
*** HOLE CARDS ***
Zubasa07: raises $3 to $6
MCSCLA: calls $3
*** FLOP *** [7d Jc 5s]
MCSCLA: checks
Zubasa07: bets $3
MCSCLA: calls $3
*** TURN *** [7d Jc 5s] [8d]
MCSCLA: checks
Zubasa07: bets $6
MCSCLA: raises $6 to $12
Zubasa07: calls $6
*** RIVER *** [7d Jc 5s 8d] [Ac]
MCSCLA: checks
Zubasa07: bets $6
MCSCLA: calls $6
*** SHOW DOWN ***
Zubasa07: shows [Js 5d] (two pair, Jacks and Fives)
MCSCLA: mucks hand
Zubasa07 collected $53.50 from pot
*** SUMMARY ***
Total pot $54 | Rake $0.50
Board [7d Jc 5s 8d Ac]
Seat 1: MCSCLA (big blind) mucked
Seat 2: Zubasa07 (button) (small blind) showed [Js 5d] and won ($53.50) with two pair, Jacks and Fives


PokerStars Hand #158789420280:  Hold'em Limit ($3/$6 USD) - 2016/09/18 18:30:08 ET
Table 'Tyumenia' 10-max Seat #1 is the button
Seat 1: MCSCLA ($71.04 in chips)
Seat 2: Zubasa07 ($557.43 in chips)
MCSCLA: posts small blind $1
Zubasa07: posts big blind $3
*** HOLE CARDS ***
MCSCLA: calls $2
Zubasa07: raises $3 to $6
MCSCLA: calls $3
*** FLOP *** [3s 5s Ah]
Zubasa07: bets $3
MCSCLA: calls $3
*** TURN *** [3s 5s Ah] [4s]
Zubasa07: checks
MCSCLA: bets $6
Zubasa07: folds
Uncalled bet ($6) returned to MCSCLA
MCSCLA collected $17.64 from pot
MCSCLA: doesn't show hand
*** SUMMARY ***
Total pot $18 | Rake $0.36
Board [3s 5s Ah 4s]
Seat 1: MCSCLA (button) (small blind) collected ($17.64)
Seat 2: Zubasa07 (big blind) folded on the Turn


PokerStars Hand #158789450275:  Hold'em Limit ($3/$6 USD) - 2016/09/18 18:30:51 ET
Table 'Tyumenia' 10-max Seat #2 is the button
Seat 1: MCSCLA ($79.68 in chips)
Seat 2: Zubasa07 ($548.43 in chips)
Zubasa07: posts small blind $1
MCSCLA: posts big blind $3
*** HOLE CARDS ***
Zubasa07: raises $3 to $6
MCSCLA: calls $3
*** FLOP *** [8d Kh 2c]
MCSCLA: checks
Zubasa07: bets $3
MCSCLA: calls $3
*** TURN *** [8d Kh 2c] [Kc]
MCSCLA: checks
Zubasa07: bets $6
MCSCLA: raises $6 to $12
Zubasa07: folds
Uncalled bet ($6) returned to MCSCLA
MCSCLA collected $29.50 from pot
MCSCLA: doesn't show hand
*** SUMMARY ***
Total pot $30 | Rake $0.50
Board [8d Kh 2c Kc]
Seat 1: MCSCLA (big blind) collected ($29.50)
Seat 2: Zubasa07 (button) (small blind) folded on the Turn


PokerStars Hand #158789525061:  Hold'em Limit ($3/$6 USD) - 2016/09/18 18:32:23 ET
Table 'Tyumenia' 10-max Seat #1 is the button
Seat 1: MCSCLA ($68.18 in chips)
Seat 2: Zubasa07 ($558.93 in chips)
MCSCLA: posts small blind $1
Zubasa07: posts big blind $3
*** HOLE CARDS ***
MCSCLA: folds
Uncalled bet ($2) returned to Zubasa07
Zubasa07 collected $2 from pot
Zubasa07: doesn't show hand
*** SUMMARY ***
Total pot $2 | Rake $0
Seat 1: MCSCLA (button) (small blind) folded before Flop
Seat 2: Zubasa07 (big blind) collected ($2)


PokerStars Hand #158789519205:  Hold'em Limit ($3/$6 USD) - 2016/09/18 18:32:15 ET
Table 'Tyumenia' 10-max Seat #2 is the button
Seat 1: MCSCLA ($67.18 in chips)
Seat 2: Zubasa07 ($559.93 in chips)
Zubasa07: posts small blind $1
MCSCLA: posts big blind $3
*** HOLE CARDS ***
Zubasa07: folds
Uncalled bet ($2) returned to MCSCLA
MCSCLA collected $2 from pot
MCSCLA: doesn't show hand
*** SUMMARY ***
Total pot $2 | Rake $0
Seat 1: MCSCLA (big blind) collected ($2)
Seat 2: Zubasa07 (button) (small blind) folded before Flop


PokerStars Hand #158789475346:  Hold'em Limit ($3/$6 USD) - 2016/09/18 18:31:26 ET
Table 'Tyumenia' 10-max Seat #1 is the button
Seat 1: MCSCLA ($94.18 in chips)
Seat 2: Zubasa07 ($533.43 in chips)
MCSCLA: posts small blind $1
Zubasa07: posts big blind $3
*** HOLE CARDS ***
MCSCLA: calls $2
Zubasa07: raises $3 to $6
MCSCLA: calls $3
*** FLOP *** [4h Ks 5d]
Zubasa07: bets $3
MCSCLA: calls $3
*** TURN *** [4h Ks 5d] [8h]
Zubasa07: bets $6
MCSCLA: raises $6 to $12
Zubasa07: raises $6 to $18
MCSCLA: calls $6
*** RIVER *** [4h Ks 5d 8h] [3d]
Zubasa07: bets $6
MCSCLA: folds
Uncalled bet ($6) returned to Zubasa07
Zubasa07 collected $53.50 from pot
Zubasa07: doesn't show hand
*** SUMMARY ***
Total pot $54 | Rake $0.50
Board [4h Ks 5d 8h 3d]
Seat 1: MCSCLA (button) (small blind) folded on the River
Seat 2: Zubasa07 (big blind) collected ($53.50)


PokerStars Hand #158789529047:  Hold'em Limit ($3/$6 USD) - 2016/09/18 18:32:29 ET
Table 'Tyumenia' 10-max Seat #2 is the button
Seat 1: MCSCLA ($67.18 in chips)
Seat 2: Zubasa07 ($559.93 in chips)
Zubasa07: posts small blind $1
MCSCLA: posts big blind $3
*** HOLE CARDS ***
Zubasa07: raises $3 to $6
MCSCLA: calls $3
*** FLOP *** [9c 5c 3s]
MCSCLA: checks
Zubasa07: bets $3
MCSCLA: calls $3
*** TURN *** [9c 5c 3s] [6h]
MCSCLA: bets $6
Zubasa07: calls $6
*** RIVER *** [9c 5c 3s 6h] [4d]
MCSCLA: checks
Zubasa07: bets $6
MCSCLA: calls $6
*** SHOW DOWN ***
Zubasa07: shows [7s 7d] (a straight, Three to Seven)
MCSCLA: mucks hand
Zubasa07 collected $41.50 from pot
*** SUMMARY ***
Total pot $42 | Rake $0.50
Board [9c 5c 3s 6h 4d]
Seat 1: MCSCLA (big blind) mucked
Seat 2: Zubasa07 (button) (small blind) showed [7s 7d] and won ($41.50) with a straight, Three to Seven


PokerStars Hand #158789561455:  Hold'em Limit ($3/$6 USD) - 2016/09/18 18:33:13 ET
Table 'Tyumenia' 10-max Seat #1 is the button
Seat 1: MCSCLA ($46.18 in chips)
Seat 2: Zubasa07 ($580.43 in chips)
MCSCLA: posts small blind $1
Zubasa07: posts big blind $3
*** HOLE CARDS ***
MCSCLA: calls $2
Zubasa07: checks
*** FLOP *** [5d Jc As]
Zubasa07: bets $3
MCSCLA: calls $3
*** TURN *** [5d Jc As] [9d]
Zubasa07: checks
MCSCLA: bets $6
Zubasa07: calls $6
*** RIVER *** [5d Jc As 9d] [9h]
Zubasa07: checks
MCSCLA: bets $6
Zubasa07: calls $6
*** SHOW DOWN ***
MCSCLA: shows [Ah Jd] (two pair, Aces and Jacks)
Zubasa07: mucks hand
MCSCLA collected $35.50 from pot
*** SUMMARY ***
Total pot $36 | Rake $0.50
Board [5d Jc As 9d 9h]
Seat 1: MCSCLA (button) (small blind) showed [Ah Jd] and won ($35.50) with two pair, Aces and Jacks
Seat 2: Zubasa07 (big blind) mucked


PokerStars Hand #158789600771:  Hold'em Limit ($3/$6 USD) - 2016/09/18 18:34:07 ET
Table 'Tyumenia' 10-max Seat #2 is the button
Seat 1: MCSCLA ($63.68 in chips)
Seat 2: Zubasa07 ($562.43 in chips)
Zubasa07: posts small blind $1
MCSCLA: posts big blind $3
*** HOLE CARDS ***
Zubasa07: raises $3 to $6
MCSCLA: raises $3 to $9
Zubasa07: calls $3
*** FLOP *** [5d Td Jc]
MCSCLA: bets $3
Zubasa07: calls $3
*** TURN *** [5d Td Jc] [3d]
MCSCLA: checks
Zubasa07: checks
*** RIVER *** [5d Td Jc 3d] [Ks]
MCSCLA: checks
Zubasa07: checks
*** SHOW DOWN ***
MCSCLA: shows [Ad 7c] (high card Ace)
Zubasa07: shows [5s 8s] (a pair of Fives)
Zubasa07 collected $23.52 from pot
*** SUMMARY ***
Total pot $24 | Rake $0.48
Board [5d Td Jc 3d Ks]
Seat 1: MCSCLA (big blind) showed [Ad 7c] and lost with high card Ace
Seat 2: Zubasa07 (button) (small blind) showed [5s 8s] and won ($23.52) with a pair of Fives


PokerStars Hand #158789688946:  Hold'em Limit ($3/$6 USD) - 2016/09/18 18:36:10 ET
Table 'Tyumenia' 10-max Seat #2 is the button
Seat 1: MCSCLA ($33.68 in chips)
Seat 2: Zubasa07 ($591.45 in chips)
Zubasa07: posts small blind $1
MCSCLA: posts big blind $3
*** HOLE CARDS ***
Zubasa07: raises $3 to $6
MCSCLA: raises $3 to $9
Zubasa07: calls $3
*** FLOP *** [Ac 9s 9c]
MCSCLA: bets $3
Zubasa07: folds
Uncalled bet ($3) returned to MCSCLA
MCSCLA collected $17.64 from pot
MCSCLA: doesn't show hand
*** SUMMARY ***
Total pot $18 | Rake $0.36
Board [Ac 9s 9c]
Seat 1: MCSCLA (big blind) collected ($17.64)
Seat 2: Zubasa07 (button) (small blind) folded on the Flop


PokerStars Hand #158789644311:  Hold'em Limit ($3/$6 USD) - 2016/09/18 18:35:08 ET
Table 'Tyumenia' 10-max Seat #1 is the button
Seat 1: MCSCLA ($51.68 in chips)
Seat 2: Zubasa07 ($573.95 in chips)
MCSCLA: posts small blind $1
Zubasa07: posts big blind $3
*** HOLE CARDS ***
MCSCLA: raises $3 to $6
Zubasa07: calls $3
*** FLOP *** [9d 2h 4c]
Zubasa07: checks
MCSCLA: checks
*** TURN *** [9d 2h 4c] [Ad]
Zubasa07: checks
MCSCLA: bets $6
Zubasa07: calls $6
*** RIVER *** [9d 2h 4c Ad] [Qd]
Zubasa07: checks
MCSCLA: bets $6
Zubasa07: calls $6
*** SHOW DOWN ***
MCSCLA: shows [8d Ts] (high card Ace)
Zubasa07: shows [2c Js] (a pair of Deuces)
Zubasa07 collected $35.50 from pot
*** SUMMARY ***
Total pot $36 | Rake $0.50
Board [9d 2h 4c Ad Qd]
Seat 1: MCSCLA (button) (small blind) showed [8d Ts] and lost with high card Ace
Seat 2: Zubasa07 (big blind) showed [2c Js] and won ($35.50) with a pair of Deuces


PokerStars Hand #158789727470:  Hold'em Limit ($3/$6 USD) - 2016/09/18 18:37:04 ET
Table 'Tyumenia' 10-max Seat #2 is the button
Seat 1: MCSCLA ($50.96 in chips)
Seat 2: Zubasa07 ($573.45 in chips)
Zubasa07: posts small blind $1
MCSCLA: posts big blind $3
*** HOLE CARDS ***
Zubasa07: raises $3 to $6
MCSCLA: calls $3
*** FLOP *** [7d 3h 3s]
MCSCLA: bets $3
Zubasa07: calls $3
*** TURN *** [7d 3h 3s] [9h]
MCSCLA: bets $6
Zubasa07: folds
Uncalled bet ($6) returned to MCSCLA
MCSCLA collected $17.64 from pot
MCSCLA: doesn't show hand
*** SUMMARY ***
Total pot $18 | Rake $0.36
Board [7d 3h 3s 9h]
Seat 1: MCSCLA (big blind) collected ($17.64)
Seat 2: Zubasa07 (button) (small blind) folded on the Turn


PokerStars Hand #158789703752:  Hold'em Limit ($3/$6 USD) - 2016/09/18 18:36:31 ET
Table 'Tyumenia' 10-max Seat #1 is the button
Seat 1: MCSCLA ($42.32 in chips)
Seat 2: Zubasa07 ($582.45 in chips)
MCSCLA: posts small blind $1
Zubasa07: posts big blind $3
*** HOLE CARDS ***
MCSCLA: raises $3 to $6
Zubasa07: calls $3
*** FLOP *** [7c 4d 5s]
Zubasa07: checks
MCSCLA: bets $3
Zubasa07: calls $3
*** TURN *** [7c 4d 5s] [8c]
Zubasa07: checks
MCSCLA: bets $6
Zubasa07: folds
Uncalled bet ($6) returned to MCSCLA
MCSCLA collected $17.64 from pot
MCSCLA: doesn't show hand
*** SUMMARY ***
Total pot $18 | Rake $0.36
Board [7c 4d 5s 8c]
Seat 1: MCSCLA (button) (small blind) collected ($17.64)
Seat 2: Zubasa07 (big blind) folded on the Turn


PokerStars Hand #158789767400:  Hold'em Limit ($3/$6 USD) - 2016/09/18 18:38:00 ET
Table 'Tyumenia' 10-max Seat #2 is the button
Seat 1: MCSCLA ($65.36 in chips)
Seat 2: Zubasa07 ($558.45 in chips)
Zubasa07: posts small blind $1
MCSCLA: posts big blind $3
*** HOLE CARDS ***
Zubasa07: raises $3 to $6
MCSCLA: calls $3
*** FLOP *** [3h 3d Kd]
MCSCLA: checks
Zubasa07: bets $3
MCSCLA: folds
Uncalled bet ($3) returned to Zubasa07
Zubasa07 collected $11.76 from pot
Zubasa07: doesn't show hand
*** SUMMARY ***
Total pot $12 | Rake $0.24
Board [3h 3d Kd]
Seat 1: MCSCLA (big blind) folded on the Flop
Seat 2: Zubasa07 (button) (small blind) collected ($11.76)


PokerStars Hand #158789782830:  Hold'em Limit ($3/$6 USD) - 2016/09/18 18:38:21 ET
Table 'Tyumenia' 10-max Seat #1 is the button
Seat 1: MCSCLA ($59.36 in chips)
Seat 2: Zubasa07 ($564.21 in chips)
MCSCLA: posts small blind $1
Zubasa07: posts big blind $3
*** HOLE CARDS ***
MCSCLA: raises $3 to $6
Zubasa07: raises $3 to $9
MCSCLA: calls $3
*** FLOP *** [8c Qd 7d]
Zubasa07: bets $3
MCSCLA: folds
Uncalled bet ($3) returned to Zubasa07
Zubasa07 collected $17.64 from pot
Zubasa07: doesn't show hand
*** SUMMARY ***
Total pot $18 | Rake $0.36
Board [8c Qd 7d]
Seat 1: MCSCLA (button) (small blind) folded on the Flop
Seat 2: Zubasa07 (big blind) collected ($17.64)


PokerStars Hand #158789819384:  Hold'em Limit ($3/$6 USD) - 2016/09/18 18:39:14 ET
Table 'Tyumenia' 10-max Seat #1 is the button
Seat 1: MCSCLA ($44.36 in chips)
Seat 2: Zubasa07 ($578.61 in chips)
MCSCLA: posts small blind $1
Zubasa07: posts big blind $3
*** HOLE CARDS ***
MCSCLA: raises $3 to $6
Zubasa07: calls $3
*** FLOP *** [Kc Qc 5h]
Zubasa07: checks
MCSCLA: bets $3
Zubasa07: folds
Uncalled bet ($3) returned to MCSCLA
MCSCLA collected $11.76 from pot
MCSCLA: doesn't show hand
*** SUMMARY ***
Total pot $12 | Rake $0.24
Board [Kc Qc 5h]
Seat 1: MCSCLA (button) (small blind) collected ($11.76)
Seat 2: Zubasa07 (big blind) folded on the Flop


PokerStars Hand #158789805709:  Hold'em Limit ($3/$6 USD) - 2016/09/18 18:38:54 ET
Table 'Tyumenia' 10-max Seat #2 is the button
Seat 1: MCSCLA ($50.36 in chips)
Seat 2: Zubasa07 ($572.85 in chips)
Zubasa07: posts small blind $1
MCSCLA: posts big blind $3
*** HOLE CARDS ***
Zubasa07: raises $3 to $6
MCSCLA: calls $3
*** FLOP *** [Js 2h 3c]
MCSCLA: checks
Zubasa07: bets $3
MCSCLA: folds
Uncalled bet ($3) returned to Zubasa07
Zubasa07 collected $11.76 from pot
Zubasa07: doesn't show hand
*** SUMMARY ***
Total pot $12 | Rake $0.24
Board [Js 2h 3c]
Seat 1: MCSCLA (big blind) folded on the Flop
Seat 2: Zubasa07 (button) (small blind) collected ($11.76)


PokerStars Hand #158789830891:  Hold'em Limit ($3/$6 USD) - 2016/09/18 18:39:30 ET
Table 'Tyumenia' 10-max Seat #2 is the button
Seat 1: MCSCLA ($50.12 in chips)
Seat 2: Zubasa07 ($572.61 in chips)
Zubasa07: posts small blind $1
MCSCLA: posts big blind $3
*** HOLE CARDS ***
Zubasa07: raises $3 to $6
MCSCLA: calls $3
*** FLOP *** [9d 6s Kh]
MCSCLA: checks
Zubasa07: bets $3
MCSCLA: calls $3
*** TURN *** [9d 6s Kh] [Qs]
MCSCLA: checks
Zubasa07: bets $6
MCSCLA: calls $6
*** RIVER *** [9d 6s Kh Qs] [3s]
MCSCLA: checks
Zubasa07: bets $6
MCSCLA: calls $6
*** SHOW DOWN ***
Zubasa07: shows [6h 9s] (two pair, Nines and Sixes)
MCSCLA: mucks hand
Zubasa07 collected $41.50 from pot
*** SUMMARY ***
Total pot $42 | Rake $0.50
Board [9d 6s Kh Qs 3s]
Seat 1: MCSCLA (big blind) mucked
Seat 2: Zubasa07 (button) (small blind) showed [6h 9s] and won ($41.50) with two pair, Nines and Sixes


PokerStars Hand #158789858633:  Hold'em Limit ($3/$6 USD) - 2016/09/18 18:40:10 ET
Table 'Tyumenia' 10-max Seat #1 is the button
Seat 1: MCSCLA ($29.12 in chips)
Seat 2: Zubasa07 ($593.11 in chips)
MCSCLA: posts small blind $1
Zubasa07: posts big blind $3
*** HOLE CARDS ***
MCSCLA: folds
Uncalled bet ($2) returned to Zubasa07
Zubasa07 collected $2 from pot
Zubasa07: doesn't show hand
*** SUMMARY ***
Total pot $2 | Rake $0
Seat 1: MCSCLA (button) (small blind) folded before Flop
Seat 2: Zubasa07 (big blind) collected ($2)


PokerStars Hand #158789862118:  Hold'em Limit ($3/$6 USD) - 2016/09/18 18:40:15 ET
Table 'Tyumenia' 10-max Seat #2 is the button
Seat 1: MCSCLA ($28.12 in chips)
Seat 2: Zubasa07 ($594.11 in chips)
Zubasa07: posts small blind $1
MCSCLA: posts big blind $3
*** HOLE CARDS ***
Zubasa07: raises $3 to $6
MCSCLA: calls $3
*** FLOP *** [Qd Tc Jd]
MCSCLA: checks
Zubasa07: bets $3
MCSCLA: calls $3
*** TURN *** [Qd Tc Jd] [Qc]
MCSCLA: bets $6
Zubasa07: calls $6
*** RIVER *** [Qd Tc Jd Qc] [8h]
MCSCLA: checks
Zubasa07: checks
*** SHOW DOWN ***
MCSCLA: shows [6c 8c] (two pair, Queens and Eights)
Zubasa07: mucks hand
MCSCLA collected $29.50 from pot
*** SUMMARY ***
Total pot $30 | Rake $0.50
Board [Qd Tc Jd Qc 8h]
Seat 1: MCSCLA (big blind) showed [6c 8c] and won ($29.50) with two pair, Queens and Eights
Seat 2: Zubasa07 (button) (small blind) mucked


PokerStars Hand #158789888227:  Hold'em Limit ($3/$6 USD) - 2016/09/18 18:40:53 ET
Table 'Tyumenia' 10-max Seat #1 is the button
Seat 1: MCSCLA ($42.62 in chips)
Seat 2: Zubasa07 ($579.11 in chips)
MCSCLA: posts small blind $1
Zubasa07: posts big blind $3
*** HOLE CARDS ***
MCSCLA: raises $3 to $6
Zubasa07: raises $3 to $9
MCSCLA: calls $3
*** FLOP *** [Kh 7d 9h]
Zubasa07: bets $3
MCSCLA: folds
Uncalled bet ($3) returned to Zubasa07
Zubasa07 collected $17.64 from pot
Zubasa07: doesn't show hand
*** SUMMARY ***
Total pot $18 | Rake $0.36
Board [Kh 7d 9h]
Seat 1: MCSCLA (button) (small blind) folded on the Flop
Seat 2: Zubasa07 (big blind) collected ($17.64)


PokerStars Hand #158789901060:  Hold'em Limit ($3/$6 USD) - 2016/09/18 18:41:12 ET
Table 'Tyumenia' 10-max Seat #2 is the button
Seat 1: MCSCLA ($33.62 in chips)
Seat 2: Zubasa07 ($587.75 in chips)
Zubasa07: posts small blind $1
MCSCLA: posts big blind $3
*** HOLE CARDS ***
Zubasa07: folds
Uncalled bet ($2) returned to MCSCLA
MCSCLA collected $2 from pot
MCSCLA: doesn't show hand
*** SUMMARY ***
Total pot $2 | Rake $0
Seat 1: MCSCLA (big blind) collected ($2)
Seat 2: Zubasa07 (button) (small blind) folded before Flop


PokerStars Hand #158789943642:  Hold'em Limit ($3/$6 USD) - 2016/09/18 18:42:15 ET
Table 'Tyumenia' 10-max Seat #2 is the button
Seat 1: MCSCLA ($10.62 in chips)
Seat 2: Zubasa07 ($610.25 in chips)
Zubasa07: posts small blind $1
MCSCLA: posts big blind $3
*** HOLE CARDS ***
Zubasa07: folds
Uncalled bet ($2) returned to MCSCLA
MCSCLA collected $2 from pot
MCSCLA: doesn't show hand
*** SUMMARY ***
Total pot $2 | Rake $0
Seat 1: MCSCLA (big blind) collected ($2)
Seat 2: Zubasa07 (button) (small blind) folded before Flop


PokerStars Hand #158789905604:  Hold'em Limit ($3/$6 USD) - 2016/09/18 18:41:19 ET
Table 'Tyumenia' 10-max Seat #1 is the button
Seat 1: MCSCLA ($34.62 in chips)
Seat 2: Zubasa07 ($586.75 in chips)
MCSCLA: posts small blind $1
Zubasa07: posts big blind $3
*** HOLE CARDS ***
MCSCLA: raises $3 to $6
Zubasa07: calls $3
*** FLOP *** [9h 4c 4d]
Zubasa07: checks
MCSCLA: bets $3
Zubasa07: raises $3 to $6
MCSCLA: calls $3
*** TURN *** [9h 4c 4d] [Qc]
Zubasa07: bets $6
MCSCLA: calls $6
*** RIVER *** [9h 4c 4d Qc] [Tc]
Zubasa07: bets $6
MCSCLA: calls $6
*** SHOW DOWN ***
Zubasa07: shows [9d Kc] (two pair, Nines and Fours)
MCSCLA: mucks hand
Zubasa07 collected $47.50 from pot
*** SUMMARY ***
Total pot $48 | Rake $0.50
Board [9h 4c 4d Qc Tc]
Seat 1: MCSCLA (button) (small blind) mucked
Seat 2: Zubasa07 (big blind) showed [9d Kc] and won ($47.50) with two pair, Nines and Fours


