PokerStars Hand #154313357624:  Hold'em Limit ($3/$6 USD) - 2016/06/05 5:40:23 ET
Table 'Tyumenia' 6-max Seat #4 is the button
Seat 4: VolkovDmitri ($121 in chips)
Seat 6: HAOYUN88888 ($49 in chips)
VolkovDmitri: posts small blind $1
HAOYUN88888: posts big blind $3
*** HOLE CARDS ***
VolkovDmitri: raises $3 to $6
HAOYUN88888: folds
Uncalled bet ($3) returned to VolkovDmitri
VolkovDmitri collected $6 from pot
VolkovDmitri: doesn't show hand
*** SUMMARY ***
Total pot $6 | Rake $0
Seat 4: VolkovDmitri (button) (small blind) collected ($6)
Seat 6: HAOYUN88888 (big blind) folded before Flop


PokerStars Hand #154313354937:  Hold'em Limit ($3/$6 USD) - 2016/06/05 5:40:17 ET
Table 'Tyumenia' 6-max Seat #6 is the button
Seat 4: VolkovDmitri ($120 in chips)
Seat 6: HAOYUN88888 ($50 in chips)
HAOYUN88888: posts small blind $1
VolkovDmitri: posts big blind $3
*** HOLE CARDS ***
Pelurile joins the table at seat #1
HAOYUN88888: folds
Uncalled bet ($2) returned to VolkovDmitri
VolkovDmitri collected $2 from pot
VolkovDmitri: doesn't show hand
*** SUMMARY ***
Total pot $2 | Rake $0
Seat 4: VolkovDmitri (big blind) collected ($2)
Seat 6: HAOYUN88888 (button) (small blind) folded before Flop


PokerStars Hand #154313458108:  Hold'em Limit ($3/$6 USD) - 2016/06/05 5:44:13 ET
Table 'Tyumenia' 6-max Seat #3 is the button
Seat 1: Pelurile ($126.92 in chips)
Seat 3: HAOYUN88888 ($57.93 in chips)
HAOYUN88888: posts small blind $1
Pelurile: posts big blind $3
*** HOLE CARDS ***
HAOYUN88888: raises $3 to $6
VolkovDmitri leaves the table
Pelurile: calls $3
*** FLOP *** [4s 2s Ks]
Pelurile: checks
HAOYUN88888: bets $3
Pelurile: folds
Uncalled bet ($3) returned to HAOYUN88888
HAOYUN88888 collected $11.76 from pot
HAOYUN88888: doesn't show hand
*** SUMMARY ***
Total pot $12 | Rake $0.24
Board [4s 2s Ks]
Seat 1: Pelurile (big blind) folded on the Flop
Seat 3: HAOYUN88888 (button) (small blind) collected ($11.76)


PokerStars Hand #154313474501:  Hold'em Limit ($3/$6 USD) - 2016/06/05 5:44:50 ET
Table 'Tyumenia' 6-max Seat #1 is the button
Seat 1: Pelurile ($120.92 in chips)
Seat 3: HAOYUN88888 ($63.69 in chips)
Pelurile: posts small blind $1
HAOYUN88888: posts big blind $3
*** HOLE CARDS ***
Pelurile: folds
Uncalled bet ($2) returned to HAOYUN88888
HAOYUN88888 collected $2 from pot
HAOYUN88888: doesn't show hand
*** SUMMARY ***
Total pot $2 | Rake $0
Seat 1: Pelurile (button) (small blind) folded before Flop
Seat 3: HAOYUN88888 (big blind) collected ($2)


PokerStars Hand #154313476774:  Hold'em Limit ($3/$6 USD) - 2016/06/05 5:44:55 ET
Table 'Tyumenia' 6-max Seat #3 is the button
Seat 1: Pelurile ($119.92 in chips)
Seat 3: HAOYUN88888 ($64.69 in chips)
HAOYUN88888: posts small blind $1
Pelurile: posts big blind $3
*** HOLE CARDS ***
HAOYUN88888: raises $3 to $6
Pelurile: calls $3
*** FLOP *** [9s 3c Ts]
Pelurile: checks
HAOYUN88888: bets $3
Holla-eller? joins the table at seat #4
Pelurile: calls $3
*** TURN *** [9s 3c Ts] [4s]
Pelurile: checks
HAOYUN88888: bets $6
Pelurile: calls $6
*** RIVER *** [9s 3c Ts 4s] [7d]
Pelurile: checks
HAOYUN88888: bets $6
Pelurile: calls $6
*** SHOW DOWN ***
HAOYUN88888: shows [Jd Td] (a pair of Tens)
Pelurile: mucks hand
HAOYUN88888 collected $41.50 from pot
*** SUMMARY ***
Total pot $42 | Rake $0.50
Board [9s 3c Ts 4s 7d]
Seat 1: Pelurile (big blind) mucked
Seat 3: HAOYUN88888 (button) (small blind) showed [Jd Td] and won ($41.50) with a pair of Tens


PokerStars Hand #154313511494:  Hold'em Limit ($3/$6 USD) - 2016/06/05 5:46:13 ET
Table 'Tyumenia' 6-max Seat #1 is the button
Seat 1: Pelurile ($98.92 in chips)
Seat 3: HAOYUN88888 ($85.19 in chips)
Pelurile: posts small blind $1
HAOYUN88888: posts big blind $3
*** HOLE CARDS ***
Pelurile: raises $3 to $6
HAOYUN88888: calls $3
*** FLOP *** [9h 5d Th]
HAOYUN88888: checks
Pelurile: bets $3
HAOYUN88888: calls $3
*** TURN *** [9h 5d Th] [4s]
HAOYUN88888: checks
Pelurile: bets $6
HAOYUN88888: calls $6
*** RIVER *** [9h 5d Th 4s] [Qd]
HAOYUN88888: checks
Pelurile: checks
*** SHOW DOWN ***
HAOYUN88888: shows [3h 5h] (a pair of Fives)
Pelurile: shows [7c 7d] (a pair of Sevens)
Pelurile collected $29.50 from pot
*** SUMMARY ***
Total pot $30 | Rake $0.50
Board [9h 5d Th 4s Qd]
Seat 1: Pelurile (button) (small blind) showed [7c 7d] and won ($29.50) with a pair of Sevens
Seat 3: HAOYUN88888 (big blind) showed [3h 5h] and lost with a pair of Fives


PokerStars Hand #154313892486:  Hold'em Limit ($3/$6 USD) - 2016/06/05 6:01:19 ET
Table 'Tyumenia' 6-max Seat #4 is the button
Seat 1: Pelurile ($167.90 in chips)
Seat 4: Holla-eller? ($119.73 in chips)
Holla-eller?: posts small blind $1
Pelurile: posts big blind $3
*** HOLE CARDS ***
Holla-eller?: folds
Uncalled bet ($2) returned to Pelurile
Pelurile collected $2 from pot
Pelurile: doesn't show hand
*** SUMMARY ***
Total pot $2 | Rake $0
Seat 1: Pelurile (big blind) collected ($2)
Seat 4: Holla-eller? (button) (small blind) folded before Flop


PokerStars Hand #154313894479:  Hold'em Limit ($3/$6 USD) - 2016/06/05 6:01:24 ET
Table 'Tyumenia' 6-max Seat #1 is the button
Seat 1: Pelurile ($168.90 in chips)
Seat 4: Holla-eller? ($118.73 in chips)
Pelurile: posts small blind $1
Holla-eller?: posts big blind $3
*** HOLE CARDS ***
Pelurile: folds
Uncalled bet ($2) returned to Holla-eller?
Holla-eller? collected $2 from pot
Holla-eller?: doesn't show hand
*** SUMMARY ***
Total pot $2 | Rake $0
Seat 1: Pelurile (button) (small blind) folded before Flop
Seat 4: Holla-eller? (big blind) collected ($2)


PokerStars Hand #154313921772:  Hold'em Limit ($3/$6 USD) - 2016/06/05 6:02:26 ET
Table 'Tyumenia' 6-max Seat #4 is the button
Seat 1: Pelurile ($164.66 in chips)
Seat 4: Holla-eller? ($122.37 in chips)
Holla-eller?: posts small blind $1
Pelurile: posts big blind $3
*** HOLE CARDS ***
Holla-eller?: folds
Uncalled bet ($2) returned to Pelurile
Pelurile collected $2 from pot
Pelurile: doesn't show hand
*** SUMMARY ***
Total pot $2 | Rake $0
Seat 1: Pelurile (big blind) collected ($2)
Seat 4: Holla-eller? (button) (small blind) folded before Flop


PokerStars Hand #154313913300:  Hold'em Limit ($3/$6 USD) - 2016/06/05 6:02:07 ET
Table 'Tyumenia' 6-max Seat #1 is the button
Seat 1: Pelurile ($158.90 in chips)
Seat 4: Holla-eller? ($128.37 in chips)
Pelurile: posts small blind $1
Holla-eller?: posts big blind $3
*** HOLE CARDS ***
Pelurile: raises $3 to $6
Holla-eller?: calls $3
*** FLOP *** [8c 5c Tc]
Holla-eller?: checks
Pelurile: bets $3
Holla-eller?: folds
Uncalled bet ($3) returned to Pelurile
Pelurile collected $11.76 from pot
Pelurile: doesn't show hand
*** SUMMARY ***
Total pot $12 | Rake $0.24
Board [8c 5c Tc]
Seat 1: Pelurile (button) (small blind) collected ($11.76)
Seat 4: Holla-eller? (big blind) folded on the Flop


PokerStars Hand #154313896484:  Hold'em Limit ($3/$6 USD) - 2016/06/05 6:01:29 ET
Table 'Tyumenia' 6-max Seat #4 is the button
Seat 1: Pelurile ($167.90 in chips)
Seat 4: Holla-eller? ($119.73 in chips)
Holla-eller?: posts small blind $1
Pelurile: posts big blind $3
*** HOLE CARDS ***
Holla-eller?: raises $3 to $6
HAOYUN88888 leaves the table
Pelurile: calls $3
*** FLOP *** [2d 5c Qh]
Pelurile: checks
Holla-eller?: bets $3
Pelurile: calls $3
*** TURN *** [2d 5c Qh] [9c]
Pelurile: checks
Holla-eller?: bets $6
Pelurile: folds
Uncalled bet ($6) returned to Holla-eller?
Holla-eller? collected $17.64 from pot
Holla-eller?: doesn't show hand
*** SUMMARY ***
Total pot $18 | Rake $0.36
Board [2d 5c Qh 9c]
Seat 1: Pelurile (big blind) folded on the Turn
Seat 4: Holla-eller? (button) (small blind) collected ($17.64)


PokerStars Hand #154313923855:  Hold'em Limit ($3/$6 USD) - 2016/06/05 6:02:31 ET
Table 'Tyumenia' 6-max Seat #1 is the button
Seat 1: Pelurile ($165.66 in chips)
Seat 4: Holla-eller? ($121.37 in chips)
Pelurile: posts small blind $1
Holla-eller?: posts big blind $3
*** HOLE CARDS ***
Pelurile: raises $3 to $6
Holla-eller?: raises $3 to $9
Pelurile: calls $3
*** FLOP *** [Qc Jh 3h]
Holla-eller?: bets $3
Pelurile: folds
Uncalled bet ($3) returned to Holla-eller?
Holla-eller? collected $17.64 from pot
Holla-eller?: doesn't show hand
*** SUMMARY ***
Total pot $18 | Rake $0.36
Board [Qc Jh 3h]
Seat 1: Pelurile (button) (small blind) folded on the Flop
Seat 4: Holla-eller? (big blind) collected ($17.64)


PokerStars Hand #154313939752:  Hold'em Limit ($3/$6 USD) - 2016/06/05 6:03:07 ET
Table 'Tyumenia' 6-max Seat #4 is the button
Seat 1: Pelurile ($156.66 in chips)
Seat 4: Holla-eller? ($130.01 in chips)
Holla-eller?: posts small blind $1
Pelurile: posts big blind $3
*** HOLE CARDS ***
Holla-eller?: raises $3 to $6
Pelurile: calls $3
*** FLOP *** [Ks 2c Kd]
Pelurile: checks
Holla-eller?: bets $3
Pelurile: raises $3 to $6
Holla-eller?: calls $3
*** TURN *** [Ks 2c Kd] [7d]
Pelurile: bets $6
Holla-eller?: raises $6 to $12
Pelurile: raises $6 to $18
Holla-eller?: folds
Uncalled bet ($6) returned to Pelurile
Pelurile collected $47.50 from pot
Pelurile: doesn't show hand
*** SUMMARY ***
Total pot $48 | Rake $0.50
Board [Ks 2c Kd 7d]
Seat 1: Pelurile (big blind) collected ($47.50)
Seat 4: Holla-eller? (button) (small blind) folded on the Turn


PokerStars Hand #154313962866:  Hold'em Limit ($3/$6 USD) - 2016/06/05 6:03:58 ET
Table 'Tyumenia' 6-max Seat #4 is the button
Seat 1: Pelurile ($183.16 in chips)
Seat 4: Holla-eller? ($103.01 in chips)
Holla-eller?: posts small blind $1
Pelurile: posts big blind $3
*** HOLE CARDS ***
Holla-eller?: raises $3 to $6
Pelurile: calls $3
*** FLOP *** [Qh 6d 7h]
Pelurile: checks
Holla-eller?: bets $3
Pelurile: calls $3
*** TURN *** [Qh 6d 7h] [5h]
Pelurile: checks
Holla-eller?: checks
*** RIVER *** [Qh 6d 7h 5h] [6s]
Pelurile: bets $6
Holla-eller?: calls $6
*** SHOW DOWN ***
Pelurile: shows [5d 9s] (two pair, Sixes and Fives)
Holla-eller?: shows [Kd 7d] (two pair, Sevens and Sixes)
Holla-eller? collected $29.50 from pot
*** SUMMARY ***
Total pot $30 | Rake $0.50
Board [Qh 6d 7h 5h 6s]
Seat 1: Pelurile (big blind) showed [5d 9s] and lost with two pair, Sixes and Fives
Seat 4: Holla-eller? (button) (small blind) showed [Kd 7d] and won ($29.50) with two pair, Sevens and Sixes


PokerStars Hand #154313957394:  Hold'em Limit ($3/$6 USD) - 2016/06/05 6:03:46 ET
Table 'Tyumenia' 6-max Seat #1 is the button
Seat 1: Pelurile ($180.16 in chips)
Seat 4: Holla-eller? ($106.01 in chips)
Pelurile: posts small blind $1
Holla-eller?: posts big blind $3
*** HOLE CARDS ***
Pelurile: raises $3 to $6
Holla-eller?: folds
Uncalled bet ($3) returned to Pelurile
Pelurile collected $6 from pot
Pelurile: doesn't show hand
*** SUMMARY ***
Total pot $6 | Rake $0
Seat 1: Pelurile (button) (small blind) collected ($6)
Seat 4: Holla-eller? (big blind) folded before Flop


PokerStars Hand #154313980489:  Hold'em Limit ($3/$6 USD) - 2016/06/05 6:04:38 ET
Table 'Tyumenia' 6-max Seat #1 is the button
Seat 1: Pelurile ($168.16 in chips)
Seat 4: Holla-eller? ($117.51 in chips)
Pelurile: posts small blind $1
Holla-eller?: posts big blind $3
*** HOLE CARDS ***
Pelurile: raises $3 to $6
Holla-eller?: calls $3
*** FLOP *** [Qd 5d 2c]
Holla-eller?: checks
Pelurile: bets $3
Holla-eller?: raises $3 to $6
Pelurile: calls $3
*** TURN *** [Qd 5d 2c] [9d]
Holla-eller?: checks
Pelurile: checks
*** RIVER *** [Qd 5d 2c 9d] [8d]
Holla-eller?: bets $6
Pelurile: folds
Uncalled bet ($6) returned to Holla-eller?
Holla-eller? collected $23.52 from pot
Holla-eller?: doesn't show hand
*** SUMMARY ***
Total pot $24 | Rake $0.48
Board [Qd 5d 2c 9d 8d]
Seat 1: Pelurile (button) (small blind) folded on the River
Seat 4: Holla-eller? (big blind) collected ($23.52)


PokerStars Hand #154314003025:  Hold'em Limit ($3/$6 USD) - 2016/06/05 6:05:28 ET
Table 'Tyumenia' 6-max Seat #4 is the button
Seat 1: Pelurile ($156.16 in chips)
Seat 4: Holla-eller? ($129.03 in chips)
Holla-eller?: posts small blind $1
Pelurile: posts big blind $3
*** HOLE CARDS ***
Holla-eller?: raises $3 to $6
Pelurile: raises $3 to $9
Holla-eller?: folds
Uncalled bet ($3) returned to Pelurile
Pelurile collected $12 from pot
Pelurile: doesn't show hand
*** SUMMARY ***
Total pot $12 | Rake $0
Seat 1: Pelurile (big blind) collected ($12)
Seat 4: Holla-eller? (button) (small blind) folded before Flop


PokerStars Hand #154314009584:  Hold'em Limit ($3/$6 USD) - 2016/06/05 6:05:43 ET
Table 'Tyumenia' 6-max Seat #1 is the button
Seat 1: Pelurile ($162.16 in chips)
Seat 4: Holla-eller? ($123.03 in chips)
Pelurile: posts small blind $1
Holla-eller?: posts big blind $3
*** HOLE CARDS ***
Pelurile: raises $3 to $6
Holla-eller?: folds
Uncalled bet ($3) returned to Pelurile
Pelurile collected $6 from pot
Pelurile: doesn't show hand
*** SUMMARY ***
Total pot $6 | Rake $0
Seat 1: Pelurile (button) (small blind) collected ($6)
Seat 4: Holla-eller? (big blind) folded before Flop


PokerStars Hand #154314032896:  Hold'em Limit ($3/$6 USD) - 2016/06/05 6:06:35 ET
Table 'Tyumenia' 6-max Seat #1 is the button
Seat 1: Pelurile ($176.68 in chips)
Seat 4: Holla-eller? ($108.03 in chips)
Pelurile: posts small blind $1
Holla-eller?: posts big blind $3
*** HOLE CARDS ***
Pelurile: raises $3 to $6
Holla-eller?: raises $3 to $9
Pelurile: calls $3
*** FLOP *** [Tc 5d Qc]
Holla-eller?: bets $3
Pelurile: calls $3
*** TURN *** [Tc 5d Qc] [6h]
Holla-eller?: bets $6
Pelurile: folds
Uncalled bet ($6) returned to Holla-eller?
Holla-eller? collected $23.52 from pot
Holla-eller?: doesn't show hand
*** SUMMARY ***
Total pot $24 | Rake $0.48
Board [Tc 5d Qc 6h]
Seat 1: Pelurile (button) (small blind) folded on the Turn
Seat 4: Holla-eller? (big blind) collected ($23.52)


