PokerStars Hand #153150211630:  Hold'em Limit ($3/$6 USD) - 2016/05/11 4:55:17 ET
Table 'Tyumenia' 6-max Seat #4 is the button
Seat 3: NAUTJE1337 ($35 in chips)
Seat 4: BuzovaPro ($134.50 in chips)
BuzovaPro: posts small blind $1
NAUTJE1337: posts big blind $3
*** HOLE CARDS ***
BuzovaPro: raises $3 to $6
NAUTJE1337: calls $3
*** FLOP *** [7c 4s 9c]
NAUTJE1337: checks
BuzovaPro: checks
*** TURN *** [7c 4s 9c] [8c]
NAUTJE1337: bets $6
BuzovaPro: calls $6
*** RIVER *** [7c 4s 9c 8c] [2c]
NAUTJE1337: checks
BuzovaPro: checks
*** SHOW DOWN ***
NAUTJE1337: shows [9s 8h] (two pair, Nines and Eights)
BuzovaPro: mucks hand
NAUTJE1337 collected $23.52 from pot
belik555 joins the table at seat #5
*** SUMMARY ***
Total pot $24 | Rake $0.48
Board [7c 4s 9c 8c 2c]
Seat 3: NAUTJE1337 (big blind) showed [9s 8h] and won ($23.52) with two pair, Nines and Eights
Seat 4: BuzovaPro (button) (small blind) mucked


PokerStars Hand #153150204286:  Hold'em Limit ($3/$6 USD) - 2016/05/11 4:54:55 ET
Table 'Tyumenia' 6-max Seat #3 is the button
Seat 3: NAUTJE1337 ($50 in chips)
Seat 4: BuzovaPro ($120 in chips)
NAUTJE1337: posts small blind $1
BuzovaPro: posts big blind $3
*** HOLE CARDS ***
NAUTJE1337: raises $3 to $6
BuzovaPro: calls $3
*** FLOP *** [8s 2s Js]
BuzovaPro: checks
NAUTJE1337: bets $3
BuzovaPro: calls $3
*** TURN *** [8s 2s Js] [4s]
BuzovaPro: checks
NAUTJE1337: bets $6
BuzovaPro: raises $6 to $12
NAUTJE1337: folds
Uncalled bet ($6) returned to BuzovaPro
BuzovaPro collected $29.50 from pot
BuzovaPro: doesn't show hand
*** SUMMARY ***
Total pot $30 | Rake $0.50
Board [8s 2s Js 4s]
Seat 3: NAUTJE1337 (button) (small blind) folded on the Turn
Seat 4: BuzovaPro (big blind) collected ($29.50)


PokerStars Hand #153150215994:  Hold'em Limit ($3/$6 USD) - 2016/05/11 4:55:31 ET
Table 'Tyumenia' 6-max Seat #3 is the button
Seat 3: NAUTJE1337 ($46.52 in chips)
Seat 4: BuzovaPro ($122.50 in chips)
NAUTJE1337: posts small blind $1
BuzovaPro: posts big blind $3
*** HOLE CARDS ***
NAUTJE1337: calls $2
BuzovaPro: raises $3 to $6
NAUTJE1337: calls $3
*** FLOP *** [Qs Td 3d]
BuzovaPro: bets $3
NAUTJE1337: folds
Uncalled bet ($3) returned to BuzovaPro
BuzovaPro collected $11.76 from pot
BuzovaPro: doesn't show hand
*** SUMMARY ***
Total pot $12 | Rake $0.24
Board [Qs Td 3d]
Seat 3: NAUTJE1337 (button) (small blind) folded on the Flop
Seat 4: BuzovaPro (big blind) collected ($11.76)


PokerStars Hand #153166281095:  Hold'em Limit ($3/$6 USD) - 2016/05/11 13:07:55 ET
Table 'Tyumenia' 6-max Seat #3 is the button
Seat 3: happyshine88 ($147.45 in chips)
Seat 5: LolDnkaments ($75.30 in chips)
happyshine88: posts small blind $1
LolDnkaments: posts big blind $3
*** HOLE CARDS ***
happyshine88: folds
Uncalled bet ($2) returned to LolDnkaments
LolDnkaments collected $2 from pot
LolDnkaments: doesn't show hand
*** SUMMARY ***
Total pot $2 | Rake $0
Seat 3: happyshine88 (button) (small blind) folded before Flop
Seat 5: LolDnkaments (big blind) collected ($2)


PokerStars Hand #153166256698:  Hold'em Limit ($3/$6 USD) - 2016/05/11 13:07:26 ET
Table 'Tyumenia' 6-max Seat #5 is the button
Seat 3: happyshine88 ($138.81 in chips)
Seat 5: LolDnkaments ($84.30 in chips)
LolDnkaments: posts small blind $1
happyshine88: posts big blind $3
*** HOLE CARDS ***
LolDnkaments: raises $3 to $6
crash19867 leaves the table
happyshine88: calls $3
*** FLOP *** [Td 8s 2h]
crash19867 joins the table at seat #4
happyshine88: checks
LolDnkaments: bets $3
happyshine88: calls $3
*** TURN *** [Td 8s 2h] [2s]
happyshine88: checks
LolDnkaments: checks
*** RIVER *** [Td 8s 2h 2s] [8h]
happyshine88: bets $6
LolDnkaments: folds
Uncalled bet ($6) returned to happyshine88
happyshine88 collected $17.64 from pot
happyshine88: doesn't show hand
*** SUMMARY ***
Total pot $18 | Rake $0.36
Board [Td 8s 2h 2s 8h]
Seat 3: happyshine88 (big blind) collected ($17.64)
Seat 5: LolDnkaments (button) (small blind) folded on the River


PokerStars Hand #153166237707:  Hold'em Limit ($3/$6 USD) - 2016/05/11 13:07:03 ET
Table 'Tyumenia' 6-max Seat #3 is the button
Seat 3: happyshine88 ($127.29 in chips)
Seat 5: LolDnkaments ($96.30 in chips)
happyshine88: posts small blind $1
LolDnkaments: posts big blind $3
*** HOLE CARDS ***
Mordnilap leaves the table
happyshine88: raises $3 to $6
LolDnkaments: raises $3 to $9
happyshine88: calls $3
*** FLOP *** [3d 7d Qd]
LolDnkaments: bets $3
happyshine88: calls $3
*** TURN *** [3d 7d Qd] [5d]
LolDnkaments: checks
happyshine88: checks
*** RIVER *** [3d 7d Qd 5d] [4h]
LolDnkaments: checks
happyshine88: checks
*** SHOW DOWN ***
LolDnkaments: shows [9h Ah] (high card Ace)
happyshine88: shows [9c 3c] (a pair of Threes)
happyshine88 collected $23.52 from pot
*** SUMMARY ***
Total pot $24 | Rake $0.48
Board [3d 7d Qd 5d 4h]
Seat 3: happyshine88 (button) (small blind) showed [9c 3c] and won ($23.52) with a pair of Threes
Seat 5: LolDnkaments (big blind) showed [9h Ah] and lost with high card Ace


PokerStars Hand #153166320373:  Hold'em Limit ($3/$6 USD) - 2016/05/11 13:08:42 ET
Table 'Tyumenia' 6-max Seat #5 is the button
Seat 3: happyshine88 ($159.95 in chips)
Seat 5: LolDnkaments ($73 in chips)
LolDnkaments: posts small blind $1
happyshine88: posts big blind $3
*** HOLE CARDS ***
LolDnkaments: raises $3 to $6
happyshine88: calls $3
*** FLOP *** [3c Qh Qd]
happyshine88: checks
LolDnkaments: bets $3
happyshine88: calls $3
*** TURN *** [3c Qh Qd] [Jc]
happyshine88: bets $6
LolDnkaments: calls $6
*** RIVER *** [3c Qh Qd Jc] [9h]
happyshine88: bets $6
LolDnkaments: calls $6
*** SHOW DOWN ***
happyshine88: shows [9s Qs] (a full house, Queens full of Nines)
LolDnkaments: mucks hand
happyshine88 collected $41.50 from pot
*** SUMMARY ***
Total pot $42 | Rake $0.50
Board [3c Qh Qd Jc 9h]
Seat 3: happyshine88 (big blind) showed [9s Qs] and won ($41.50) with a full house, Queens full of Nines
Seat 5: LolDnkaments (button) (small blind) mucked


PokerStars Hand #153166316151:  Hold'em Limit ($3/$6 USD) - 2016/05/11 13:08:37 ET
Table 'Tyumenia' 6-max Seat #3 is the button
Seat 3: happyshine88 ($160.95 in chips)
Seat 5: LolDnkaments ($72 in chips)
happyshine88: posts small blind $1
LolDnkaments: posts big blind $3
*** HOLE CARDS ***
happyshine88: folds
Uncalled bet ($2) returned to LolDnkaments
LolDnkaments collected $2 from pot
LolDnkaments: doesn't show hand
*** SUMMARY ***
Total pot $2 | Rake $0
Seat 3: happyshine88 (button) (small blind) folded before Flop
Seat 5: LolDnkaments (big blind) collected ($2)


PokerStars Hand #153166286865:  Hold'em Limit ($3/$6 USD) - 2016/05/11 13:08:01 ET
Table 'Tyumenia' 6-max Seat #5 is the button
Seat 3: happyshine88 ($146.45 in chips)
Seat 5: LolDnkaments ($76.30 in chips)
LolDnkaments: posts small blind $1
happyshine88: posts big blind $3
*** HOLE CARDS ***
LolDnkaments: raises $3 to $6
happyshine88: calls $3
*** FLOP *** [Jh Jc Kh]
happyshine88: checks
LolDnkaments: bets $3
happyshine88: calls $3
*** TURN *** [Jh Jc Kh] [6d]
happyshine88: checks
LolDnkaments: checks
*** RIVER *** [Jh Jc Kh 6d] [8h]
happyshine88: bets $6
LolDnkaments: calls $6
*** SHOW DOWN ***
happyshine88: shows [Ad Th] (a pair of Jacks)
LolDnkaments: mucks hand
happyshine88 collected $29.50 from pot
*** SUMMARY ***
Total pot $30 | Rake $0.50
Board [Jh Jc Kh 6d 8h]
Seat 3: happyshine88 (big blind) showed [Ad Th] and won ($29.50) with a pair of Jacks
Seat 5: LolDnkaments (button) (small blind) mucked


PokerStars Hand #153166349934:  Hold'em Limit ($3/$6 USD) - 2016/05/11 13:09:17 ET
Table 'Tyumenia' 6-max Seat #3 is the button
Seat 3: happyshine88 ($180.45 in chips)
Seat 5: LolDnkaments ($72 in chips)
happyshine88: posts small blind $1
LolDnkaments: posts big blind $3
*** HOLE CARDS ***
happyshine88: raises $3 to $6
LolDnkaments: calls $3
*** FLOP *** [3h Kd 5d]
LolDnkaments: checks
happyshine88: bets $3
LolDnkaments: raises $3 to $6
happyshine88: calls $3
*** TURN *** [3h Kd 5d] [2c]
LolDnkaments: bets $6
happyshine88: calls $6
*** RIVER *** [3h Kd 5d 2c] [Ah]
LolDnkaments: bets $6
happyshine88: folds
Uncalled bet ($6) returned to LolDnkaments
LolDnkaments collected $35.50 from pot
LolDnkaments: doesn't show hand
*** SUMMARY ***
Total pot $36 | Rake $0.50
Board [3h Kd 5d 2c Ah]
Seat 3: happyshine88 (button) (small blind) folded on the River
Seat 5: LolDnkaments (big blind) collected ($35.50)


