PokerStars Hand #172001136566:  Hold'em Limit ($3/$6 USD) - 2017/06/19 23:05:41 ET
Table 'Tyumenia' 6-max Seat #3 is the button
Seat 3: Vitalisek ($124.35 in chips)
Seat 4: sugarnom13 ($200.98 in chips)
Vitalisek: posts small blind $1
sugarnom13: posts big blind $3
*** HOLE CARDS ***
Vitalisek: calls $2
sugarnom13: checks
*** FLOP *** [Ad 9s 9c]
sugarnom13: checks
Vitalisek: bets $3
sugarnom13: folds
Uncalled bet ($3) returned to Vitalisek
Vitalisek collected $5.88 from pot
Vitalisek: doesn't show hand
*** SUMMARY ***
Total pot $6 | Rake $0.12
Board [Ad 9s 9c]
Seat 3: Vitalisek (button) (small blind) collected ($5.88)
Seat 4: sugarnom13 (big blind) folded on the Flop


PokerStars Hand #172001129930:  Hold'em Limit ($3/$6 USD) - 2017/06/19 23:05:20 ET
Table 'Tyumenia' 6-max Seat #4 is the button
Seat 3: Vitalisek ($109.85 in chips)
Seat 4: sugarnom13 ($215.98 in chips)
sugarnom13: posts small blind $1
Vitalisek: posts big blind $3
*** HOLE CARDS ***
sugarnom13: calls $2
Vitalisek: raises $3 to $6
sugarnom13: calls $3
*** FLOP *** [7c 2c 7d]
Vitalisek: bets $3
sugarnom13: calls $3
*** TURN *** [7c 2c 7d] [7h]
Vitalisek: checks
sugarnom13: checks
*** RIVER *** [7c 2c 7d 7h] [Qc]
Vitalisek: checks
sugarnom13: bets $6
Vitalisek: calls $6
*** SHOW DOWN ***
sugarnom13: shows [8h 9d] (three of a kind, Sevens)
Vitalisek: shows [Ah Jc] (three of a kind, Sevens - Ace kicker)
Vitalisek collected $29.50 from pot
*** SUMMARY ***
Total pot $30 | Rake $0.50
Board [7c 2c 7d 7h Qc]
Seat 3: Vitalisek (big blind) showed [Ah Jc] and won ($29.50) with three of a kind, Sevens
Seat 4: sugarnom13 (button) (small blind) showed [8h 9d] and lost with three of a kind, Sevens


PokerStars Hand #172001145598:  Hold'em Limit ($3/$6 USD) - 2017/06/19 23:06:11 ET
Table 'Tyumenia' 6-max Seat #3 is the button
Seat 3: Vitalisek ($138.75 in chips)
Seat 4: sugarnom13 ($185.98 in chips)
Vitalisek: posts small blind $1
sugarnom13: posts big blind $3
*** HOLE CARDS ***
Vitalisek: raises $3 to $6
sugarnom13: folds
Uncalled bet ($3) returned to Vitalisek
Vitalisek collected $6 from pot
Vitalisek: doesn't show hand
*** SUMMARY ***
Total pot $6 | Rake $0
Seat 3: Vitalisek (button) (small blind) collected ($6)
Seat 4: sugarnom13 (big blind) folded before Flop


PokerStars Hand #172001139948:  Hold'em Limit ($3/$6 USD) - 2017/06/19 23:05:53 ET
Table 'Tyumenia' 6-max Seat #4 is the button
Seat 3: Vitalisek ($127.23 in chips)
Seat 4: sugarnom13 ($197.98 in chips)
sugarnom13: posts small blind $1
Vitalisek: posts big blind $3
*** HOLE CARDS ***
sugarnom13: raises $3 to $6
Vitalisek: calls $3
*** FLOP *** [Qd Ts Js]
Vitalisek: checks
sugarnom13: bets $3
Vitalisek: raises $3 to $6
sugarnom13: calls $3
*** TURN *** [Qd Ts Js] [5h]
Vitalisek: bets $6
sugarnom13: folds
Uncalled bet ($6) returned to Vitalisek
Vitalisek collected $23.52 from pot
Vitalisek: doesn't show hand
*** SUMMARY ***
Total pot $24 | Rake $0.48
Board [Qd Ts Js 5h]
Seat 3: Vitalisek (big blind) collected ($23.52)
Seat 4: sugarnom13 (button) (small blind) folded on the Turn


PokerStars Hand #172001147784:  Hold'em Limit ($3/$6 USD) - 2017/06/19 23:06:18 ET
Table 'Tyumenia' 6-max Seat #4 is the button
Seat 3: Vitalisek ($141.75 in chips)
Seat 4: sugarnom13 ($182.98 in chips)
sugarnom13: posts small blind $1
Vitalisek: posts big blind $3
*** HOLE CARDS ***
sugarnom13: calls $2
Vitalisek: checks
*** FLOP *** [7c 4s Js]
Vitalisek: checks
sugarnom13: bets $3
Vitalisek: calls $3
*** TURN *** [7c 4s Js] [9c]
Vitalisek: checks
sugarnom13: bets $6
Vitalisek: raises $6 to $12
sugarnom13: calls $6
*** RIVER *** [7c 4s Js 9c] [Kc]
Vitalisek: bets $6
sugarnom13: calls $6
*** SHOW DOWN ***
Vitalisek: shows [4c 9d] (two pair, Nines and Fours)
sugarnom13: mucks hand
Vitalisek collected $47.50 from pot
*** SUMMARY ***
Total pot $48 | Rake $0.50
Board [7c 4s Js 9c Kc]
Seat 3: Vitalisek (big blind) showed [4c 9d] and won ($47.50) with two pair, Nines and Fours
Seat 4: sugarnom13 (button) (small blind) mucked


PokerStars Hand #172001162067:  Hold'em Limit ($3/$6 USD) - 2017/06/19 23:07:05 ET
Table 'Tyumenia' 6-max Seat #4 is the button
Seat 3: Vitalisek ($141.25 in chips)
Seat 4: sugarnom13 ($182.48 in chips)
sugarnom13: posts small blind $1
Vitalisek: posts big blind $3
*** HOLE CARDS ***
sugarnom13: raises $3 to $6
Vitalisek: folds
Uncalled bet ($3) returned to sugarnom13
sugarnom13 collected $6 from pot
sugarnom13: doesn't show hand
*** SUMMARY ***
Total pot $6 | Rake $0
Seat 3: Vitalisek (big blind) folded before Flop
Seat 4: sugarnom13 (button) (small blind) collected ($6)


PokerStars Hand #172001164916:  Hold'em Limit ($3/$6 USD) - 2017/06/19 23:07:14 ET
Table 'Tyumenia' 6-max Seat #3 is the button
Seat 3: Vitalisek ($138.25 in chips)
Seat 4: sugarnom13 ($185.48 in chips)
Vitalisek: posts small blind $1
sugarnom13: posts big blind $3
*** HOLE CARDS ***
Vitalisek: folds
Uncalled bet ($2) returned to sugarnom13
sugarnom13 collected $2 from pot
sugarnom13: doesn't show hand
*** SUMMARY ***
Total pot $2 | Rake $0
Seat 3: Vitalisek (button) (small blind) folded before Flop
Seat 4: sugarnom13 (big blind) collected ($2)


PokerStars Hand #172001155352:  Hold'em Limit ($3/$6 USD) - 2017/06/19 23:06:43 ET
Table 'Tyumenia' 6-max Seat #3 is the button
Seat 3: Vitalisek ($165.25 in chips)
Seat 4: sugarnom13 ($158.98 in chips)
Vitalisek: posts small blind $1
sugarnom13: posts big blind $3
*** HOLE CARDS ***
Vitalisek: raises $3 to $6
sugarnom13: raises $3 to $9
Vitalisek: calls $3
*** FLOP *** [Ah 9d 3s]
sugarnom13: bets $3
Vitalisek: calls $3
*** TURN *** [Ah 9d 3s] [4s]
sugarnom13: bets $6
Vitalisek: calls $6
*** RIVER *** [Ah 9d 3s 4s] [6h]
sugarnom13: bets $6
Vitalisek: calls $6
*** SHOW DOWN ***
sugarnom13: shows [4d Ac] (two pair, Aces and Fours)
Vitalisek: mucks hand
sugarnom13 collected $47.50 from pot
*** SUMMARY ***
Total pot $48 | Rake $0.50
Board [Ah 9d 3s 4s 6h]
Seat 3: Vitalisek (button) (small blind) mucked
Seat 4: sugarnom13 (big blind) showed [4d Ac] and won ($47.50) with two pair, Aces and Fours


PokerStars Hand #172001184844:  Hold'em Limit ($3/$6 USD) - 2017/06/19 23:08:20 ET
Table 'Tyumenia' 6-max Seat #3 is the button
Seat 3: Vitalisek ($121.77 in chips)
Seat 4: sugarnom13 ($200.50 in chips)
Vitalisek: posts small blind $1
sugarnom13: posts big blind $3
*** HOLE CARDS ***
Vitalisek: folds
Uncalled bet ($2) returned to sugarnom13
sugarnom13 collected $2 from pot
sugarnom13: doesn't show hand
*** SUMMARY ***
Total pot $2 | Rake $0
Seat 3: Vitalisek (button) (small blind) folded before Flop
Seat 4: sugarnom13 (big blind) collected ($2)


PokerStars Hand #172001178642:  Hold'em Limit ($3/$6 USD) - 2017/06/19 23:07:59 ET
Table 'Tyumenia' 6-max Seat #4 is the button
Seat 3: Vitalisek ($110.25 in chips)
Seat 4: sugarnom13 ($212.50 in chips)
sugarnom13: posts small blind $1
Vitalisek: posts big blind $3
*** HOLE CARDS ***
sugarnom13: calls $2
Vitalisek: checks
*** FLOP *** [8d 9d 7c]
Vitalisek: checks
sugarnom13: bets $3
Vitalisek: calls $3
*** TURN *** [8d 9d 7c] [Ts]
Vitalisek: checks
sugarnom13: checks
*** RIVER *** [8d 9d 7c Ts] [Kc]
Vitalisek: bets $6
sugarnom13: calls $6
*** SHOW DOWN ***
Vitalisek: shows [Jh 9c] (a straight, Seven to Jack)
sugarnom13: mucks hand
Vitalisek collected $23.52 from pot
*** SUMMARY ***
Total pot $24 | Rake $0.48
Board [8d 9d 7c Ts Kc]
Seat 3: Vitalisek (big blind) showed [Jh 9c] and won ($23.52) with a straight, Seven to Jack
Seat 4: sugarnom13 (button) (small blind) mucked


PokerStars Hand #172001166394:  Hold'em Limit ($3/$6 USD) - 2017/06/19 23:07:19 ET
Table 'Tyumenia' 6-max Seat #4 is the button
Seat 3: Vitalisek ($137.25 in chips)
Seat 4: sugarnom13 ($186.48 in chips)
sugarnom13: posts small blind $1
Vitalisek: posts big blind $3
*** HOLE CARDS ***
sugarnom13: calls $2
Vitalisek: raises $3 to $6
sugarnom13: calls $3
*** FLOP *** [5d 8s Ts]
Vitalisek: bets $3
sugarnom13: calls $3
*** TURN *** [5d 8s Ts] [6h]
Vitalisek: checks
sugarnom13: checks
*** RIVER *** [5d 8s Ts 6h] [7c]
Vitalisek: bets $6
sugarnom13: calls $6
*** SHOW DOWN ***
Vitalisek: shows [7s Ac] (a pair of Sevens)
sugarnom13: shows [4h Ks] (a straight, Four to Eight)
sugarnom13 collected $29.50 from pot
*** SUMMARY ***
Total pot $30 | Rake $0.50
Board [5d 8s Ts 6h 7c]
Seat 3: Vitalisek (big blind) showed [7s Ac] and lost with a pair of Sevens
Seat 4: sugarnom13 (button) (small blind) showed [4h Ks] and won ($29.50) with a straight, Four to Eight


PokerStars Hand #172001186411:  Hold'em Limit ($3/$6 USD) - 2017/06/19 23:08:25 ET
Table 'Tyumenia' 6-max Seat #4 is the button
Seat 3: Vitalisek ($120.77 in chips)
Seat 4: sugarnom13 ($201.50 in chips)
sugarnom13: posts small blind $1
Vitalisek: posts big blind $3
*** HOLE CARDS ***
sugarnom13: calls $2
Vitalisek: raises $3 to $6
sugarnom13: calls $3
*** FLOP *** [9h Qd Qc]
Vitalisek: checks
sugarnom13: checks
*** TURN *** [9h Qd Qc] [2s]
Vitalisek: bets $6
sugarnom13: calls $6
*** RIVER *** [9h Qd Qc 2s] [Jc]
Vitalisek: bets $6
sugarnom13: calls $6
*** SHOW DOWN ***
Vitalisek: shows [Ah Ac] (two pair, Aces and Queens)
sugarnom13: mucks hand
Vitalisek collected $35.50 from pot
*** SUMMARY ***
Total pot $36 | Rake $0.50
Board [9h Qd Qc 2s Jc]
Seat 3: Vitalisek (big blind) showed [Ah Ac] and won ($35.50) with two pair, Aces and Queens
Seat 4: sugarnom13 (button) (small blind) mucked


PokerStars Hand #172001201590:  Hold'em Limit ($3/$6 USD) - 2017/06/19 23:09:15 ET
Table 'Tyumenia' 6-max Seat #3 is the button
Seat 3: Vitalisek ($114.27 in chips)
Seat 4: sugarnom13 ($206.76 in chips)
Vitalisek: posts small blind $1
sugarnom13: posts big blind $3
*** HOLE CARDS ***
Vitalisek: folds
Uncalled bet ($2) returned to sugarnom13
sugarnom13 collected $2 from pot
sugarnom13: doesn't show hand
*** SUMMARY ***
Total pot $2 | Rake $0
Seat 3: Vitalisek (button) (small blind) folded before Flop
Seat 4: sugarnom13 (big blind) collected ($2)


PokerStars Hand #172001198170:  Hold'em Limit ($3/$6 USD) - 2017/06/19 23:09:04 ET
Table 'Tyumenia' 6-max Seat #4 is the button
Seat 3: Vitalisek ($120.27 in chips)
Seat 4: sugarnom13 ($201 in chips)
sugarnom13: posts small blind $1
Vitalisek: posts big blind $3
*** HOLE CARDS ***
sugarnom13: raises $3 to $6
Vitalisek: calls $3
*** FLOP *** [Th 4d Kc]
Vitalisek: checks
sugarnom13: bets $3
Vitalisek: folds
Uncalled bet ($3) returned to sugarnom13
sugarnom13 collected $11.76 from pot
sugarnom13: doesn't show hand
*** SUMMARY ***
Total pot $12 | Rake $0.24
Board [Th 4d Kc]
Seat 3: Vitalisek (big blind) folded on the Flop
Seat 4: sugarnom13 (button) (small blind) collected ($11.76)


PokerStars Hand #172001192090:  Hold'em Limit ($3/$6 USD) - 2017/06/19 23:08:44 ET
Table 'Tyumenia' 6-max Seat #3 is the button
Seat 3: Vitalisek ($138.27 in chips)
Seat 4: sugarnom13 ($183.50 in chips)
Vitalisek: posts small blind $1
sugarnom13: posts big blind $3
*** HOLE CARDS ***
Vitalisek: raises $3 to $6
sugarnom13: calls $3
*** FLOP *** [Jh 8s 3h]
sugarnom13: checks
Vitalisek: bets $3
sugarnom13: raises $3 to $6
Vitalisek: calls $3
*** TURN *** [Jh 8s 3h] [Ks]
sugarnom13: bets $6
Vitalisek: calls $6
*** RIVER *** [Jh 8s 3h Ks] [7s]
sugarnom13: bets $6
Vitalisek: folds
Uncalled bet ($6) returned to sugarnom13
sugarnom13 collected $35.50 from pot
sugarnom13: doesn't show hand
*** SUMMARY ***
Total pot $36 | Rake $0.50
Board [Jh 8s 3h Ks 7s]
Seat 3: Vitalisek (button) (small blind) folded on the River
Seat 4: sugarnom13 (big blind) collected ($35.50)


PokerStars Hand #172001208550:  Hold'em Limit ($3/$6 USD) - 2017/06/19 23:09:38 ET
Table 'Tyumenia' 6-max Seat #3 is the button
Seat 3: Vitalisek ($127.77 in chips)
Seat 4: sugarnom13 ($192.76 in chips)
Vitalisek: posts small blind $1
sugarnom13: posts big blind $3
*** HOLE CARDS ***
Vitalisek: folds
Uncalled bet ($2) returned to sugarnom13
sugarnom13 collected $2 from pot
sugarnom13: doesn't show hand
*** SUMMARY ***
Total pot $2 | Rake $0
Seat 3: Vitalisek (button) (small blind) folded before Flop
Seat 4: sugarnom13 (big blind) collected ($2)


PokerStars Hand #172001210009:  Hold'em Limit ($3/$6 USD) - 2017/06/19 23:09:43 ET
Table 'Tyumenia' 6-max Seat #4 is the button
Seat 3: Vitalisek ($126.77 in chips)
Seat 4: sugarnom13 ($193.76 in chips)
sugarnom13: posts small blind $1
Vitalisek: posts big blind $3
*** HOLE CARDS ***
sugarnom13: calls $2
Vitalisek: checks
*** FLOP *** [As 4c 9s]
Vitalisek: bets $3
sugarnom13: raises $3 to $6
Vitalisek: folds
Uncalled bet ($3) returned to sugarnom13
sugarnom13 collected $11.76 from pot
sugarnom13: doesn't show hand
*** SUMMARY ***
Total pot $12 | Rake $0.24
Board [As 4c 9s]
Seat 3: Vitalisek (big blind) folded on the Flop
Seat 4: sugarnom13 (button) (small blind) collected ($11.76)


PokerStars Hand #172001214346:  Hold'em Limit ($3/$6 USD) - 2017/06/19 23:09:58 ET
Table 'Tyumenia' 6-max Seat #3 is the button
Seat 3: Vitalisek ($120.77 in chips)
Seat 4: sugarnom13 ($199.52 in chips)
Vitalisek: posts small blind $1
sugarnom13: posts big blind $3
*** HOLE CARDS ***
Vitalisek: folds
Uncalled bet ($2) returned to sugarnom13
sugarnom13 collected $2 from pot
sugarnom13: doesn't show hand
*** SUMMARY ***
Total pot $2 | Rake $0
Seat 3: Vitalisek (button) (small blind) folded before Flop
Seat 4: sugarnom13 (big blind) collected ($2)


PokerStars Hand #172001215813:  Hold'em Limit ($3/$6 USD) - 2017/06/19 23:10:02 ET
Table 'Tyumenia' 6-max Seat #4 is the button
Seat 3: Vitalisek ($119.77 in chips)
Seat 4: sugarnom13 ($200.52 in chips)
sugarnom13: posts small blind $1
Vitalisek: posts big blind $3
*** HOLE CARDS ***
sugarnom13: raises $3 to $6
Vitalisek: calls $3
*** FLOP *** [Th Ad Qd]
Vitalisek: checks
sugarnom13: bets $3
Vitalisek: calls $3
*** TURN *** [Th Ad Qd] [7d]
Vitalisek: checks
sugarnom13: checks
*** RIVER *** [Th Ad Qd 7d] [7c]
Vitalisek: bets $6
sugarnom13: raises $6 to $12
Vitalisek: calls $6
*** SHOW DOWN ***
sugarnom13: shows [5d 7s] (three of a kind, Sevens)
Vitalisek: shows [Ks Jc] (a straight, Ten to Ace)
Vitalisek collected $41.50 from pot
*** SUMMARY ***
Total pot $42 | Rake $0.50
Board [Th Ad Qd 7d 7c]
Seat 3: Vitalisek (big blind) showed [Ks Jc] and won ($41.50) with a straight, Ten to Ace
Seat 4: sugarnom13 (button) (small blind) showed [5d 7s] and lost with three of a kind, Sevens


PokerStars Hand #172001203028:  Hold'em Limit ($3/$6 USD) - 2017/06/19 23:09:20 ET
Table 'Tyumenia' 6-max Seat #4 is the button
Seat 3: Vitalisek ($113.27 in chips)
Seat 4: sugarnom13 ($207.76 in chips)
sugarnom13: posts small blind $1
Vitalisek: posts big blind $3
*** HOLE CARDS ***
sugarnom13: calls $2
Vitalisek: raises $3 to $6
sugarnom13: calls $3
*** FLOP *** [4d 9s 6s]
Vitalisek: bets $3
sugarnom13: calls $3
*** TURN *** [4d 9s 6s] [8c]
Vitalisek: bets $6
sugarnom13: calls $6
*** RIVER *** [4d 9s 6s 8c] [Ts]
Vitalisek: checks
sugarnom13: checks
*** SHOW DOWN ***
Vitalisek: shows [Ac 9d] (a pair of Nines)
sugarnom13: mucks hand
Vitalisek collected $29.50 from pot
*** SUMMARY ***
Total pot $30 | Rake $0.50
Board [4d 9s 6s 8c Ts]
Seat 3: Vitalisek (big blind) showed [Ac 9d] and won ($29.50) with a pair of Nines
Seat 4: sugarnom13 (button) (small blind) mucked


PokerStars Hand #172001228728:  Hold'em Limit ($3/$6 USD) - 2017/06/19 23:10:45 ET
Table 'Tyumenia' 6-max Seat #4 is the button
Seat 3: Vitalisek ($116.27 in chips)
Seat 4: sugarnom13 ($203.02 in chips)
sugarnom13: posts small blind $1
Vitalisek: posts big blind $3
*** HOLE CARDS ***
sugarnom13: calls $2
Vitalisek: checks
*** FLOP *** [6d Jd As]
Vitalisek: checks
sugarnom13: bets $3
Vitalisek: calls $3
*** TURN *** [6d Jd As] [Td]
Vitalisek: checks
sugarnom13: checks
*** RIVER *** [6d Jd As Td] [Ah]
Vitalisek: checks
sugarnom13: checks
*** SHOW DOWN ***
Vitalisek: shows [3h 6h] (two pair, Aces and Sixes)
sugarnom13: shows [Jc 5c] (two pair, Aces and Jacks)
sugarnom13 collected $11.76 from pot
*** SUMMARY ***
Total pot $12 | Rake $0.24
Board [6d Jd As Td Ah]
Seat 3: Vitalisek (big blind) showed [3h 6h] and lost with two pair, Aces and Sixes
Seat 4: sugarnom13 (button) (small blind) showed [Jc 5c] and won ($11.76) with two pair, Aces and Jacks


PokerStars Hand #172001235602:  Hold'em Limit ($3/$6 USD) - 2017/06/19 23:11:08 ET
Table 'Tyumenia' 6-max Seat #3 is the button
Seat 3: Vitalisek ($110.27 in chips)
Seat 4: sugarnom13 ($208.78 in chips)
Vitalisek: posts small blind $1
sugarnom13: posts big blind $3
*** HOLE CARDS ***
Vitalisek: raises $3 to $6
sugarnom13: calls $3
*** FLOP *** [5d 8h 7s]
sugarnom13: checks
Vitalisek: checks
*** TURN *** [5d 8h 7s] [9h]
sugarnom13: bets $6
Vitalisek: folds
Uncalled bet ($6) returned to sugarnom13
sugarnom13 collected $11.76 from pot
sugarnom13: doesn't show hand
*** SUMMARY ***
Total pot $12 | Rake $0.24
Board [5d 8h 7s 9h]
Seat 3: Vitalisek (button) (small blind) folded on the Turn
Seat 4: sugarnom13 (big blind) collected ($11.76)


PokerStars Hand #172001222281:  Hold'em Limit ($3/$6 USD) - 2017/06/19 23:10:24 ET
Table 'Tyumenia' 6-max Seat #3 is the button
Seat 3: Vitalisek ($140.27 in chips)
Seat 4: sugarnom13 ($179.52 in chips)
Vitalisek: posts small blind $1
sugarnom13: posts big blind $3
*** HOLE CARDS ***
Vitalisek: raises $3 to $6
sugarnom13: raises $3 to $9
Vitalisek: calls $3
*** FLOP *** [5c 4c 7c]
sugarnom13: bets $3
Vitalisek: raises $3 to $6
sugarnom13: raises $3 to $9
Vitalisek: calls $3
*** TURN *** [5c 4c 7c] [4h]
sugarnom13: bets $6
Vitalisek: calls $6
*** RIVER *** [5c 4c 7c 4h] [Kc]
sugarnom13: bets $6
Vitalisek: folds
Uncalled bet ($6) returned to sugarnom13
sugarnom13 collected $47.50 from pot
sugarnom13: doesn't show hand
*** SUMMARY ***
Total pot $48 | Rake $0.50
Board [5c 4c 7c 4h Kc]
Seat 3: Vitalisek (button) (small blind) folded on the River
Seat 4: sugarnom13 (big blind) collected ($47.50)


PokerStars Hand #172001241167:  Hold'em Limit ($3/$6 USD) - 2017/06/19 23:11:26 ET
Table 'Tyumenia' 6-max Seat #4 is the button
Seat 3: Vitalisek ($104.27 in chips)
Seat 4: sugarnom13 ($214.54 in chips)
sugarnom13: posts small blind $1
Vitalisek: posts big blind $3
*** HOLE CARDS ***
sugarnom13: calls $2
Vitalisek: raises $3 to $6
sugarnom13: calls $3
*** FLOP *** [Kc Ah 9c]
Vitalisek: bets $3
sugarnom13: folds
Uncalled bet ($3) returned to Vitalisek
Vitalisek collected $11.76 from pot
Vitalisek: doesn't show hand
*** SUMMARY ***
Total pot $12 | Rake $0.24
Board [Kc Ah 9c]
Seat 3: Vitalisek (big blind) collected ($11.76)
Seat 4: sugarnom13 (button) (small blind) folded on the Flop


PokerStars Hand #172001244452:  Hold'em Limit ($3/$6 USD) - 2017/06/19 23:11:37 ET
Table 'Tyumenia' 6-max Seat #3 is the button
Seat 3: Vitalisek ($110.03 in chips)
Seat 4: sugarnom13 ($208.54 in chips)
Vitalisek: posts small blind $1
sugarnom13: posts big blind $3
*** HOLE CARDS ***
Vitalisek: calls $2
sugarnom13: checks
*** FLOP *** [3s 5d 3c]
sugarnom13: checks
Vitalisek: bets $3
sugarnom13: calls $3
*** TURN *** [3s 5d 3c] [2c]
sugarnom13: checks
Vitalisek: checks
*** RIVER *** [3s 5d 3c 2c] [5h]
sugarnom13: bets $6
Vitalisek: folds
Uncalled bet ($6) returned to sugarnom13
sugarnom13 collected $11.76 from pot
sugarnom13: doesn't show hand
*** SUMMARY ***
Total pot $12 | Rake $0.24
Board [3s 5d 3c 2c 5h]
Seat 3: Vitalisek (button) (small blind) folded on the River
Seat 4: sugarnom13 (big blind) collected ($11.76)


PokerStars Hand #172001263794:  Hold'em Limit ($3/$6 USD) - 2017/06/19 23:12:41 ET
Table 'Tyumenia' 6-max Seat #3 is the button
Seat 3: Vitalisek ($127.53 in chips)
Seat 4: sugarnom13 ($190.30 in chips)
Vitalisek: posts small blind $1
sugarnom13: posts big blind $3
*** HOLE CARDS ***
Vitalisek: calls $2
sugarnom13: raises $3 to $6
Vitalisek: calls $3
*** FLOP *** [Ac 7c 4c]
sugarnom13: bets $3
Vitalisek: calls $3
*** TURN *** [Ac 7c 4c] [Kh]
sugarnom13: bets $6
Vitalisek: folds
Uncalled bet ($6) returned to sugarnom13
sugarnom13 collected $17.64 from pot
sugarnom13: doesn't show hand
*** SUMMARY ***
Total pot $18 | Rake $0.36
Board [Ac 7c 4c Kh]
Seat 3: Vitalisek (button) (small blind) folded on the Turn
Seat 4: sugarnom13 (big blind) collected ($17.64)


PokerStars Hand #172001255844:  Hold'em Limit ($3/$6 USD) - 2017/06/19 23:12:15 ET
Table 'Tyumenia' 6-max Seat #4 is the button
Seat 3: Vitalisek ($104.03 in chips)
Seat 4: sugarnom13 ($214.30 in chips)
sugarnom13: posts small blind $1
Vitalisek: posts big blind $3
*** HOLE CARDS ***
sugarnom13: calls $2
Vitalisek: raises $3 to $6
sugarnom13: calls $3
*** FLOP *** [4h 6h 7h]
Vitalisek: bets $3
sugarnom13: raises $3 to $6
Vitalisek: calls $3
*** TURN *** [4h 6h 7h] [Ks]
Vitalisek: checks
sugarnom13: bets $6
Vitalisek: calls $6
*** RIVER *** [4h 6h 7h Ks] [Th]
Vitalisek: bets $6
sugarnom13: calls $6
*** SHOW DOWN ***
Vitalisek: shows [Qd Ah] (a flush, Ace high)
sugarnom13: mucks hand
Vitalisek collected $47.50 from pot
*** SUMMARY ***
Total pot $48 | Rake $0.50
Board [4h 6h 7h Ks Th]
Seat 3: Vitalisek (big blind) showed [Qd Ah] and won ($47.50) with a flush, Ace high
Seat 4: sugarnom13 (button) (small blind) mucked


PokerStars Hand #172001278903:  Hold'em Limit ($3/$6 USD) - 2017/06/19 23:13:31 ET
Table 'Tyumenia' 6-max Seat #3 is the button
Seat 3: Vitalisek ($124.29 in chips)
Seat 4: sugarnom13 ($192.94 in chips)
Vitalisek: posts small blind $1
sugarnom13: posts big blind $3
*** HOLE CARDS ***
Vitalisek: raises $3 to $6
sugarnom13: raises $3 to $9
Vitalisek: calls $3
*** FLOP *** [Tc 4h As]
sugarnom13: bets $3
Vitalisek: folds
Uncalled bet ($3) returned to sugarnom13
sugarnom13 collected $17.64 from pot
sugarnom13: doesn't show hand
*** SUMMARY ***
Total pot $18 | Rake $0.36
Board [Tc 4h As]
Seat 3: Vitalisek (button) (small blind) folded on the Flop
Seat 4: sugarnom13 (big blind) collected ($17.64)


PokerStars Hand #172001282574:  Hold'em Limit ($3/$6 USD) - 2017/06/19 23:13:44 ET
Table 'Tyumenia' 6-max Seat #4 is the button
Seat 3: Vitalisek ($115.29 in chips)
Seat 4: sugarnom13 ($201.58 in chips)
sugarnom13: posts small blind $1
Vitalisek: posts big blind $3
*** HOLE CARDS ***
sugarnom13: calls $2
Vitalisek: checks
*** FLOP *** [6c 4d 7s]
Vitalisek: checks
sugarnom13: bets $3
Vitalisek: calls $3
*** TURN *** [6c 4d 7s] [Jd]
Vitalisek: checks
sugarnom13: bets $6
Vitalisek: raises $6 to $12
sugarnom13: calls $6
*** RIVER *** [6c 4d 7s Jd] [Ks]
Vitalisek: bets $6
sugarnom13: folds
Uncalled bet ($6) returned to Vitalisek
Vitalisek collected $35.50 from pot
Vitalisek: doesn't show hand
*** SUMMARY ***
Total pot $36 | Rake $0.50
Board [6c 4d 7s Jd Ks]
Seat 3: Vitalisek (big blind) collected ($35.50)
Seat 4: sugarnom13 (button) (small blind) folded on the River


PokerStars Hand #172001272503:  Hold'em Limit ($3/$6 USD) - 2017/06/19 23:13:10 ET
Table 'Tyumenia' 6-max Seat #4 is the button
Seat 3: Vitalisek ($118.53 in chips)
Seat 4: sugarnom13 ($198.94 in chips)
sugarnom13: posts small blind $1
Vitalisek: posts big blind $3
*** HOLE CARDS ***
sugarnom13: calls $2
Vitalisek: raises $3 to $6
sugarnom13: calls $3
*** FLOP *** [9c Qd Qc]
Vitalisek: checks
sugarnom13: checks
*** TURN *** [9c Qd Qc] [Ac]
Vitalisek: checks
sugarnom13: checks
*** RIVER *** [9c Qd Qc Ac] [Jd]
Vitalisek: bets $6
sugarnom13: folds
Uncalled bet ($6) returned to Vitalisek
Vitalisek collected $11.76 from pot
Vitalisek: doesn't show hand
*** SUMMARY ***
Total pot $12 | Rake $0.24
Board [9c Qd Qc Ac Jd]
Seat 3: Vitalisek (big blind) collected ($11.76)
Seat 4: sugarnom13 (button) (small blind) folded on the River


PokerStars Hand #172001292207:  Hold'em Limit ($3/$6 USD) - 2017/06/19 23:14:16 ET
Table 'Tyumenia' 6-max Seat #3 is the button
Seat 3: Vitalisek ($132.79 in chips)
Seat 4: sugarnom13 ($183.58 in chips)
Vitalisek: posts small blind $1
sugarnom13: posts big blind $3
*** HOLE CARDS ***
Vitalisek: raises $3 to $6
sugarnom13: calls $3
*** FLOP *** [Kh Ks 7h]
sugarnom13: checks
Vitalisek: bets $3
sugarnom13: folds
Uncalled bet ($3) returned to Vitalisek
Vitalisek collected $11.76 from pot
Vitalisek: doesn't show hand
*** SUMMARY ***
Total pot $12 | Rake $0.24
Board [Kh Ks 7h]
Seat 3: Vitalisek (button) (small blind) collected ($11.76)
Seat 4: sugarnom13 (big blind) folded on the Flop


PokerStars Hand #172001312027:  Hold'em Limit ($3/$6 USD) - 2017/06/19 23:15:22 ET
Table 'Tyumenia' 6-max Seat #3 is the button
Seat 3: Vitalisek ($110.55 in chips)
Seat 4: sugarnom13 ($204.60 in chips)
Vitalisek: posts small blind $1
sugarnom13: posts big blind $3
*** HOLE CARDS ***
Vitalisek: folds
Uncalled bet ($2) returned to sugarnom13
sugarnom13 collected $2 from pot
sugarnom13: doesn't show hand
*** SUMMARY ***
Total pot $2 | Rake $0
Seat 3: Vitalisek (button) (small blind) folded before Flop
Seat 4: sugarnom13 (big blind) collected ($2)


PokerStars Hand #172001303188:  Hold'em Limit ($3/$6 USD) - 2017/06/19 23:14:52 ET
Table 'Tyumenia' 6-max Seat #4 is the button
Seat 3: Vitalisek ($122.55 in chips)
Seat 4: sugarnom13 ($193.08 in chips)
sugarnom13: posts small blind $1
Vitalisek: posts big blind $3
*** HOLE CARDS ***
sugarnom13: calls $2
Vitalisek: raises $3 to $6
sugarnom13: calls $3
*** FLOP *** [3h Jh 5h]
Vitalisek: bets $3
sugarnom13: raises $3 to $6
Vitalisek: calls $3
*** TURN *** [3h Jh 5h] [Js]
Vitalisek: checks
sugarnom13: bets $6
Vitalisek: folds
Uncalled bet ($6) returned to sugarnom13
sugarnom13 collected $23.52 from pot
sugarnom13: doesn't show hand
*** SUMMARY ***
Total pot $24 | Rake $0.48
Board [3h Jh 5h Js]
Seat 3: Vitalisek (big blind) folded on the Turn
Seat 4: sugarnom13 (button) (small blind) collected ($23.52)


PokerStars Hand #172001295337:  Hold'em Limit ($3/$6 USD) - 2017/06/19 23:14:26 ET
Table 'Tyumenia' 6-max Seat #4 is the button
Seat 3: Vitalisek ($138.55 in chips)
Seat 4: sugarnom13 ($177.58 in chips)
sugarnom13: posts small blind $1
Vitalisek: posts big blind $3
*** HOLE CARDS ***
sugarnom13: raises $3 to $6
Vitalisek: calls $3
*** FLOP *** [4s Jc Td]
Vitalisek: checks
sugarnom13: bets $3
Vitalisek: calls $3
*** TURN *** [4s Jc Td] [Ad]
Vitalisek: checks
sugarnom13: bets $6
Vitalisek: calls $6
*** RIVER *** [4s Jc Td Ad] [9d]
Vitalisek: checks
sugarnom13: bets $6
Vitalisek: folds
Uncalled bet ($6) returned to sugarnom13
sugarnom13 collected $29.50 from pot
sugarnom13: doesn't show hand
*** SUMMARY ***
Total pot $30 | Rake $0.50
Board [4s Jc Td Ad 9d]
Seat 3: Vitalisek (big blind) folded on the River
Seat 4: sugarnom13 (button) (small blind) collected ($29.50)


PokerStars Hand #172001301724:  Hold'em Limit ($3/$6 USD) - 2017/06/19 23:14:47 ET
Table 'Tyumenia' 6-max Seat #3 is the button
Seat 3: Vitalisek ($123.55 in chips)
Seat 4: sugarnom13 ($192.08 in chips)
Vitalisek: posts small blind $1
sugarnom13: posts big blind $3
*** HOLE CARDS ***
Vitalisek: folds
Uncalled bet ($2) returned to sugarnom13
sugarnom13 collected $2 from pot
sugarnom13: doesn't show hand
*** SUMMARY ***
Total pot $2 | Rake $0
Seat 3: Vitalisek (button) (small blind) folded before Flop
Seat 4: sugarnom13 (big blind) collected ($2)


PokerStars Hand #172001321536:  Hold'em Limit ($3/$6 USD) - 2017/06/19 23:15:53 ET
Table 'Tyumenia' 6-max Seat #4 is the button
Seat 3: Vitalisek ($121.07 in chips)
Seat 4: sugarnom13 ($193.60 in chips)
sugarnom13: posts small blind $1
Vitalisek: posts big blind $3
*** HOLE CARDS ***
sugarnom13: calls $2
Vitalisek: raises $3 to $6
sugarnom13: calls $3
*** FLOP *** [Th 6d 2s]
Vitalisek: bets $3
sugarnom13: calls $3
*** TURN *** [Th 6d 2s] [8d]
Vitalisek: checks
sugarnom13: bets $6
Vitalisek: calls $6
*** RIVER *** [Th 6d 2s 8d] [7d]
Vitalisek: checks
sugarnom13: checks
*** SHOW DOWN ***
Vitalisek: shows [Ah Jc] (high card Ace)
sugarnom13: shows [Qs 6h] (a pair of Sixes)
sugarnom13 collected $29.50 from pot
*** SUMMARY ***
Total pot $30 | Rake $0.50
Board [Th 6d 2s 8d 7d]
Seat 3: Vitalisek (big blind) showed [Ah Jc] and lost with high card Ace
Seat 4: sugarnom13 (button) (small blind) showed [Qs 6h] and won ($29.50) with a pair of Sixes


PokerStars Hand #172001317015:  Hold'em Limit ($3/$6 USD) - 2017/06/19 23:15:38 ET
Table 'Tyumenia' 6-max Seat #3 is the button
Seat 3: Vitalisek ($115.31 in chips)
Seat 4: sugarnom13 ($199.60 in chips)
Vitalisek: posts small blind $1
sugarnom13: posts big blind $3
*** HOLE CARDS ***
Vitalisek: raises $3 to $6
sugarnom13: calls $3
*** FLOP *** [5h Ah 5s]
sugarnom13: checks
Vitalisek: bets $3
sugarnom13: folds
Uncalled bet ($3) returned to Vitalisek
Vitalisek collected $11.76 from pot
Vitalisek: doesn't show hand
*** SUMMARY ***
Total pot $12 | Rake $0.24
Board [5h Ah 5s]
Seat 3: Vitalisek (button) (small blind) collected ($11.76)
Seat 4: sugarnom13 (big blind) folded on the Flop


PokerStars Hand #172001313479:  Hold'em Limit ($3/$6 USD) - 2017/06/19 23:15:27 ET
Table 'Tyumenia' 6-max Seat #4 is the button
Seat 3: Vitalisek ($109.55 in chips)
Seat 4: sugarnom13 ($205.60 in chips)
sugarnom13: posts small blind $1
Vitalisek: posts big blind $3
*** HOLE CARDS ***
sugarnom13: calls $2
Vitalisek: raises $3 to $6
sugarnom13: calls $3
*** FLOP *** [Tc 4c 3h]
Vitalisek: bets $3
sugarnom13: folds
Uncalled bet ($3) returned to Vitalisek
Vitalisek collected $11.76 from pot
Vitalisek: doesn't show hand
*** SUMMARY ***
Total pot $12 | Rake $0.24
Board [Tc 4c 3h]
Seat 3: Vitalisek (big blind) collected ($11.76)
Seat 4: sugarnom13 (button) (small blind) folded on the Flop


PokerStars Hand #172001336037:  Hold'em Limit ($3/$6 USD) - 2017/06/19 23:16:42 ET
Table 'Tyumenia' 6-max Seat #4 is the button
Seat 3: Vitalisek ($111.83 in chips)
Seat 4: sugarnom13 ($202.10 in chips)
sugarnom13: posts small blind $1
Vitalisek: posts big blind $3
*** HOLE CARDS ***
sugarnom13: raises $3 to $6
Vitalisek: calls $3
*** FLOP *** [Qd 7c 4s]
Vitalisek: checks
sugarnom13: bets $3
Vitalisek: folds
Uncalled bet ($3) returned to sugarnom13
sugarnom13 collected $11.76 from pot
sugarnom13: doesn't show hand
*** SUMMARY ***
Total pot $12 | Rake $0.24
Board [Qd 7c 4s]
Seat 3: Vitalisek (big blind) folded on the Flop
Seat 4: sugarnom13 (button) (small blind) collected ($11.76)


PokerStars Hand #172001339360:  Hold'em Limit ($3/$6 USD) - 2017/06/19 23:16:53 ET
Table 'Tyumenia' 6-max Seat #3 is the button
Seat 3: Vitalisek ($105.83 in chips)
Seat 4: sugarnom13 ($207.86 in chips)
Vitalisek: posts small blind $1
sugarnom13: posts big blind $3
*** HOLE CARDS ***
Vitalisek: raises $3 to $6
sugarnom13: calls $3
*** FLOP *** [9h Jc 9c]
sugarnom13: checks
Vitalisek: bets $3
sugarnom13: folds
Uncalled bet ($3) returned to Vitalisek
Vitalisek collected $11.76 from pot
Vitalisek: doesn't show hand
*** SUMMARY ***
Total pot $12 | Rake $0.24
Board [9h Jc 9c]
Seat 3: Vitalisek (button) (small blind) collected ($11.76)
Seat 4: sugarnom13 (big blind) folded on the Flop


PokerStars Hand #172001328047:  Hold'em Limit ($3/$6 USD) - 2017/06/19 23:16:15 ET
Table 'Tyumenia' 6-max Seat #3 is the button
Seat 3: Vitalisek ($106.07 in chips)
Seat 4: sugarnom13 ($208.10 in chips)
Vitalisek: posts small blind $1
sugarnom13: posts big blind $3
*** HOLE CARDS ***
Vitalisek: raises $3 to $6
sugarnom13: calls $3
*** FLOP *** [3c Js 6s]
sugarnom13: checks
Vitalisek: bets $3
sugarnom13: folds
Uncalled bet ($3) returned to Vitalisek
Vitalisek collected $11.76 from pot
Vitalisek: doesn't show hand
*** SUMMARY ***
Total pot $12 | Rake $0.24
Board [3c Js 6s]
Seat 3: Vitalisek (button) (small blind) collected ($11.76)
Seat 4: sugarnom13 (big blind) folded on the Flop


PokerStars Hand #172001343475:  Hold'em Limit ($3/$6 USD) - 2017/06/19 23:17:07 ET
Table 'Tyumenia' 6-max Seat #4 is the button
Seat 3: Vitalisek ($111.59 in chips)
Seat 4: sugarnom13 ($201.86 in chips)
sugarnom13: posts small blind $1
Vitalisek: posts big blind $3
*** HOLE CARDS ***
sugarnom13: calls $2
Vitalisek: checks
*** FLOP *** [8d 9d Qh]
Vitalisek: bets $3
sugarnom13: calls $3
*** TURN *** [8d 9d Qh] [5s]
Vitalisek: bets $6
sugarnom13: raises $6 to $12
Vitalisek: calls $6
*** RIVER *** [8d 9d Qh 5s] [7s]
Vitalisek: checks
sugarnom13: bets $6
Vitalisek: raises $6 to $12
sugarnom13: calls $6
*** SHOW DOWN ***
Vitalisek: shows [Ts 6c] (a straight, Six to Ten)
sugarnom13: mucks hand
Vitalisek collected $59.50 from pot
*** SUMMARY ***
Total pot $60 | Rake $0.50
Board [8d 9d Qh 5s 7s]
Seat 3: Vitalisek (big blind) showed [Ts 6c] and won ($59.50) with a straight, Six to Ten
Seat 4: sugarnom13 (button) (small blind) mucked


PokerStars Hand #172001355646:  Hold'em Limit ($3/$6 USD) - 2017/06/19 23:17:48 ET
Table 'Tyumenia' 6-max Seat #3 is the button
Seat 3: Vitalisek ($141.09 in chips)
Seat 4: sugarnom13 ($171.86 in chips)
Vitalisek: posts small blind $1
sugarnom13: posts big blind $3
*** HOLE CARDS ***
Vitalisek: raises $3 to $6
sugarnom13: raises $3 to $9
Vitalisek: calls $3
*** FLOP *** [Kd Jh Jd]
sugarnom13: checks
Vitalisek: bets $3
sugarnom13: raises $3 to $6
Vitalisek: folds
Uncalled bet ($3) returned to sugarnom13
sugarnom13 collected $23.52 from pot
sugarnom13: doesn't show hand
*** SUMMARY ***
Total pot $24 | Rake $0.48
Board [Kd Jh Jd]
Seat 3: Vitalisek (button) (small blind) folded on the Flop
Seat 4: sugarnom13 (big blind) collected ($23.52)


PokerStars Hand #172001362036:  Hold'em Limit ($3/$6 USD) - 2017/06/19 23:18:09 ET
Table 'Tyumenia' 6-max Seat #4 is the button
Seat 3: Vitalisek ($129.09 in chips)
Seat 4: sugarnom13 ($183.38 in chips)
sugarnom13: posts small blind $1
Vitalisek: posts big blind $3
*** HOLE CARDS ***
sugarnom13: raises $3 to $6
Vitalisek: calls $3
*** FLOP *** [Ac 8c Qh]
Vitalisek: checks
sugarnom13: bets $3
Vitalisek: folds
Uncalled bet ($3) returned to sugarnom13
sugarnom13 collected $11.76 from pot
sugarnom13: doesn't show hand
*** SUMMARY ***
Total pot $12 | Rake $0.24
Board [Ac 8c Qh]
Seat 3: Vitalisek (big blind) folded on the Flop
Seat 4: sugarnom13 (button) (small blind) collected ($11.76)


PokerStars Hand #172001383070:  Hold'em Limit ($3/$6 USD) - 2017/06/19 23:19:21 ET
Table 'Tyumenia' 6-max Seat #3 is the button
Seat 3: Vitalisek ($124.85 in chips)
Seat 4: sugarnom13 ($187.02 in chips)
Vitalisek: posts small blind $1
sugarnom13: posts big blind $3
*** HOLE CARDS ***
Vitalisek: folds
Uncalled bet ($2) returned to sugarnom13
sugarnom13 collected $2 from pot
sugarnom13: doesn't show hand
*** SUMMARY ***
Total pot $2 | Rake $0
Seat 3: Vitalisek (button) (small blind) folded before Flop
Seat 4: sugarnom13 (big blind) collected ($2)


PokerStars Hand #172001368316:  Hold'em Limit ($3/$6 USD) - 2017/06/19 23:18:31 ET
Table 'Tyumenia' 6-max Seat #3 is the button
Seat 3: Vitalisek ($123.09 in chips)
Seat 4: sugarnom13 ($189.14 in chips)
Vitalisek: posts small blind $1
sugarnom13: posts big blind $3
*** HOLE CARDS ***
Vitalisek: calls $2
sugarnom13: checks
*** FLOP *** [Qh 7s 5s]
sugarnom13: checks
Vitalisek: bets $3
sugarnom13: folds
Uncalled bet ($3) returned to Vitalisek
Vitalisek collected $5.88 from pot
Vitalisek: doesn't show hand
*** SUMMARY ***
Total pot $6 | Rake $0.12
Board [Qh 7s 5s]
Seat 3: Vitalisek (button) (small blind) collected ($5.88)
Seat 4: sugarnom13 (big blind) folded on the Flop


PokerStars Hand #172001372670:  Hold'em Limit ($3/$6 USD) - 2017/06/19 23:18:45 ET
Table 'Tyumenia' 6-max Seat #4 is the button
Seat 3: Vitalisek ($125.97 in chips)
Seat 4: sugarnom13 ($186.14 in chips)
sugarnom13: posts small blind $1
Vitalisek: posts big blind $3
*** HOLE CARDS ***
sugarnom13: calls $2
Vitalisek: checks
*** FLOP *** [3d Jc 8h]
Vitalisek: checks
sugarnom13: bets $3
Vitalisek: folds
Uncalled bet ($3) returned to sugarnom13
sugarnom13 collected $5.88 from pot
sugarnom13: doesn't show hand
*** SUMMARY ***
Total pot $6 | Rake $0.12
Board [3d Jc 8h]
Seat 3: Vitalisek (big blind) folded on the Flop
Seat 4: sugarnom13 (button) (small blind) collected ($5.88)


PokerStars Hand #172001376034:  Hold'em Limit ($3/$6 USD) - 2017/06/19 23:18:57 ET
Table 'Tyumenia' 6-max Seat #3 is the button
Seat 3: Vitalisek ($122.97 in chips)
Seat 4: sugarnom13 ($189.02 in chips)
Vitalisek: posts small blind $1
sugarnom13: posts big blind $3
*** HOLE CARDS ***
Vitalisek: folds
Uncalled bet ($2) returned to sugarnom13
sugarnom13 collected $2 from pot
sugarnom13: doesn't show hand
*** SUMMARY ***
Total pot $2 | Rake $0
Seat 3: Vitalisek (button) (small blind) folded before Flop
Seat 4: sugarnom13 (big blind) collected ($2)


PokerStars Hand #172001377763:  Hold'em Limit ($3/$6 USD) - 2017/06/19 23:19:03 ET
Table 'Tyumenia' 6-max Seat #4 is the button
Seat 3: Vitalisek ($121.97 in chips)
Seat 4: sugarnom13 ($190.02 in chips)
sugarnom13: posts small blind $1
Vitalisek: posts big blind $3
*** HOLE CARDS ***
sugarnom13: calls $2
Vitalisek: checks
*** FLOP *** [Tc Jd 2h]
Vitalisek: bets $3
sugarnom13: folds
Uncalled bet ($3) returned to Vitalisek
Vitalisek collected $5.88 from pot
Vitalisek: doesn't show hand
*** SUMMARY ***
Total pot $6 | Rake $0.12
Board [Tc Jd 2h]
Seat 3: Vitalisek (big blind) collected ($5.88)
Seat 4: sugarnom13 (button) (small blind) folded on the Flop


PokerStars Hand #172001392141:  Hold'em Limit ($3/$6 USD) - 2017/06/19 23:19:52 ET
Table 'Tyumenia' 6-max Seat #3 is the button
Seat 3: Vitalisek ($132.49 in chips)
Seat 4: sugarnom13 ($179.02 in chips)
Vitalisek: posts small blind $1
sugarnom13: posts big blind $3
*** HOLE CARDS ***
Vitalisek: folds
Uncalled bet ($2) returned to sugarnom13
sugarnom13 collected $2 from pot
sugarnom13: doesn't show hand
*** SUMMARY ***
Total pot $2 | Rake $0
Seat 3: Vitalisek (button) (small blind) folded before Flop
Seat 4: sugarnom13 (big blind) collected ($2)


PokerStars Hand #172001384547:  Hold'em Limit ($3/$6 USD) - 2017/06/19 23:19:26 ET
Table 'Tyumenia' 6-max Seat #4 is the button
Seat 3: Vitalisek ($123.85 in chips)
Seat 4: sugarnom13 ($188.02 in chips)
sugarnom13: posts small blind $1
Vitalisek: posts big blind $3
*** HOLE CARDS ***
sugarnom13: raises $3 to $6
Vitalisek: calls $3
*** FLOP *** [8h Qh 2h]
Vitalisek: checks
sugarnom13: bets $3
Vitalisek: calls $3
*** TURN *** [8h Qh 2h] [9c]
Vitalisek: checks
sugarnom13: checks
*** RIVER *** [8h Qh 2h 9c] [7h]
Vitalisek: checks
sugarnom13: checks
*** SHOW DOWN ***
Vitalisek: shows [6h 9d] (a flush, Queen high)
sugarnom13: mucks hand
Vitalisek collected $17.64 from pot
*** SUMMARY ***
Total pot $18 | Rake $0.36
Board [8h Qh 2h 9c 7h]
Seat 3: Vitalisek (big blind) showed [6h 9d] and won ($17.64) with a flush, Queen high
Seat 4: sugarnom13 (button) (small blind) mucked


PokerStars Hand #172001393551:  Hold'em Limit ($3/$6 USD) - 2017/06/19 23:19:57 ET
Table 'Tyumenia' 6-max Seat #4 is the button
Seat 3: Vitalisek ($131.49 in chips)
Seat 4: sugarnom13 ($180.02 in chips)
sugarnom13: posts small blind $1
Vitalisek: posts big blind $3
*** HOLE CARDS ***
sugarnom13: calls $2
Vitalisek: raises $3 to $6
sugarnom13: raises $3 to $9
Vitalisek: calls $3
*** FLOP *** [Ah 9h Ad]
Vitalisek: checks
sugarnom13: bets $3
Vitalisek: calls $3
*** TURN *** [Ah 9h Ad] [Tc]
Vitalisek: checks
sugarnom13: checks
*** RIVER *** [Ah 9h Ad Tc] [7s]
Vitalisek: bets $6
sugarnom13: calls $6
*** SHOW DOWN ***
Vitalisek: shows [As Th] (a full house, Aces full of Tens)
sugarnom13: mucks hand
Vitalisek collected $35.50 from pot
*** SUMMARY ***
Total pot $36 | Rake $0.50
Board [Ah 9h Ad Tc 7s]
Seat 3: Vitalisek (big blind) showed [As Th] and won ($35.50) with a full house, Aces full of Tens
Seat 4: sugarnom13 (button) (small blind) mucked


PokerStars Hand #172001400113:  Hold'em Limit ($3/$6 USD) - 2017/06/19 23:20:19 ET
Table 'Tyumenia' 6-max Seat #3 is the button
Seat 3: Vitalisek ($148.99 in chips)
Seat 4: sugarnom13 ($162.02 in chips)
Vitalisek: posts small blind $1
sugarnom13: posts big blind $3
*** HOLE CARDS ***
Vitalisek: folds
Uncalled bet ($2) returned to sugarnom13
sugarnom13 collected $2 from pot
sugarnom13: doesn't show hand
*** SUMMARY ***
Total pot $2 | Rake $0
Seat 3: Vitalisek (button) (small blind) folded before Flop
Seat 4: sugarnom13 (big blind) collected ($2)


PokerStars Hand #172001403193:  Hold'em Limit ($3/$6 USD) - 2017/06/19 23:20:30 ET
Table 'Tyumenia' 6-max Seat #4 is the button
Seat 3: Vitalisek ($147.99 in chips)
Seat 4: sugarnom13 ($163.02 in chips)
sugarnom13: posts small blind $1
Vitalisek: posts big blind $3
*** HOLE CARDS ***
sugarnom13: raises $3 to $6
Vitalisek: folds
Uncalled bet ($3) returned to sugarnom13
sugarnom13 collected $6 from pot
sugarnom13: doesn't show hand
*** SUMMARY ***
Total pot $6 | Rake $0
Seat 3: Vitalisek (big blind) folded before Flop
Seat 4: sugarnom13 (button) (small blind) collected ($6)


PokerStars Hand #172001413241:  Hold'em Limit ($3/$6 USD) - 2017/06/19 23:21:04 ET
Table 'Tyumenia' 6-max Seat #3 is the button
Seat 3: Vitalisek ($150.75 in chips)
Seat 4: sugarnom13 ($160.02 in chips)
Vitalisek: posts small blind $1
sugarnom13: posts big blind $3
*** HOLE CARDS ***
Vitalisek: folds
Uncalled bet ($2) returned to sugarnom13
sugarnom13 collected $2 from pot
sugarnom13: doesn't show hand
*** SUMMARY ***
Total pot $2 | Rake $0
Seat 3: Vitalisek (button) (small blind) folded before Flop
Seat 4: sugarnom13 (big blind) collected ($2)


PokerStars Hand #172001409280:  Hold'em Limit ($3/$6 USD) - 2017/06/19 23:20:50 ET
Table 'Tyumenia' 6-max Seat #4 is the button
Seat 3: Vitalisek ($147.87 in chips)
Seat 4: sugarnom13 ($163.02 in chips)
sugarnom13: posts small blind $1
Vitalisek: posts big blind $3
*** HOLE CARDS ***
sugarnom13: calls $2
Vitalisek: checks
*** FLOP *** [3d Qc Td]
Vitalisek: bets $3
sugarnom13: folds
Uncalled bet ($3) returned to Vitalisek
Vitalisek collected $5.88 from pot
Vitalisek: doesn't show hand
*** SUMMARY ***
Total pot $6 | Rake $0.12
Board [3d Qc Td]
Seat 3: Vitalisek (big blind) collected ($5.88)
Seat 4: sugarnom13 (button) (small blind) folded on the Flop


PokerStars Hand #172001414636:  Hold'em Limit ($3/$6 USD) - 2017/06/19 23:21:09 ET
Table 'Tyumenia' 6-max Seat #4 is the button
Seat 3: Vitalisek ($149.75 in chips)
Seat 4: sugarnom13 ($161.02 in chips)
sugarnom13: posts small blind $1
Vitalisek: posts big blind $3
*** HOLE CARDS ***
sugarnom13: raises $3 to $6
Vitalisek: calls $3
*** FLOP *** [Qc 7h 5c]
Vitalisek: checks
sugarnom13: bets $3
Vitalisek: folds
Uncalled bet ($3) returned to sugarnom13
sugarnom13 collected $11.76 from pot
sugarnom13: doesn't show hand
*** SUMMARY ***
Total pot $12 | Rake $0.24
Board [Qc 7h 5c]
Seat 3: Vitalisek (big blind) folded on the Flop
Seat 4: sugarnom13 (button) (small blind) collected ($11.76)


PokerStars Hand #172001417818:  Hold'em Limit ($3/$6 USD) - 2017/06/19 23:21:20 ET
Table 'Tyumenia' 6-max Seat #3 is the button
Seat 3: Vitalisek ($143.75 in chips)
Seat 4: sugarnom13 ($166.78 in chips)
Vitalisek: posts small blind $1
sugarnom13: posts big blind $3
*** HOLE CARDS ***
Vitalisek: folds
Uncalled bet ($2) returned to sugarnom13
sugarnom13 collected $2 from pot
sugarnom13: doesn't show hand
*** SUMMARY ***
Total pot $2 | Rake $0
Seat 3: Vitalisek (button) (small blind) folded before Flop
Seat 4: sugarnom13 (big blind) collected ($2)


PokerStars Hand #172001405130:  Hold'em Limit ($3/$6 USD) - 2017/06/19 23:20:36 ET
Table 'Tyumenia' 6-max Seat #3 is the button
Seat 3: Vitalisek ($144.99 in chips)
Seat 4: sugarnom13 ($166.02 in chips)
Vitalisek: posts small blind $1
sugarnom13: posts big blind $3
*** HOLE CARDS ***
Vitalisek: calls $2
sugarnom13: checks
*** FLOP *** [6d Qc As]
sugarnom13: checks
Vitalisek: bets $3
sugarnom13: folds
Uncalled bet ($3) returned to Vitalisek
Vitalisek collected $5.88 from pot
Vitalisek: doesn't show hand
*** SUMMARY ***
Total pot $6 | Rake $0.12
Board [6d Qc As]
Seat 3: Vitalisek (button) (small blind) collected ($5.88)
Seat 4: sugarnom13 (big blind) folded on the Flop


PokerStars Hand #172001422763:  Hold'em Limit ($3/$6 USD) - 2017/06/19 23:21:37 ET
Table 'Tyumenia' 6-max Seat #3 is the button
Seat 3: Vitalisek ($136.75 in chips)
Seat 4: sugarnom13 ($173.54 in chips)
Vitalisek: posts small blind $1
sugarnom13: posts big blind $3
*** HOLE CARDS ***
Vitalisek: raises $3 to $6
sugarnom13: calls $3
*** FLOP *** [Tc 5c Qh]
sugarnom13: checks
Vitalisek: bets $3
sugarnom13: calls $3
*** TURN *** [Tc 5c Qh] [8s]
sugarnom13: checks
Vitalisek: checks
*** RIVER *** [Tc 5c Qh 8s] [2d]
sugarnom13: checks
Vitalisek: checks
*** SHOW DOWN ***
sugarnom13: shows [7h Ks] (high card King)
Vitalisek: shows [7c Kd] (high card King)
sugarnom13 collected $8.82 from pot
Vitalisek collected $8.82 from pot
*** SUMMARY ***
Total pot $18 | Rake $0.36
Board [Tc 5c Qh 8s 2d]
Seat 3: Vitalisek (button) (small blind) showed [7c Kd] and won ($8.82) with high card King
Seat 4: sugarnom13 (big blind) showed [7h Ks] and won ($8.82) with high card King


PokerStars Hand #172001419210:  Hold'em Limit ($3/$6 USD) - 2017/06/19 23:21:25 ET
Table 'Tyumenia' 6-max Seat #4 is the button
Seat 3: Vitalisek ($142.75 in chips)
Seat 4: sugarnom13 ($167.78 in chips)
sugarnom13: posts small blind $1
Vitalisek: posts big blind $3
*** HOLE CARDS ***
sugarnom13: raises $3 to $6
Vitalisek: calls $3
*** FLOP *** [9d Ah 3d]
Vitalisek: checks
sugarnom13: bets $3
Vitalisek: folds
Uncalled bet ($3) returned to sugarnom13
sugarnom13 collected $11.76 from pot
sugarnom13: doesn't show hand
*** SUMMARY ***
Total pot $12 | Rake $0.24
Board [9d Ah 3d]
Seat 3: Vitalisek (big blind) folded on the Flop
Seat 4: sugarnom13 (button) (small blind) collected ($11.76)


PokerStars Hand #172001431634:  Hold'em Limit ($3/$6 USD) - 2017/06/19 23:22:07 ET
Table 'Tyumenia' 6-max Seat #4 is the button
Seat 3: Vitalisek ($138.45 in chips)
Seat 4: sugarnom13 ($171.36 in chips)
sugarnom13: posts small blind $1
Vitalisek: posts big blind $3
*** HOLE CARDS ***
sugarnom13: calls $2
Vitalisek: checks
*** FLOP *** [Jc Qd 5d]
Vitalisek: bets $3
sugarnom13: folds
Uncalled bet ($3) returned to Vitalisek
Vitalisek collected $5.88 from pot
Vitalisek: doesn't show hand
*** SUMMARY ***
Total pot $6 | Rake $0.12
Board [Jc Qd 5d]
Seat 3: Vitalisek (big blind) collected ($5.88)
Seat 4: sugarnom13 (button) (small blind) folded on the Flop


PokerStars Hand #172001435394:  Hold'em Limit ($3/$6 USD) - 2017/06/19 23:22:20 ET
Table 'Tyumenia' 6-max Seat #3 is the button
Seat 3: Vitalisek ($141.33 in chips)
Seat 4: sugarnom13 ($168.36 in chips)
Vitalisek: posts small blind $1
sugarnom13: posts big blind $3
*** HOLE CARDS ***
Vitalisek: folds
Uncalled bet ($2) returned to sugarnom13
sugarnom13 collected $2 from pot
sugarnom13: doesn't show hand
*** SUMMARY ***
Total pot $2 | Rake $0
Seat 3: Vitalisek (button) (small blind) folded before Flop
Seat 4: sugarnom13 (big blind) collected ($2)


PokerStars Hand #172001430221:  Hold'em Limit ($3/$6 USD) - 2017/06/19 23:22:03 ET
Table 'Tyumenia' 6-max Seat #3 is the button
Seat 3: Vitalisek ($139.45 in chips)
Seat 4: sugarnom13 ($170.36 in chips)
Vitalisek: posts small blind $1
sugarnom13: posts big blind $3
*** HOLE CARDS ***
Vitalisek: folds
Uncalled bet ($2) returned to sugarnom13
sugarnom13 collected $2 from pot
sugarnom13: doesn't show hand
*** SUMMARY ***
Total pot $2 | Rake $0
Seat 3: Vitalisek (button) (small blind) folded before Flop
Seat 4: sugarnom13 (big blind) collected ($2)


PokerStars Hand #172001427455:  Hold'em Limit ($3/$6 USD) - 2017/06/19 23:21:53 ET
Table 'Tyumenia' 6-max Seat #4 is the button
Seat 3: Vitalisek ($136.57 in chips)
Seat 4: sugarnom13 ($173.36 in chips)
sugarnom13: posts small blind $1
Vitalisek: posts big blind $3
*** HOLE CARDS ***
sugarnom13: calls $2
Vitalisek: checks
*** FLOP *** [6d 4s Ks]
Vitalisek: bets $3
sugarnom13: folds
Uncalled bet ($3) returned to Vitalisek
Vitalisek collected $5.88 from pot
Vitalisek: doesn't show hand
*** SUMMARY ***
Total pot $6 | Rake $0.12
Board [6d 4s Ks]
Seat 3: Vitalisek (big blind) collected ($5.88)
Seat 4: sugarnom13 (button) (small blind) folded on the Flop


PokerStars Hand #172001446348:  Hold'em Limit ($3/$6 USD) - 2017/06/19 23:22:58 ET
Table 'Tyumenia' 6-max Seat #4 is the button
Seat 3: Vitalisek ($130.33 in chips)
Seat 4: sugarnom13 ($179 in chips)
sugarnom13: posts small blind $1
Vitalisek: posts big blind $3
*** HOLE CARDS ***
sugarnom13: raises $3 to $6
Vitalisek: folds
Uncalled bet ($3) returned to sugarnom13
sugarnom13 collected $6 from pot
sugarnom13: doesn't show hand
*** SUMMARY ***
Total pot $6 | Rake $0
Seat 3: Vitalisek (big blind) folded before Flop
Seat 4: sugarnom13 (button) (small blind) collected ($6)


PokerStars Hand #172001448766:  Hold'em Limit ($3/$6 USD) - 2017/06/19 23:23:06 ET
Table 'Tyumenia' 6-max Seat #3 is the button
Seat 3: Vitalisek ($127.33 in chips)
Seat 4: sugarnom13 ($182 in chips)
Vitalisek: posts small blind $1
sugarnom13: posts big blind $3
*** HOLE CARDS ***
Vitalisek: raises $3 to $6
sugarnom13: calls $3
*** FLOP *** [4d 4c 5h]
sugarnom13: checks
Vitalisek: bets $3
sugarnom13: raises $3 to $6
Vitalisek: folds
Uncalled bet ($3) returned to sugarnom13
sugarnom13 collected $17.64 from pot
sugarnom13: doesn't show hand
*** SUMMARY ***
Total pot $18 | Rake $0.36
Board [4d 4c 5h]
Seat 3: Vitalisek (button) (small blind) folded on the Flop
Seat 4: sugarnom13 (big blind) collected ($17.64)


PokerStars Hand #172001444906:  Hold'em Limit ($3/$6 USD) - 2017/06/19 23:22:53 ET
Table 'Tyumenia' 6-max Seat #3 is the button
Seat 3: Vitalisek ($131.33 in chips)
Seat 4: sugarnom13 ($178 in chips)
Vitalisek: posts small blind $1
sugarnom13: posts big blind $3
*** HOLE CARDS ***
Vitalisek: folds
Uncalled bet ($2) returned to sugarnom13
sugarnom13 collected $2 from pot
sugarnom13: doesn't show hand
*** SUMMARY ***
Total pot $2 | Rake $0
Seat 3: Vitalisek (button) (small blind) folded before Flop
Seat 4: sugarnom13 (big blind) collected ($2)


PokerStars Hand #172001436883:  Hold'em Limit ($3/$6 USD) - 2017/06/19 23:22:25 ET
Table 'Tyumenia' 6-max Seat #4 is the button
Seat 3: Vitalisek ($140.33 in chips)
Seat 4: sugarnom13 ($169.36 in chips)
sugarnom13: posts small blind $1
Vitalisek: posts big blind $3
*** HOLE CARDS ***
sugarnom13: calls $2
Vitalisek: checks
*** FLOP *** [5d Qs 8h]
Vitalisek: bets $3
sugarnom13: raises $3 to $6
Vitalisek: calls $3
*** TURN *** [5d Qs 8h] [5h]
Vitalisek: checks
sugarnom13: bets $6
Vitalisek: folds
Uncalled bet ($6) returned to sugarnom13
sugarnom13 collected $17.64 from pot
sugarnom13: doesn't show hand
*** SUMMARY ***
Total pot $18 | Rake $0.36
Board [5d Qs 8h 5h]
Seat 3: Vitalisek (big blind) folded on the Turn
Seat 4: sugarnom13 (button) (small blind) collected ($17.64)


PokerStars Hand #172001470378:  Hold'em Limit ($3/$6 USD) - 2017/06/19 23:24:08 ET
Table 'Tyumenia' 6-max Seat #4 is the button
Seat 3: Vitalisek ($97.33 in chips)
Seat 4: sugarnom13 ($210.90 in chips)
sugarnom13: posts small blind $1
Vitalisek: posts big blind $3
*** HOLE CARDS ***
sugarnom13: raises $3 to $6
Vitalisek: calls $3
*** FLOP *** [9h Jd 5d]
Vitalisek: checks
sugarnom13: bets $3
Vitalisek: raises $3 to $6
sugarnom13: raises $3 to $9
Vitalisek: calls $3
*** TURN *** [9h Jd 5d] [2h]
sokol-max-PS joins the table at seat #5
Vitalisek: checks
sugarnom13: checks
*** RIVER *** [9h Jd 5d 2h] [2s]
Vitalisek: bets $6
sugarnom13: calls $6
*** SHOW DOWN ***
Vitalisek: shows [3d 8d] (a pair of Deuces)
sugarnom13: shows [Kd Qd] (a pair of Deuces - King kicker)
sugarnom13 collected $41.50 from pot
*** SUMMARY ***
Total pot $42 | Rake $0.50
Board [9h Jd 5d 2h 2s]
Seat 3: Vitalisek (big blind) showed [3d 8d] and lost with a pair of Deuces
Seat 4: sugarnom13 (button) (small blind) showed [Kd Qd] and won ($41.50) with a pair of Deuces


PokerStars Hand #172001454821:  Hold'em Limit ($3/$6 USD) - 2017/06/19 23:23:27 ET
Table 'Tyumenia' 6-max Seat #4 is the button
Seat 3: Vitalisek ($118.33 in chips)
Seat 4: sugarnom13 ($190.64 in chips)
sugarnom13: posts small blind $1
Vitalisek: posts big blind $3
*** HOLE CARDS ***
sugarnom13: calls $2
Vitalisek: raises $3 to $6
sugarnom13: calls $3
*** FLOP *** [6c Ts 4c]
Vitalisek: bets $3
sugarnom13: calls $3
*** TURN *** [6c Ts 4c] [Tc]
Vitalisek: bets $6
sugarnom13: calls $6
*** RIVER *** [6c Ts 4c Tc] [7s]
Vitalisek: checks
sugarnom13: checks
*** SHOW DOWN ***
Vitalisek: shows [5c Ah] (a pair of Tens)
sugarnom13: shows [3h 6d] (two pair, Tens and Sixes)
sugarnom13 collected $29.50 from pot
*** SUMMARY ***
Total pot $30 | Rake $0.50
Board [6c Ts 4c Tc 7s]
Seat 3: Vitalisek (big blind) showed [5c Ah] and lost with a pair of Tens
Seat 4: sugarnom13 (button) (small blind) showed [3h 6d] and won ($29.50) with two pair, Tens and Sixes


PokerStars Hand #172001466048:  Hold'em Limit ($3/$6 USD) - 2017/06/19 23:23:53 ET
Table 'Tyumenia' 6-max Seat #3 is the button
Seat 3: Vitalisek ($103.33 in chips)
Seat 4: sugarnom13 ($205.14 in chips)
Vitalisek: posts small blind $1
sugarnom13: posts big blind $3
*** HOLE CARDS ***
Vitalisek: calls $2
sugarnom13: raises $3 to $6
Vitalisek: calls $3
*** FLOP *** [5c 9s Ks]
sugarnom13: bets $3
Vitalisek: folds
Uncalled bet ($3) returned to sugarnom13
sugarnom13 collected $11.76 from pot
sugarnom13: doesn't show hand
*** SUMMARY ***
Total pot $12 | Rake $0.24
Board [5c 9s Ks]
Seat 3: Vitalisek (button) (small blind) folded on the Flop
Seat 4: sugarnom13 (big blind) collected ($11.76)


PokerStars Hand #172001477166:  Hold'em Limit ($3/$6 USD) - 2017/06/19 23:24:31 ET
Table 'Tyumenia' 6-max Seat #3 is the button
Seat 3: Vitalisek ($76.33 in chips)
Seat 4: sugarnom13 ($231.40 in chips)
Vitalisek: posts small blind $1
sugarnom13: posts big blind $3
*** HOLE CARDS ***
Vitalisek: folds
Uncalled bet ($2) returned to sugarnom13
sugarnom13 collected $2 from pot
sugarnom13: doesn't show hand
*** SUMMARY ***
Total pot $2 | Rake $0
Seat 3: Vitalisek (button) (small blind) folded before Flop
Seat 4: sugarnom13 (big blind) collected ($2)


PokerStars Hand #172001752395:  Hold'em Limit ($3/$6 USD) - 2017/06/19 23:40:38 ET
Table 'Tyumenia' 6-max Seat #5 is the button
Seat 4: shawnm20 ($31.08 in chips)
Seat 5: sokol-max-PS ($93.29 in chips)
ak9mm357 joins the table at seat #1
sokol-max-PS: posts small blind $1
Johnliu: is sitting out
shawnm20: posts big blind $3
*** HOLE CARDS ***
sokol-max-PS: folds
Uncalled bet ($2) returned to shawnm20
shawnm20 collected $2 from pot
*** SUMMARY ***
Total pot $2 | Rake $0
Seat 4: shawnm20 (big blind) collected ($2)
Seat 5: sokol-max-PS (button) (small blind) folded before Flop


PokerStars Hand #172001756779:  Hold'em Limit ($3/$6 USD) - 2017/06/19 23:40:53 ET
Table 'Tyumenia' 6-max Seat #4 is the button
Seat 4: shawnm20 ($32.08 in chips)
Seat 5: sokol-max-PS ($92.29 in chips)
shawnm20: posts small blind $1
sokol-max-PS: posts big blind $3
*** HOLE CARDS ***
shawnm20: folds
Uncalled bet ($2) returned to sokol-max-PS
sokol-max-PS collected $2 from pot
*** SUMMARY ***
Total pot $2 | Rake $0
Seat 4: shawnm20 (button) (small blind) folded before Flop
Seat 5: sokol-max-PS (big blind) collected ($2)


PokerStars Hand #172001831968:  Hold'em Limit ($3/$6 USD) - 2017/06/19 23:45:21 ET
Table 'Tyumenia' 6-max Seat #2 is the button
Seat 1: ak9mm357 ($82.41 in chips)
Seat 2: Johnliu ($128.41 in chips)
Johnliu: posts small blind $1
sokol-max-PS has timed out while being disconnected
sokol-max-PS: is sitting out
ak9mm357: posts big blind $3
*** HOLE CARDS ***
sokol-max-PS is disconnected
Johnliu: raises $3 to $6
ak9mm357: calls $3
*** FLOP *** [2d 6c 5h]
ak9mm357: checks
Johnliu: checks
*** TURN *** [2d 6c 5h] [Js]
ak9mm357: bets $6
Johnliu: folds
Uncalled bet ($6) returned to ak9mm357
ak9mm357 collected $11.76 from pot
*** SUMMARY ***
Total pot $12 | Rake $0.24
Board [2d 6c 5h Js]
Seat 1: ak9mm357 (big blind) collected ($11.76)
Seat 2: Johnliu (button) (small blind) folded on the Turn


PokerStars Hand #172001843670:  Hold'em Limit ($3/$6 USD) - 2017/06/19 23:46:04 ET
Table 'Tyumenia' 6-max Seat #1 is the button
Seat 1: ak9mm357 ($88.17 in chips)
Seat 2: Johnliu ($122.41 in chips)
ak9mm357: posts small blind $1
Johnliu: posts big blind $3
*** HOLE CARDS ***
ak9mm357: raises $3 to $6
Johnliu: calls $3
*** FLOP *** [2h 6d 7c]
Johnliu: checks
ak9mm357: bets $3
Johnliu: raises $3 to $6
ak9mm357: calls $3
*** TURN *** [2h 6d 7c] [Qc]
Johnliu: bets $6
ak9mm357: folds
Uncalled bet ($6) returned to Johnliu
Johnliu collected $23.52 from pot
Johnliu: doesn't show hand
*** SUMMARY ***
Total pot $24 | Rake $0.48
Board [2h 6d 7c Qc]
Seat 1: ak9mm357 (button) (small blind) folded on the Turn
Seat 2: Johnliu (big blind) collected ($23.52)


PokerStars Hand #172001892848:  Hold'em Limit ($3/$6 USD) - 2017/06/19 23:49:05 ET
Table 'Tyumenia' 6-max Seat #5 is the button
Seat 1: ak9mm357 ($55.91 in chips)
Seat 5: sokol-max-PS ($70.54 in chips)
sokol-max-PS: posts small blind $1
ak9mm357: posts big blind $3
*** HOLE CARDS ***
sokol-max-PS: raises $3 to $6
ak9mm357: calls $3
*** FLOP *** [Jc 6h Kh]
ak9mm357: checks
sokol-max-PS: bets $3
ak9mm357: raises $3 to $6
sokol-max-PS: calls $3
*** TURN *** [Jc 6h Kh] [Ts]
ak9mm357: bets $6
sokol-max-PS: calls $6
*** RIVER *** [Jc 6h Kh Ts] [8h]
ak9mm357: bets $6
sokol-max-PS: folds
Uncalled bet ($6) returned to ak9mm357
ak9mm357 collected $35.50 from pot
*** SUMMARY ***
Total pot $36 | Rake $0.50
Board [Jc 6h Kh Ts 8h]
Seat 1: ak9mm357 (big blind) collected ($35.50)
Seat 5: sokol-max-PS (button) (small blind) folded on the River


PokerStars Hand #172001891359:  Hold'em Limit ($3/$6 USD) - 2017/06/19 23:48:59 ET
Table 'Tyumenia' 6-max Seat #1 is the button
Seat 1: ak9mm357 ($56.91 in chips)
Seat 5: sokol-max-PS ($69.54 in chips)
ak9mm357: posts small blind $1
Johnliu: is sitting out
sokol-max-PS: posts big blind $3
*** HOLE CARDS ***
ak9mm357: folds
Uncalled bet ($2) returned to sokol-max-PS
sokol-max-PS collected $2 from pot
*** SUMMARY ***
Total pot $2 | Rake $0
Seat 1: ak9mm357 (button) (small blind) folded before Flop
Seat 5: sokol-max-PS (big blind) collected ($2)


PokerStars Hand #172001906168:  Hold'em Limit ($3/$6 USD) - 2017/06/19 23:49:36 ET
Table 'Tyumenia' 6-max Seat #1 is the button
Seat 1: ak9mm357 ($73.41 in chips)
Seat 5: sokol-max-PS ($52.54 in chips)
ak9mm357: posts small blind $1
sokol-max-PS: posts big blind $3
*** HOLE CARDS ***
ak9mm357: calls $2
sokol-max-PS: checks
*** FLOP *** [Th 6h 2d]
sokol-max-PS: checks
ak9mm357: bets $3
sokol-max-PS: calls $3
*** TURN *** [Th 6h 2d] [Kc]
sokol-max-PS: checks
ak9mm357: bets $6
sokol-max-PS: calls $6
*** RIVER *** [Th 6h 2d Kc] [Tc]
sokol-max-PS: checks
ak9mm357: bets $6
sokol-max-PS: calls $6
*** SHOW DOWN ***
ak9mm357: shows [7c Td] (three of a kind, Tens)
sokol-max-PS: mucks hand
ak9mm357 collected $35.50 from pot
*** SUMMARY ***
Total pot $36 | Rake $0.50
Board [Th 6h 2d Kc Tc]
Seat 1: ak9mm357 (button) (small blind) showed [7c Td] and won ($35.50) with three of a kind, Tens
Seat 5: sokol-max-PS (big blind) mucked


PokerStars Hand #172001914936:  Hold'em Limit ($3/$6 USD) - 2017/06/19 23:50:08 ET
Table 'Tyumenia' 6-max Seat #5 is the button
Seat 1: ak9mm357 ($90.91 in chips)
Seat 5: sokol-max-PS ($34.54 in chips)
sokol-max-PS: posts small blind $1
ak9mm357: posts big blind $3
*** HOLE CARDS ***
sokol-max-PS: raises $3 to $6
ak9mm357: calls $3
*** FLOP *** [Qs 9h 5c]
ak9mm357: checks
sokol-max-PS: bets $3
ak9mm357: calls $3
*** TURN *** [Qs 9h 5c] [Td]
ak9mm357: checks
sokol-max-PS: checks
*** RIVER *** [Qs 9h 5c Td] [Qd]
ak9mm357: checks
sokol-max-PS: checks
*** SHOW DOWN ***
ak9mm357: shows [8d Ac] (a pair of Queens)
sokol-max-PS: shows [As 6h] (a pair of Queens)
ak9mm357 collected $8.82 from pot
sokol-max-PS collected $8.82 from pot
*** SUMMARY ***
Total pot $18 | Rake $0.36
Board [Qs 9h 5c Td Qd]
Seat 1: ak9mm357 (big blind) showed [8d Ac] and won ($8.82) with a pair of Queens
Seat 5: sokol-max-PS (button) (small blind) showed [As 6h] and won ($8.82) with a pair of Queens


PokerStars Hand #172001939647:  Hold'em Limit ($3/$6 USD) - 2017/06/19 23:51:40 ET
Table 'Tyumenia' 6-max Seat #1 is the button
Seat 1: ak9mm357 ($51.19 in chips)
Seat 5: sokol-max-PS ($80.45 in chips)
ak9mm357: posts small blind $1
Johnliu: is sitting out
sokol-max-PS: posts big blind $3
*** HOLE CARDS ***
ak9mm357: raises $3 to $6
sokol-max-PS: calls $3
*** FLOP *** [3h 4c Qh]
sokol-max-PS: checks
ak9mm357: bets $3
sokol-max-PS: calls $3
*** TURN *** [3h 4c Qh] [Qs]
sokol-max-PS: checks
ak9mm357: bets $6
sokol-max-PS: calls $6
*** RIVER *** [3h 4c Qh Qs] [Qd]
sokol-max-PS: checks
ak9mm357: bets $6
sokol-max-PS: raises $6 to $12
ak9mm357: folds
Uncalled bet ($6) returned to sokol-max-PS
sokol-max-PS collected $41.50 from pot
*** SUMMARY ***
Total pot $42 | Rake $0.50
Board [3h 4c Qh Qs Qd]
Seat 1: ak9mm357 (button) (small blind) folded on the River
Seat 5: sokol-max-PS (big blind) collected ($41.50)


PokerStars Hand #172001958451:  Hold'em Limit ($3/$6 USD) - 2017/06/19 23:52:51 ET
Table 'Tyumenia' 6-max Seat #5 is the button
Seat 1: ak9mm357 ($37.83 in chips)
Seat 5: sokol-max-PS ($92.95 in chips)
sokol-max-PS: posts small blind $1
ak9mm357: posts big blind $3
*** HOLE CARDS ***
sokol-max-PS: folds
Uncalled bet ($2) returned to ak9mm357
ak9mm357 collected $2 from pot
*** SUMMARY ***
Total pot $2 | Rake $0
Seat 1: ak9mm357 (big blind) collected ($2)
Seat 5: sokol-max-PS (button) (small blind) folded before Flop


PokerStars Hand #172001957124:  Hold'em Limit ($3/$6 USD) - 2017/06/19 23:52:46 ET
Table 'Tyumenia' 6-max Seat #1 is the button
Seat 1: ak9mm357 ($38.83 in chips)
Seat 5: sokol-max-PS ($91.95 in chips)
ak9mm357: posts small blind $1
sokol-max-PS: posts big blind $3
*** HOLE CARDS ***
ak9mm357: folds
Uncalled bet ($2) returned to sokol-max-PS
sokol-max-PS collected $2 from pot
*** SUMMARY ***
Total pot $2 | Rake $0
Seat 1: ak9mm357 (button) (small blind) folded before Flop
Seat 5: sokol-max-PS (big blind) collected ($2)


PokerStars Hand #172001964329:  Hold'em Limit ($3/$6 USD) - 2017/06/19 23:53:13 ET
Table 'Tyumenia' 6-max Seat #5 is the button
Seat 1: ak9mm357 ($37.83 in chips)
Seat 5: sokol-max-PS ($92.95 in chips)
sokol-max-PS: posts small blind $1
ak9mm357: posts big blind $3
*** HOLE CARDS ***
sokol-max-PS: folds
Uncalled bet ($2) returned to ak9mm357
ak9mm357 collected $2 from pot
*** SUMMARY ***
Total pot $2 | Rake $0
Seat 1: ak9mm357 (big blind) collected ($2)
Seat 5: sokol-max-PS (button) (small blind) folded before Flop


PokerStars Hand #172001962603:  Hold'em Limit ($3/$6 USD) - 2017/06/19 23:53:06 ET
Table 'Tyumenia' 6-max Seat #1 is the button
Seat 1: ak9mm357 ($34.83 in chips)
Seat 5: sokol-max-PS ($95.95 in chips)
ak9mm357: posts small blind $1
sokol-max-PS: posts big blind $3
*** HOLE CARDS ***
ak9mm357: raises $3 to $6
sokol-max-PS: folds
Uncalled bet ($3) returned to ak9mm357
ak9mm357 collected $6 from pot
*** SUMMARY ***
Total pot $6 | Rake $0
Seat 1: ak9mm357 (button) (small blind) collected ($6)
Seat 5: sokol-max-PS (big blind) folded before Flop


PokerStars Hand #172001961085:  Hold'em Limit ($3/$6 USD) - 2017/06/19 23:53:00 ET
Table 'Tyumenia' 6-max Seat #5 is the button
Seat 1: ak9mm357 ($37.83 in chips)
Seat 5: sokol-max-PS ($92.95 in chips)
sokol-max-PS: posts small blind $1
ak9mm357: posts big blind $3
*** HOLE CARDS ***
sokol-max-PS: raises $3 to $6
ak9mm357: folds
Uncalled bet ($3) returned to sokol-max-PS
sokol-max-PS collected $6 from pot
*** SUMMARY ***
Total pot $6 | Rake $0
Seat 1: ak9mm357 (big blind) folded before Flop
Seat 5: sokol-max-PS (button) (small blind) collected ($6)


PokerStars Hand #172001959674:  Hold'em Limit ($3/$6 USD) - 2017/06/19 23:52:55 ET
Table 'Tyumenia' 6-max Seat #1 is the button
Seat 1: ak9mm357 ($38.83 in chips)
Seat 5: sokol-max-PS ($91.95 in chips)
ak9mm357: posts small blind $1
sokol-max-PS: posts big blind $3
*** HOLE CARDS ***
ak9mm357: folds
Uncalled bet ($2) returned to sokol-max-PS
sokol-max-PS collected $2 from pot
*** SUMMARY ***
Total pot $2 | Rake $0
Seat 1: ak9mm357 (button) (small blind) folded before Flop
Seat 5: sokol-max-PS (big blind) collected ($2)


PokerStars Hand #172001948742:  Hold'em Limit ($3/$6 USD) - 2017/06/19 23:52:14 ET
Table 'Tyumenia' 6-max Seat #5 is the button
Seat 1: ak9mm357 ($30.19 in chips)
Seat 5: sokol-max-PS ($100.95 in chips)
sokol-max-PS: posts small blind $1
ak9mm357: posts big blind $3
*** HOLE CARDS ***
sokol-max-PS: raises $3 to $6
ak9mm357: calls $3
*** FLOP *** [4d 8d Th]
ak9mm357: checks
sokol-max-PS: bets $3
ak9mm357: calls $3
*** TURN *** [4d 8d Th] [3c]
ak9mm357: checks
sokol-max-PS: checks
*** RIVER *** [4d 8d Th 3c] [2c]
ak9mm357: bets $6
sokol-max-PS: folds
Uncalled bet ($6) returned to ak9mm357
ak9mm357 collected $17.64 from pot
*** SUMMARY ***
Total pot $18 | Rake $0.36
Board [4d 8d Th 3c 2c]
Seat 1: ak9mm357 (big blind) collected ($17.64)
Seat 5: sokol-max-PS (button) (small blind) folded on the River


