PokerStars Hand #158174207462:  Hold'em Limit ($3/$6 USD) - 2016/09/04 20:01:39 ET
Table 'Ucclia' 6-max Seat #4 is the button
Seat 2: krytalex ($129.18 in chips)
Seat 4: knas4 ($238.68 in chips)
knas4: posts small blind $1
vestimokrec: is sitting out
krytalex: posts big blind $3
*** HOLE CARDS ***
knas4: folds
Uncalled bet ($2) returned to krytalex
krytalex collected $2 from pot
*** SUMMARY ***
Total pot $2 | Rake $0
Seat 2: krytalex (big blind) collected ($2)
Seat 4: knas4 (button) (small blind) folded before Flop


PokerStars Hand #158179859699:  Hold'em Limit ($3/$6 USD) - 2016/09/05 0:32:40 ET
Table 'Ucclia' 6-max Seat #5 is the button
Seat 5: Mamlesi ($547.81 in chips)
Seat 6: 40 ft cliff ($21.47 in chips)
Mamlesi: posts small blind $1
40 ft cliff: posts big blind $3
*** HOLE CARDS ***
Mamlesi: raises $3 to $6
40 ft cliff: calls $3
*** FLOP *** [Ks Ac 5h]
40 ft cliff: bets $3
Mamlesi: raises $3 to $6
40 ft cliff: raises $3 to $9
Mamlesi: raises $3 to $12
Betting is capped
40 ft cliff: calls $3
*** TURN *** [Ks Ac 5h] [Jc]
40 ft cliff: bets $3.47 and is all-in
Mamlesi: calls $3.47
*** RIVER *** [Ks Ac 5h Jc] [As]
*** SHOW DOWN ***
40 ft cliff: shows [Js 5d] (two pair, Aces and Jacks)
Mamlesi: shows [7d Kd] (two pair, Aces and Kings)
Mamlesi collected $42.44 from pot
*** SUMMARY ***
Total pot $42.94 | Rake $0.50
Board [Ks Ac 5h Jc As]
Seat 5: Mamlesi (button) (small blind) showed [7d Kd] and won ($42.44) with two pair, Aces and Kings
Seat 6: 40 ft cliff (big blind) showed [Js 5d] and lost with two pair, Aces and Jacks


PokerStars Hand #158179854950:  Hold'em Limit ($3/$6 USD) - 2016/09/05 0:32:19 ET
Table 'Ucclia' 6-max Seat #6 is the button
Seat 5: Mamlesi ($539.17 in chips)
Seat 6: 40 ft cliff ($30.47 in chips)
40 ft cliff: posts small blind $1
Mamlesi: posts big blind $3
*** HOLE CARDS ***
40 ft cliff: raises $3 to $6
Mamlesi: calls $3
*** FLOP *** [Qs Ac 9d]
Mamlesi: checks
40 ft cliff: bets $3
Mamlesi: calls $3
*** TURN *** [Qs Ac 9d] [4d]
Mamlesi: checks
40 ft cliff: checks
*** RIVER *** [Qs Ac 9d 4d] [3d]
Mamlesi: checks
40 ft cliff: checks
*** SHOW DOWN ***
Mamlesi: shows [8d Td] (a flush, Ten high)
40 ft cliff: mucks hand
Mamlesi collected $17.64 from pot
*** SUMMARY ***
Total pot $18 | Rake $0.36
Board [Qs Ac 9d 4d 3d]
Seat 5: Mamlesi (big blind) showed [8d Td] and won ($17.64) with a flush, Ten high
Seat 6: 40 ft cliff (button) (small blind) mucked


PokerStars Hand #158179872661:  Hold'em Limit ($3/$6 USD) - 2016/09/05 0:33:36 ET
Table 'Ucclia' 6-max Seat #2 is the button
Seat 2: krytalex ($188.32 in chips)
Seat 5: Mamlesi ($568.78 in chips)
krytalex: posts small blind $1
Mamlesi: posts big blind $3
*** HOLE CARDS ***
krytalex: raises $3 to $6
Mamlesi: folds
Uncalled bet ($3) returned to krytalex
krytalex collected $6 from pot
*** SUMMARY ***
Total pot $6 | Rake $0
Seat 2: krytalex (button) (small blind) collected ($6)
Seat 5: Mamlesi (big blind) folded before Flop


PokerStars Hand #158179876411:  Hold'em Limit ($3/$6 USD) - 2016/09/05 0:33:53 ET
Table 'Ucclia' 6-max Seat #5 is the button
Seat 2: krytalex ($191.32 in chips)
Seat 5: Mamlesi ($565.78 in chips)
Mamlesi: posts small blind $1
krytalex: posts big blind $3
*** HOLE CARDS ***
Mamlesi: raises $3 to $6
krytalex: calls $3
*** FLOP *** [7h 4s Js]
krytalex: checks
Mamlesi: bets $3
krytalex: raises $3 to $6
Mamlesi: calls $3
*** TURN *** [7h 4s Js] [8s]
krytalex: bets $6
Mamlesi: calls $6
*** RIVER *** [7h 4s Js 8s] [As]
krytalex: bets $6
Mamlesi: raises $6 to $12
krytalex: calls $6
*** SHOW DOWN ***
Mamlesi: shows [Qc Td] (high card Ace)
krytalex: shows [7s 9s] (a flush, Ace high)
krytalex collected $59.50 from pot
*** SUMMARY ***
Total pot $60 | Rake $0.50
Board [7h 4s Js 8s As]
Seat 2: krytalex (big blind) showed [7s 9s] and won ($59.50) with a flush, Ace high
Seat 5: Mamlesi (button) (small blind) showed [Qc Td] and lost with high card Ace


PokerStars Hand #158179895534:  Hold'em Limit ($3/$6 USD) - 2016/09/05 0:35:10 ET
Table 'Ucclia' 6-max Seat #5 is the button
Seat 2: krytalex ($268.32 in chips)
Seat 5: Mamlesi ($487.78 in chips)
Mamlesi: posts small blind $1
krytalex: posts big blind $3
*** HOLE CARDS ***
Mamlesi: raises $3 to $6
krytalex: calls $3
*** FLOP *** [9c 5d 9s]
krytalex: checks
Mamlesi: bets $3
krytalex: raises $3 to $6
Mamlesi: folds
Uncalled bet ($3) returned to krytalex
krytalex collected $17.64 from pot
*** SUMMARY ***
Total pot $18 | Rake $0.36
Board [9c 5d 9s]
Seat 2: krytalex (big blind) collected ($17.64)
Seat 5: Mamlesi (button) (small blind) folded on the Flop


PokerStars Hand #158179884758:  Hold'em Limit ($3/$6 USD) - 2016/09/05 0:34:30 ET
Table 'Ucclia' 6-max Seat #2 is the button
Seat 2: krytalex ($220.82 in chips)
Seat 5: Mamlesi ($535.78 in chips)
krytalex: posts small blind $1
Mamlesi: posts big blind $3
*** HOLE CARDS ***
krytalex: raises $3 to $6
Mamlesi: raises $3 to $9
krytalex: calls $3
*** FLOP *** [8d Kd 6d]
Mamlesi: bets $3
krytalex: raises $3 to $6
Mamlesi: raises $3 to $9
krytalex: calls $3
*** TURN *** [8d Kd 6d] [Js]
Mamlesi: bets $6
krytalex: raises $6 to $12
Mamlesi: raises $6 to $18
krytalex: raises $6 to $24
Betting is capped
Mamlesi: calls $6
*** RIVER *** [8d Kd 6d Js] [4d]
Mamlesi: checks
krytalex: bets $6
Mamlesi: calls $6
*** SHOW DOWN ***
krytalex: shows [Qd 5d] (a flush, King high)
Mamlesi: mucks hand
krytalex collected $95.50 from pot
*** SUMMARY ***
Total pot $96 | Rake $0.50
Board [8d Kd 6d Js 4d]
Seat 2: krytalex (button) (small blind) showed [Qd 5d] and won ($95.50) with a flush, King high
Seat 5: Mamlesi (big blind) mucked


PokerStars Hand #158179911148:  Hold'em Limit ($3/$6 USD) - 2016/09/05 0:36:18 ET
Table 'Ucclia' 6-max Seat #2 is the button
Seat 2: krytalex ($300.46 in chips)
Seat 5: Mamlesi ($454.78 in chips)
krytalex: posts small blind $1
Mamlesi: posts big blind $3
*** HOLE CARDS ***
krytalex: folds
Uncalled bet ($2) returned to Mamlesi
Mamlesi collected $2 from pot
Mamlesi: doesn't show hand
*** SUMMARY ***
Total pot $2 | Rake $0
Seat 2: krytalex (button) (small blind) folded before Flop
Seat 5: Mamlesi (big blind) collected ($2)


PokerStars Hand #158179903880:  Hold'em Limit ($3/$6 USD) - 2016/09/05 0:35:46 ET
Table 'Ucclia' 6-max Seat #5 is the button
Seat 2: krytalex ($279.96 in chips)
Seat 5: Mamlesi ($475.78 in chips)
Mamlesi: posts small blind $1
krytalex: posts big blind $3
*** HOLE CARDS ***
Mamlesi: raises $3 to $6
krytalex: calls $3
*** FLOP *** [8d 2s 6c]
krytalex: checks
Mamlesi: bets $3
krytalex: calls $3
*** TURN *** [8d 2s 6c] [Jc]
krytalex: checks
Mamlesi: bets $6
krytalex: calls $6
*** RIVER *** [8d 2s 6c Jc] [Qd]
krytalex: checks
Mamlesi: bets $6
krytalex: calls $6
*** SHOW DOWN ***
Mamlesi: shows [9c 7c] (high card Queen)
krytalex: shows [6s 4h] (a pair of Sixes)
krytalex collected $41.50 from pot
*** SUMMARY ***
Total pot $42 | Rake $0.50
Board [8d 2s 6c Jc Qd]
Seat 2: krytalex (big blind) showed [6s 4h] and won ($41.50) with a pair of Sixes
Seat 5: Mamlesi (button) (small blind) showed [9c 7c] and lost with high card Queen


PokerStars Hand #158179912280:  Hold'em Limit ($3/$6 USD) - 2016/09/05 0:36:23 ET
Table 'Ucclia' 6-max Seat #5 is the button
Seat 2: krytalex ($299.46 in chips)
Seat 5: Mamlesi ($455.78 in chips)
Mamlesi: posts small blind $1
krytalex: posts big blind $3
*** HOLE CARDS ***
Mamlesi: folds
Uncalled bet ($2) returned to krytalex
krytalex collected $2 from pot
*** SUMMARY ***
Total pot $2 | Rake $0
Seat 2: krytalex (big blind) collected ($2)
Seat 5: Mamlesi (button) (small blind) folded before Flop


PokerStars Hand #158179900136:  Hold'em Limit ($3/$6 USD) - 2016/09/05 0:35:30 ET
Table 'Ucclia' 6-max Seat #2 is the button
Seat 2: krytalex ($276.96 in chips)
Seat 5: Mamlesi ($478.78 in chips)
krytalex: posts small blind $1
Mamlesi: posts big blind $3
*** HOLE CARDS ***
krytalex: raises $3 to $6
Mamlesi: folds
Uncalled bet ($3) returned to krytalex
krytalex collected $6 from pot
*** SUMMARY ***
Total pot $6 | Rake $0
Seat 2: krytalex (button) (small blind) collected ($6)
Seat 5: Mamlesi (big blind) folded before Flop


PokerStars Hand #158179927468:  Hold'em Limit ($3/$6 USD) - 2016/09/05 0:37:30 ET
Table 'Ucclia' 6-max Seat #2 is the button
Seat 2: krytalex ($240.46 in chips)
Seat 5: Mamlesi ($513.78 in chips)
krytalex: posts small blind $1
Mamlesi: posts big blind $3
*** HOLE CARDS ***
krytalex: folds
Uncalled bet ($2) returned to Mamlesi
Mamlesi collected $2 from pot
Mamlesi: doesn't show hand
*** SUMMARY ***
Total pot $2 | Rake $0
Seat 2: krytalex (button) (small blind) folded before Flop
Seat 5: Mamlesi (big blind) collected ($2)


PokerStars Hand #158179921867:  Hold'em Limit ($3/$6 USD) - 2016/09/05 0:37:05 ET
Table 'Ucclia' 6-max Seat #5 is the button
Seat 2: krytalex ($261.46 in chips)
Seat 5: Mamlesi ($493.28 in chips)
Mamlesi: posts small blind $1
krytalex: posts big blind $3
*** HOLE CARDS ***
Mamlesi: raises $3 to $6
krytalex: calls $3
*** FLOP *** [2c Ad 4h]
krytalex: checks
Mamlesi: bets $3
krytalex: calls $3
*** TURN *** [2c Ad 4h] [6s]
krytalex: checks
Mamlesi: bets $6
krytalex: calls $6
*** RIVER *** [2c Ad 4h 6s] [3c]
krytalex: checks
Mamlesi: bets $6
krytalex: calls $6
*** SHOW DOWN ***
Mamlesi: shows [6h 5c] (a straight, Deuce to Six)
krytalex: mucks hand
Mamlesi collected $41.50 from pot
*** SUMMARY ***
Total pot $42 | Rake $0.50
Board [2c Ad 4h 6s 3c]
Seat 2: krytalex (big blind) mucked
Seat 5: Mamlesi (button) (small blind) showed [6h 5c] and won ($41.50) with a straight, Deuce to Six


PokerStars Hand #158179913455:  Hold'em Limit ($3/$6 USD) - 2016/09/05 0:36:28 ET
Table 'Ucclia' 6-max Seat #2 is the button
Seat 2: krytalex ($300.46 in chips)
Seat 5: Mamlesi ($454.78 in chips)
krytalex: posts small blind $1
Mamlesi: posts big blind $3
*** HOLE CARDS ***
krytalex: raises $3 to $6
Mamlesi: calls $3
*** FLOP *** [8s 4c Js]
Mamlesi: checks
krytalex: bets $3
Mamlesi: calls $3
*** TURN *** [8s 4c Js] [5c]
Mamlesi: checks
krytalex: bets $6
Mamlesi: raises $6 to $12
krytalex: raises $6 to $18
Mamlesi: raises $6 to $24
Betting is capped
krytalex: calls $6
*** RIVER *** [8s 4c Js 5c] [3h]
Mamlesi: checks
krytalex: bets $6
Mamlesi: calls $6
*** SHOW DOWN ***
krytalex: shows [5h Jh] (two pair, Jacks and Fives)
Mamlesi: shows [Jc 8c] (two pair, Jacks and Eights)
Mamlesi collected $77.50 from pot
*** SUMMARY ***
Total pot $78 | Rake $0.50
Board [8s 4c Js 5c 3h]
Seat 2: krytalex (button) (small blind) showed [5h Jh] and lost with two pair, Jacks and Fives
Seat 5: Mamlesi (big blind) showed [Jc 8c] and won ($77.50) with two pair, Jacks and Eights


PokerStars Hand #158179938454:  Hold'em Limit ($3/$6 USD) - 2016/09/05 0:38:18 ET
Table 'Ucclia' 6-max Seat #5 is the button
Seat 2: krytalex ($233.46 in chips)
Seat 5: Mamlesi ($520.42 in chips)
Mamlesi: posts small blind $1
krytalex: posts big blind $3
*** HOLE CARDS ***
Mamlesi: folds
Uncalled bet ($2) returned to krytalex
krytalex collected $2 from pot
*** SUMMARY ***
Total pot $2 | Rake $0
Seat 2: krytalex (big blind) collected ($2)
Seat 5: Mamlesi (button) (small blind) folded before Flop


PokerStars Hand #158179937326:  Hold'em Limit ($3/$6 USD) - 2016/09/05 0:38:14 ET
Table 'Ucclia' 6-max Seat #2 is the button
Seat 2: krytalex ($234.46 in chips)
Seat 5: Mamlesi ($519.42 in chips)
krytalex: posts small blind $1
Mamlesi: posts big blind $3
*** HOLE CARDS ***
krytalex: folds
Uncalled bet ($2) returned to Mamlesi
Mamlesi collected $2 from pot
Mamlesi: doesn't show hand
*** SUMMARY ***
Total pot $2 | Rake $0
Seat 2: krytalex (button) (small blind) folded before Flop
Seat 5: Mamlesi (big blind) collected ($2)


PokerStars Hand #158179931641:  Hold'em Limit ($3/$6 USD) - 2016/09/05 0:37:48 ET
Table 'Ucclia' 6-max Seat #5 is the button
Seat 2: krytalex ($243.46 in chips)
Seat 5: Mamlesi ($510.78 in chips)
Mamlesi: posts small blind $1
krytalex: posts big blind $3
*** HOLE CARDS ***
Mamlesi: raises $3 to $6
krytalex: calls $3
*** FLOP *** [7h Ks 6h]
krytalex: checks
Mamlesi: bets $3
krytalex: calls $3
*** TURN *** [7h Ks 6h] [Jc]
krytalex: checks
Mamlesi: bets $6
krytalex: folds
Uncalled bet ($6) returned to Mamlesi
Mamlesi collected $17.64 from pot
Mamlesi: doesn't show hand
*** SUMMARY ***
Total pot $18 | Rake $0.36
Board [7h Ks 6h Jc]
Seat 2: krytalex (big blind) folded on the Turn
Seat 5: Mamlesi (button) (small blind) collected ($17.64)


PokerStars Hand #158179929814:  Hold'em Limit ($3/$6 USD) - 2016/09/05 0:37:40 ET
Table 'Ucclia' 6-max Seat #2 is the button
Seat 2: krytalex ($240.46 in chips)
Seat 5: Mamlesi ($513.78 in chips)
krytalex: posts small blind $1
Mamlesi: posts big blind $3
*** HOLE CARDS ***
krytalex: raises $3 to $6
Mamlesi: folds
Uncalled bet ($3) returned to krytalex
krytalex collected $6 from pot
*** SUMMARY ***
Total pot $6 | Rake $0
Seat 2: krytalex (button) (small blind) collected ($6)
Seat 5: Mamlesi (big blind) folded before Flop


PokerStars Hand #158179928682:  Hold'em Limit ($3/$6 USD) - 2016/09/05 0:37:35 ET
Table 'Ucclia' 6-max Seat #5 is the button
Seat 2: krytalex ($239.46 in chips)
Seat 5: Mamlesi ($514.78 in chips)
Mamlesi: posts small blind $1
krytalex: posts big blind $3
*** HOLE CARDS ***
Mamlesi: folds
Uncalled bet ($2) returned to krytalex
krytalex collected $2 from pot
*** SUMMARY ***
Total pot $2 | Rake $0
Seat 2: krytalex (big blind) collected ($2)
Seat 5: Mamlesi (button) (small blind) folded before Flop


PokerStars Hand #158179947736:  Hold'em Limit ($3/$6 USD) - 2016/09/05 0:39:00 ET
Table 'Ucclia' 6-max Seat #5 is the button
Seat 2: krytalex ($257.96 in chips)
Seat 5: Mamlesi ($495.42 in chips)
Mamlesi: posts small blind $1
krytalex: posts big blind $3
*** HOLE CARDS ***
Mamlesi: raises $3 to $6
krytalex: calls $3
*** FLOP *** [Td 9s 7h]
krytalex: checks
Mamlesi: bets $3
krytalex: folds
Uncalled bet ($3) returned to Mamlesi
Mamlesi collected $11.76 from pot
Mamlesi: doesn't show hand
*** SUMMARY ***
Total pot $12 | Rake $0.24
Board [Td 9s 7h]
Seat 2: krytalex (big blind) folded on the Flop
Seat 5: Mamlesi (button) (small blind) collected ($11.76)


PokerStars Hand #158179939536:  Hold'em Limit ($3/$6 USD) - 2016/09/05 0:38:23 ET
Table 'Ucclia' 6-max Seat #2 is the button
Seat 2: krytalex ($234.46 in chips)
Seat 5: Mamlesi ($519.42 in chips)
krytalex: posts small blind $1
Mamlesi: posts big blind $3
*** HOLE CARDS ***
krytalex: raises $3 to $6
Mamlesi: calls $3
*** FLOP *** [6c 6s 9c]
Mamlesi: checks
krytalex: bets $3
Mamlesi: raises $3 to $6
krytalex: calls $3
*** TURN *** [6c 6s 9c] [2h]
Mamlesi: bets $6
krytalex: calls $6
*** RIVER *** [6c 6s 9c 2h] [2s]
Mamlesi: bets $6
krytalex: calls $6
*** SHOW DOWN ***
Mamlesi: shows [Tc 8d] (two pair, Sixes and Deuces)
krytalex: shows [Qh As] (two pair, Sixes and Deuces - Ace kicker)
krytalex collected $47.50 from pot
*** SUMMARY ***
Total pot $48 | Rake $0.50
Board [6c 6s 9c 2h 2s]
Seat 2: krytalex (button) (small blind) showed [Qh As] and won ($47.50) with two pair, Sixes and Deuces
Seat 5: Mamlesi (big blind) showed [Tc 8d] and lost with two pair, Sixes and Deuces


PokerStars Hand #158179960158:  Hold'em Limit ($3/$6 USD) - 2016/09/05 0:39:15 ET
Table 'Ucclia' 6-max Seat #2 is the button
Seat 2: krytalex ($251.96 in chips)
Seat 5: Mamlesi ($501.18 in chips)
krytalex: posts small blind $1
Mamlesi: posts big blind $3
*** HOLE CARDS ***
krytalex: folds
Uncalled bet ($2) returned to Mamlesi
Mamlesi collected $2 from pot
Mamlesi: doesn't show hand
*** SUMMARY ***
Total pot $2 | Rake $0
Seat 2: krytalex (button) (small blind) folded before Flop
Seat 5: Mamlesi (big blind) collected ($2)


PokerStars Hand #158179961647:  Hold'em Limit ($3/$6 USD) - 2016/09/05 0:39:22 ET
Table 'Ucclia' 6-max Seat #5 is the button
Seat 2: krytalex ($250.96 in chips)
Seat 5: Mamlesi ($502.18 in chips)
Mamlesi: posts small blind $1
krytalex: posts big blind $3
*** HOLE CARDS ***
Mamlesi: raises $3 to $6
krytalex: calls $3
*** FLOP *** [2h Qh Kc]
krytalex: checks
Mamlesi: bets $3
krytalex: folds
Uncalled bet ($3) returned to Mamlesi
Mamlesi collected $11.76 from pot
Mamlesi: doesn't show hand
*** SUMMARY ***
Total pot $12 | Rake $0.24
Board [2h Qh Kc]
Seat 2: krytalex (big blind) folded on the Flop
Seat 5: Mamlesi (button) (small blind) collected ($11.76)


PokerStars Hand #158179966649:  Hold'em Limit ($3/$6 USD) - 2016/09/05 0:39:44 ET
Table 'Ucclia' 6-max Seat #2 is the button
Seat 2: krytalex ($244.96 in chips)
Seat 5: Mamlesi ($507.94 in chips)
krytalex: posts small blind $1
Mamlesi: posts big blind $3
*** HOLE CARDS ***
krytalex: raises $3 to $6
Mamlesi: calls $3
*** FLOP *** [5d Td 4s]
Mamlesi: checks
krytalex: checks
*** TURN *** [5d Td 4s] [8s]
Mamlesi: bets $6
krytalex: calls $6
*** RIVER *** [5d Td 4s 8s] [Js]
Mamlesi: bets $6
krytalex: folds
Uncalled bet ($6) returned to Mamlesi
Mamlesi collected $23.52 from pot
Mamlesi: doesn't show hand
*** SUMMARY ***
Total pot $24 | Rake $0.48
Board [5d Td 4s 8s Js]
Seat 2: krytalex (button) (small blind) folded on the River
Seat 5: Mamlesi (big blind) collected ($23.52)


PokerStars Hand #158179976459:  Hold'em Limit ($3/$6 USD) - 2016/09/05 0:40:27 ET
Table 'Ucclia' 6-max Seat #5 is the button
Seat 2: krytalex ($232.96 in chips)
Seat 5: Mamlesi ($519.46 in chips)
Mamlesi: posts small blind $1
krytalex: posts big blind $3
*** HOLE CARDS ***
Mamlesi: raises $3 to $6
krytalex: raises $3 to $9
Mamlesi: raises $3 to $12
Betting is capped
krytalex: calls $3
*** FLOP *** [4c Ts Ad]
krytalex: checks
Mamlesi: bets $3
krytalex: calls $3
*** TURN *** [4c Ts Ad] [Td]
krytalex: checks
Mamlesi: bets $6
krytalex: calls $6
*** RIVER *** [4c Ts Ad Td] [Kc]
krytalex: checks
Mamlesi: bets $6
krytalex: calls $6
*** SHOW DOWN ***
Mamlesi: shows [9c Kd] (two pair, Kings and Tens)
krytalex: shows [Kh Qd] (two pair, Kings and Tens)
krytalex collected $26.75 from pot
Mamlesi collected $26.75 from pot
*** SUMMARY ***
Total pot $54 | Rake $0.50
Board [4c Ts Ad Td Kc]
Seat 2: krytalex (big blind) showed [Kh Qd] and won ($26.75) with two pair, Kings and Tens
Seat 5: Mamlesi (button) (small blind) showed [9c Kd] and won ($26.75) with two pair, Kings and Tens


PokerStars Hand #158179990659:  Hold'em Limit ($3/$6 USD) - 2016/09/05 0:41:30 ET
Table 'Ucclia' 6-max Seat #2 is the button
Seat 2: krytalex ($232.71 in chips)
Seat 5: Mamlesi ($519.21 in chips)
krytalex: posts small blind $1
Mamlesi: posts big blind $3
*** HOLE CARDS ***
krytalex: raises $3 to $6
Mamlesi: calls $3
*** FLOP *** [8s Qd 6h]
Mamlesi: checks
krytalex: bets $3
Mamlesi: folds
Uncalled bet ($3) returned to krytalex
krytalex collected $11.76 from pot
*** SUMMARY ***
Total pot $12 | Rake $0.24
Board [8s Qd 6h]
Seat 2: krytalex (button) (small blind) collected ($11.76)
Seat 5: Mamlesi (big blind) folded on the Flop


PokerStars Hand #158180003967:  Hold'em Limit ($3/$6 USD) - 2016/09/05 0:42:29 ET
Table 'Ucclia' 6-max Seat #2 is the button
Seat 2: krytalex ($232.47 in chips)
Seat 5: Mamlesi ($518.97 in chips)
krytalex: posts small blind $1
Mamlesi: posts big blind $3
*** HOLE CARDS ***
krytalex: raises $3 to $6
Mamlesi: folds
Uncalled bet ($3) returned to krytalex
krytalex collected $6 from pot
*** SUMMARY ***
Total pot $6 | Rake $0
Seat 2: krytalex (button) (small blind) collected ($6)
Seat 5: Mamlesi (big blind) folded before Flop


PokerStars Hand #158179996581:  Hold'em Limit ($3/$6 USD) - 2016/09/05 0:41:56 ET
Table 'Ucclia' 6-max Seat #5 is the button
Seat 2: krytalex ($238.47 in chips)
Seat 5: Mamlesi ($513.21 in chips)
Mamlesi: posts small blind $1
krytalex: posts big blind $3
*** HOLE CARDS ***
Mamlesi: raises $3 to $6
krytalex: calls $3
*** FLOP *** [Ah Tc 9d]
krytalex: checks
Mamlesi: bets $3
krytalex: folds
Uncalled bet ($3) returned to Mamlesi
Mamlesi collected $11.76 from pot
Mamlesi: doesn't show hand
*** SUMMARY ***
Total pot $12 | Rake $0.24
Board [Ah Tc 9d]
Seat 2: krytalex (big blind) folded on the Flop
Seat 5: Mamlesi (button) (small blind) collected ($11.76)


PokerStars Hand #158180011933:  Hold'em Limit ($3/$6 USD) - 2016/09/05 0:43:04 ET
Table 'Ucclia' 6-max Seat #5 is the button
Seat 2: krytalex ($231.47 in chips)
Seat 5: Mamlesi ($519.97 in chips)
Mamlesi: posts small blind $1
krytalex: posts big blind $3
*** HOLE CARDS ***
Mamlesi: raises $3 to $6
krytalex: calls $3
*** FLOP *** [2h Ks Jc]
krytalex: checks
Mamlesi: bets $3
krytalex: folds
Uncalled bet ($3) returned to Mamlesi
Mamlesi collected $11.76 from pot
Mamlesi: doesn't show hand
*** SUMMARY ***
Total pot $12 | Rake $0.24
Board [2h Ks Jc]
Seat 2: krytalex (big blind) folded on the Flop
Seat 5: Mamlesi (button) (small blind) collected ($11.76)


PokerStars Hand #158180005471:  Hold'em Limit ($3/$6 USD) - 2016/09/05 0:42:35 ET
Table 'Ucclia' 6-max Seat #5 is the button
Seat 2: krytalex ($235.47 in chips)
Seat 5: Mamlesi ($515.97 in chips)
Mamlesi: posts small blind $1
krytalex: posts big blind $3
*** HOLE CARDS ***
Mamlesi: raises $3 to $6
krytalex: folds
Uncalled bet ($3) returned to Mamlesi
Mamlesi collected $6 from pot
Mamlesi: doesn't show hand
*** SUMMARY ***
Total pot $6 | Rake $0
Seat 2: krytalex (big blind) folded before Flop
Seat 5: Mamlesi (button) (small blind) collected ($6)


PokerStars Hand #158180007893:  Hold'em Limit ($3/$6 USD) - 2016/09/05 0:42:46 ET
Table 'Ucclia' 6-max Seat #2 is the button
Seat 2: krytalex ($232.47 in chips)
Seat 5: Mamlesi ($518.97 in chips)
krytalex: posts small blind $1
Mamlesi: posts big blind $3
*** HOLE CARDS ***
krytalex: folds
Uncalled bet ($2) returned to Mamlesi
Mamlesi collected $2 from pot
Mamlesi: doesn't show hand
*** SUMMARY ***
Total pot $2 | Rake $0
Seat 2: krytalex (button) (small blind) folded before Flop
Seat 5: Mamlesi (big blind) collected ($2)


PokerStars Hand #158180016150:  Hold'em Limit ($3/$6 USD) - 2016/09/05 0:43:22 ET
Table 'Ucclia' 6-max Seat #2 is the button
Seat 2: krytalex ($225.47 in chips)
Seat 5: Mamlesi ($525.73 in chips)
krytalex: posts small blind $1
Mamlesi: posts big blind $3
*** HOLE CARDS ***
krytalex: raises $3 to $6
Mamlesi: raises $3 to $9
krytalex: calls $3
*** FLOP *** [6s Qc 2c]
Mamlesi: bets $3
krytalex: calls $3
*** TURN *** [6s Qc 2c] [5d]
Mamlesi: bets $6
krytalex: calls $6
*** RIVER *** [6s Qc 2c 5d] [3s]
Mamlesi: bets $6
krytalex: calls $6
*** SHOW DOWN ***
Mamlesi: shows [9c As] (high card Ace)
krytalex: mucks hand
Mamlesi collected $47.50 from pot
*** SUMMARY ***
Total pot $48 | Rake $0.50
Board [6s Qc 2c 5d 3s]
Seat 2: krytalex (button) (small blind) mucked
Seat 5: Mamlesi (big blind) showed [9c As] and won ($47.50) with high card Ace


PokerStars Hand #158180028192:  Hold'em Limit ($3/$6 USD) - 2016/09/05 0:44:16 ET
Table 'Ucclia' 6-max Seat #5 is the button
Seat 2: krytalex ($201.47 in chips)
Seat 5: Mamlesi ($549.23 in chips)
Mamlesi: posts small blind $1
krytalex: posts big blind $3
*** HOLE CARDS ***
Mamlesi: folds
Uncalled bet ($2) returned to krytalex
krytalex collected $2 from pot
*** SUMMARY ***
Total pot $2 | Rake $0
Seat 2: krytalex (big blind) collected ($2)
Seat 5: Mamlesi (button) (small blind) folded before Flop


PokerStars Hand #158180029535:  Hold'em Limit ($3/$6 USD) - 2016/09/05 0:44:21 ET
Table 'Ucclia' 6-max Seat #2 is the button
Seat 2: krytalex ($202.47 in chips)
Seat 5: Mamlesi ($548.23 in chips)
krytalex: posts small blind $1
Mamlesi: posts big blind $3
*** HOLE CARDS ***
krytalex: raises $3 to $6
Mamlesi: folds
Uncalled bet ($3) returned to krytalex
krytalex collected $6 from pot
*** SUMMARY ***
Total pot $6 | Rake $0
Seat 2: krytalex (button) (small blind) collected ($6)
Seat 5: Mamlesi (big blind) folded before Flop


PokerStars Hand #158180038074:  Hold'em Limit ($3/$6 USD) - 2016/09/05 0:44:59 ET
Table 'Ucclia' 6-max Seat #2 is the button
Seat 2: krytalex ($190.47 in chips)
Seat 5: Mamlesi ($559.73 in chips)
krytalex: posts small blind $1
Mamlesi: posts big blind $3
*** HOLE CARDS ***
krytalex: folds
Uncalled bet ($2) returned to Mamlesi
Mamlesi collected $2 from pot
Mamlesi: doesn't show hand
*** SUMMARY ***
Total pot $2 | Rake $0
Seat 2: krytalex (button) (small blind) folded before Flop
Seat 5: Mamlesi (big blind) collected ($2)


PokerStars Hand #158180032137:  Hold'em Limit ($3/$6 USD) - 2016/09/05 0:44:36 ET
Table 'Ucclia' 6-max Seat #5 is the button
Seat 2: krytalex ($205.47 in chips)
Seat 5: Mamlesi ($545.23 in chips)
Mamlesi: posts small blind $1
krytalex: posts big blind $3
*** HOLE CARDS ***
Mamlesi: raises $3 to $6
krytalex: calls $3
*** FLOP *** [3h 5c 8h]
krytalex: checks
Mamlesi: bets $3
krytalex: calls $3
*** TURN *** [3h 5c 8h] [Ad]
krytalex: checks
Mamlesi: bets $6
krytalex: calls $6
*** RIVER *** [3h 5c 8h Ad] [Ts]
krytalex: checks
Mamlesi: checks
*** SHOW DOWN ***
krytalex: shows [Kc 7d] (high card Ace)
Mamlesi: shows [5h Jh] (a pair of Fives)
Mamlesi collected $29.50 from pot
*** SUMMARY ***
Total pot $30 | Rake $0.50
Board [3h 5c 8h Ad Ts]
Seat 2: krytalex (big blind) showed [Kc 7d] and lost with high card Ace
Seat 5: Mamlesi (button) (small blind) showed [5h Jh] and won ($29.50) with a pair of Fives


PokerStars Hand #158180039198:  Hold'em Limit ($3/$6 USD) - 2016/09/05 0:45:04 ET
Table 'Ucclia' 6-max Seat #5 is the button
Seat 2: krytalex ($189.47 in chips)
Seat 5: Mamlesi ($560.73 in chips)
Mamlesi: posts small blind $1
krytalex: posts big blind $3
*** HOLE CARDS ***
Mamlesi: raises $3 to $6
krytalex: folds
Uncalled bet ($3) returned to Mamlesi
Mamlesi collected $6 from pot
Mamlesi: doesn't show hand
*** SUMMARY ***
Total pot $6 | Rake $0
Seat 2: krytalex (big blind) folded before Flop
Seat 5: Mamlesi (button) (small blind) collected ($6)


PokerStars Hand #158180052226:  Hold'em Limit ($3/$6 USD) - 2016/09/05 0:46:01 ET
Table 'Ucclia' 6-max Seat #5 is the button
Seat 2: krytalex ($167.11 in chips)
Seat 5: Mamlesi ($582.23 in chips)
Mamlesi: posts small blind $1
krytalex: posts big blind $3
*** HOLE CARDS ***
libaikang joins the table at seat #4
Mamlesi: folds
Uncalled bet ($2) returned to krytalex
krytalex collected $2 from pot
*** SUMMARY ***
Total pot $2 | Rake $0
Seat 2: krytalex (big blind) collected ($2)
Seat 5: Mamlesi (button) (small blind) folded before Flop


PokerStars Hand #158180051065:  Hold'em Limit ($3/$6 USD) - 2016/09/05 0:45:56 ET
Table 'Ucclia' 6-max Seat #2 is the button
Seat 2: krytalex ($168.11 in chips)
Seat 5: Mamlesi ($581.23 in chips)
krytalex: posts small blind $1
Mamlesi: posts big blind $3
*** HOLE CARDS ***
krytalex: folds
Uncalled bet ($2) returned to Mamlesi
Mamlesi collected $2 from pot
Mamlesi: doesn't show hand
*** SUMMARY ***
Total pot $2 | Rake $0
Seat 2: krytalex (button) (small blind) folded before Flop
Seat 5: Mamlesi (big blind) collected ($2)


PokerStars Hand #158180048160:  Hold'em Limit ($3/$6 USD) - 2016/09/05 0:45:44 ET
Table 'Ucclia' 6-max Seat #5 is the button
Seat 2: krytalex ($159.47 in chips)
Seat 5: Mamlesi ($590.23 in chips)
Mamlesi: posts small blind $1
krytalex: posts big blind $3
*** HOLE CARDS ***
Mamlesi: raises $3 to $6
krytalex: raises $3 to $9
Mamlesi: calls $3
*** FLOP *** [Ks Qs 5s]
krytalex: bets $3
Mamlesi: folds
Uncalled bet ($3) returned to krytalex
krytalex collected $17.64 from pot
*** SUMMARY ***
Total pot $18 | Rake $0.36
Board [Ks Qs 5s]
Seat 2: krytalex (big blind) collected ($17.64)
Seat 5: Mamlesi (button) (small blind) folded on the Flop


PokerStars Hand #158180040739:  Hold'em Limit ($3/$6 USD) - 2016/09/05 0:45:11 ET
Table 'Ucclia' 6-max Seat #2 is the button
Seat 2: krytalex ($186.47 in chips)
Seat 5: Mamlesi ($563.73 in chips)
krytalex: posts small blind $1
Mamlesi: posts big blind $3
*** HOLE CARDS ***
krytalex: raises $3 to $6
Mamlesi: calls $3
*** FLOP *** [3d 5d 6c]
Mamlesi: checks
krytalex: bets $3
Mamlesi: calls $3
*** TURN *** [3d 5d 6c] [Qh]
Mamlesi: checks
krytalex: bets $6
Mamlesi: raises $6 to $12
krytalex: calls $6
*** RIVER *** [3d 5d 6c Qh] [8h]
Mamlesi: bets $6
krytalex: calls $6
*** SHOW DOWN ***
Mamlesi: shows [7h Qd] (a pair of Queens)
krytalex: mucks hand
Mamlesi collected $53.50 from pot
*** SUMMARY ***
Total pot $54 | Rake $0.50
Board [3d 5d 6c Qh 8h]
Seat 2: krytalex (button) (small blind) mucked
Seat 5: Mamlesi (big blind) showed [7h Qd] and won ($53.50) with a pair of Queens


