PokerStars Hand #168329320542:  Hold'em Limit ($3/$6 USD) - 2017/03/30 12:36:17 ET
Table 'Ucclia' 6-max Seat #4 is the button
Seat 1: TheEdged ($608.96 in chips)
Seat 4: AzureCaper ($72 in chips)
AzureCaper: posts small blind $1
TheEdged: posts big blind $3
*** HOLE CARDS ***
AzureCaper: folds
Uncalled bet ($2) returned to TheEdged
TheEdged collected $2 from pot
TheEdged: doesn't show hand
*** SUMMARY ***
Total pot $2 | Rake $0
Seat 1: TheEdged (big blind) collected ($2)
Seat 4: AzureCaper (button) (small blind) folded before Flop


PokerStars Hand #168329299700:  Hold'em Limit ($3/$6 USD) - 2017/03/30 12:35:49 ET
Table 'Ucclia' 6-max Seat #1 is the button
Seat 1: TheEdged ($594.46 in chips)
Seat 4: AzureCaper ($72 in chips)
TheEdged: posts small blind $1
AzureCaper: posts big blind $3
*** HOLE CARDS ***
TheEdged: raises $3 to $6
AzureCaper: calls $3
*** FLOP *** [Js 9s 3d]
AzureCaper: checks
TheEdged: bets $3
AzureCaper: calls $3
*** TURN *** [Js 9s 3d] [Qs]
AzureCaper: checks
TheEdged: checks
*** RIVER *** [Js 9s 3d Qs] [Ac]
AzureCaper: checks
TheEdged: bets $6
AzureCaper: calls $6
*** SHOW DOWN ***
TheEdged: shows [Ah 3s] (two pair, Aces and Threes)
AzureCaper: mucks hand
TheEdged collected $29.50 from pot
*** SUMMARY ***
Total pot $30 | Rake $0.50
Board [Js 9s 3d Qs Ac]
Seat 1: TheEdged (button) (small blind) showed [Ah 3s] and won ($29.50) with two pair, Aces and Threes
Seat 4: AzureCaper (big blind) mucked


PokerStars Hand #168329366217:  Hold'em Limit ($3/$6 USD) - 2017/03/30 12:37:18 ET
Table 'Ucclia' 6-max Seat #1 is the button
Seat 1: TheEdged ($634.46 in chips)
Seat 4: AzureCaper ($72 in chips)
TheEdged: posts small blind $1
AzureCaper: posts big blind $3
*** HOLE CARDS ***
TheEdged: raises $3 to $6
AzureCaper: calls $3
*** FLOP *** [8s Jh 2d]
AzureCaper: checks
TheEdged: bets $3
AzureCaper: calls $3
*** TURN *** [8s Jh 2d] [Js]
AzureCaper: checks
TheEdged: bets $6
AzureCaper: folds
Uncalled bet ($6) returned to TheEdged
TheEdged collected $17.64 from pot
TheEdged: doesn't show hand
*** SUMMARY ***
Total pot $18 | Rake $0.36
Board [8s Jh 2d Js]
Seat 1: TheEdged (button) (small blind) collected ($17.64)
Seat 4: AzureCaper (big blind) folded on the Turn


PokerStars Hand #168329325961:  Hold'em Limit ($3/$6 USD) - 2017/03/30 12:36:24 ET
Table 'Ucclia' 6-max Seat #1 is the button
Seat 1: TheEdged ($609.96 in chips)
Seat 4: AzureCaper ($72 in chips)
TheEdged: posts small blind $1
AzureCaper: posts big blind $3
*** HOLE CARDS ***
TheEdged: raises $3 to $6
AzureCaper: raises $3 to $9
TheEdged: calls $3
*** FLOP *** [8c Qc Th]
AzureCaper: bets $3
TheEdged: calls $3
*** TURN *** [8c Qc Th] [Jd]
AzureCaper: bets $6
TheEdged: raises $6 to $12
AzureCaper: calls $6
*** RIVER *** [8c Qc Th Jd] [4c]
AzureCaper: checks
TheEdged: bets $6
AzureCaper: folds
Uncalled bet ($6) returned to TheEdged
TheEdged collected $47.50 from pot
TheEdged: doesn't show hand
*** SUMMARY ***
Total pot $48 | Rake $0.50
Board [8c Qc Th Jd 4c]
Seat 1: TheEdged (button) (small blind) collected ($47.50)
Seat 4: AzureCaper (big blind) folded on the River


PokerStars Hand #168329362111:  Hold'em Limit ($3/$6 USD) - 2017/03/30 12:37:13 ET
Table 'Ucclia' 6-max Seat #4 is the button
Seat 1: TheEdged ($633.46 in chips)
Seat 4: AzureCaper ($72 in chips)
AzureCaper: posts small blind $1
TheEdged: posts big blind $3
*** HOLE CARDS ***
AzureCaper: folds
Uncalled bet ($2) returned to TheEdged
TheEdged collected $2 from pot
TheEdged: doesn't show hand
*** SUMMARY ***
Total pot $2 | Rake $0
Seat 1: TheEdged (big blind) collected ($2)
Seat 4: AzureCaper (button) (small blind) folded before Flop


PokerStars Hand #168329423750:  Hold'em Limit ($3/$6 USD) - 2017/03/30 12:38:36 ET
Table 'Ucclia' 6-max Seat #4 is the button
Seat 1: TheEdged ($619.10 in chips)
Seat 4: AzureCaper ($96.26 in chips)
AzureCaper: posts small blind $1
TheEdged: posts big blind $3
*** HOLE CARDS ***
AzureCaper: raises $3 to $6
TheEdged: folds
Uncalled bet ($3) returned to AzureCaper
AzureCaper collected $6 from pot
AzureCaper: doesn't show hand
*** SUMMARY ***
Total pot $6 | Rake $0
Seat 1: TheEdged (big blind) folded before Flop
Seat 4: AzureCaper (button) (small blind) collected ($6)


PokerStars Hand #168329428230:  Hold'em Limit ($3/$6 USD) - 2017/03/30 12:38:42 ET
Table 'Ucclia' 6-max Seat #1 is the button
Seat 1: TheEdged ($616.10 in chips)
Seat 4: AzureCaper ($99.26 in chips)
TheEdged: posts small blind $1
AzureCaper: posts big blind $3
*** HOLE CARDS ***
TheEdged: raises $3 to $6
AzureCaper: calls $3
*** FLOP *** [Qc 5h 2c]
AzureCaper: checks
TheEdged: bets $3
AzureCaper: raises $3 to $6
TheEdged: calls $3
*** TURN *** [Qc 5h 2c] [Jc]
AzureCaper: bets $6
TheEdged: calls $6
*** RIVER *** [Qc 5h 2c Jc] [6c]
AzureCaper: checks
TheEdged: checks
*** SHOW DOWN ***
AzureCaper: shows [5s Ks] (a pair of Fives)
TheEdged: shows [7h 7s] (a pair of Sevens)
TheEdged collected $35.50 from pot
*** SUMMARY ***
Total pot $36 | Rake $0.50
Board [Qc 5h 2c Jc 6c]
Seat 1: TheEdged (button) (small blind) showed [7h 7s] and won ($35.50) with a pair of Sevens
Seat 4: AzureCaper (big blind) showed [5s Ks] and lost with a pair of Fives


PokerStars Hand #168329419839:  Hold'em Limit ($3/$6 USD) - 2017/03/30 12:38:31 ET
Table 'Ucclia' 6-max Seat #1 is the button
Seat 1: TheEdged ($620.10 in chips)
Seat 4: AzureCaper ($95.26 in chips)
TheEdged: posts small blind $1
AzureCaper: posts big blind $3
*** HOLE CARDS ***
TheEdged: folds
Uncalled bet ($2) returned to AzureCaper
AzureCaper collected $2 from pot
AzureCaper: doesn't show hand
*** SUMMARY ***
Total pot $2 | Rake $0
Seat 1: TheEdged (button) (small blind) folded before Flop
Seat 4: AzureCaper (big blind) collected ($2)


PokerStars Hand #168329412186:  Hold'em Limit ($3/$6 USD) - 2017/03/30 12:38:21 ET
Table 'Ucclia' 6-max Seat #4 is the button
Seat 1: TheEdged ($626.10 in chips)
Seat 4: AzureCaper ($89.50 in chips)
AzureCaper: posts small blind $1
TheEdged: posts big blind $3
*** HOLE CARDS ***
AzureCaper: raises $3 to $6
TheEdged: calls $3
*** FLOP *** [Td 6d Ks]
TheEdged: checks
AzureCaper: bets $3
TheEdged: folds
Uncalled bet ($3) returned to AzureCaper
AzureCaper collected $11.76 from pot
AzureCaper: doesn't show hand
*** SUMMARY ***
Total pot $12 | Rake $0.24
Board [Td 6d Ks]
Seat 1: TheEdged (big blind) folded on the Flop
Seat 4: AzureCaper (button) (small blind) collected ($11.76)


PokerStars Hand #168329389329:  Hold'em Limit ($3/$6 USD) - 2017/03/30 12:37:50 ET
Table 'Ucclia' 6-max Seat #1 is the button
Seat 1: TheEdged ($644.10 in chips)
Seat 4: AzureCaper ($72 in chips)
TheEdged: posts small blind $1
AzureCaper: posts big blind $3
*** HOLE CARDS ***
TheEdged: raises $3 to $6
AzureCaper: raises $3 to $9
TheEdged: calls $3
*** FLOP *** [Kh 6c Ac]
AzureCaper: bets $3
TheEdged: calls $3
*** TURN *** [Kh 6c Ac] [Jd]
AzureCaper: bets $6
TheEdged: calls $6
*** RIVER *** [Kh 6c Ac Jd] [8d]
AzureCaper: checks
TheEdged: checks
*** SHOW DOWN ***
AzureCaper: shows [Ks Kd] (three of a kind, Kings)
TheEdged: mucks hand
AzureCaper collected $35.50 from pot
*** SUMMARY ***
Total pot $36 | Rake $0.50
Board [Kh 6c Ac Jd 8d]
Seat 1: TheEdged (button) (small blind) mucked
Seat 4: AzureCaper (big blind) showed [Ks Kd] and won ($35.50) with three of a kind, Kings


PokerStars Hand #168329459444:  Hold'em Limit ($3/$6 USD) - 2017/03/30 12:39:25 ET
Table 'Ucclia' 6-max Seat #1 is the button
Seat 1: TheEdged ($623.60 in chips)
Seat 4: AzureCaper ($91.02 in chips)
TheEdged: posts small blind $1
AzureCaper: posts big blind $3
*** HOLE CARDS ***
TheEdged: raises $3 to $6
AzureCaper: raises $3 to $9
TheEdged: calls $3
*** FLOP *** [Qd 5s 3h]
AzureCaper: bets $3
TheEdged: folds
Uncalled bet ($3) returned to AzureCaper
AzureCaper collected $17.64 from pot
AzureCaper: doesn't show hand
*** SUMMARY ***
Total pot $18 | Rake $0.36
Board [Qd 5s 3h]
Seat 1: TheEdged (button) (small blind) folded on the Flop
Seat 4: AzureCaper (big blind) collected ($17.64)


PokerStars Hand #168329454971:  Hold'em Limit ($3/$6 USD) - 2017/03/30 12:39:18 ET
Table 'Ucclia' 6-max Seat #4 is the button
Seat 1: TheEdged ($626.60 in chips)
Seat 4: AzureCaper ($88.02 in chips)
AzureCaper: posts small blind $1
TheEdged: posts big blind $3
*** HOLE CARDS ***
AzureCaper: raises $3 to $6
TheEdged: folds
Uncalled bet ($3) returned to AzureCaper
AzureCaper collected $6 from pot
AzureCaper: doesn't show hand
*** SUMMARY ***
Total pot $6 | Rake $0
Seat 1: TheEdged (big blind) folded before Flop
Seat 4: AzureCaper (button) (small blind) collected ($6)


PokerStars Hand #168329450204:  Hold'em Limit ($3/$6 USD) - 2017/03/30 12:39:12 ET
Table 'Ucclia' 6-max Seat #1 is the button
Seat 1: TheEdged ($627.60 in chips)
Seat 4: AzureCaper ($87.02 in chips)
TheEdged: posts small blind $1
AzureCaper: posts big blind $3
*** HOLE CARDS ***
TheEdged: folds
Uncalled bet ($2) returned to AzureCaper
AzureCaper collected $2 from pot
AzureCaper: doesn't show hand
*** SUMMARY ***
Total pot $2 | Rake $0
Seat 1: TheEdged (button) (small blind) folded before Flop
Seat 4: AzureCaper (big blind) collected ($2)


PokerStars Hand #168329442315:  Hold'em Limit ($3/$6 USD) - 2017/03/30 12:39:01 ET
Table 'Ucclia' 6-max Seat #4 is the button
Seat 1: TheEdged ($633.60 in chips)
Seat 4: AzureCaper ($81.26 in chips)
AzureCaper: posts small blind $1
TheEdged: posts big blind $3
*** HOLE CARDS ***
AzureCaper: raises $3 to $6
TheEdged: calls $3
*** FLOP *** [Qh 3s As]
TheEdged: checks
AzureCaper: bets $3
TheEdged: folds
Uncalled bet ($3) returned to AzureCaper
AzureCaper collected $11.76 from pot
*** SUMMARY ***
Total pot $12 | Rake $0.24
Board [Qh 3s As]
Seat 1: TheEdged (big blind) folded on the Flop
Seat 4: AzureCaper (button) (small blind) collected ($11.76)


PokerStars Hand #168329480125:  Hold'em Limit ($3/$6 USD) - 2017/03/30 12:39:52 ET
Table 'Ucclia' 6-max Seat #1 is the button
Seat 1: TheEdged ($587.60 in chips)
Seat 4: AzureCaper ($126.16 in chips)
TheEdged: posts small blind $1
AzureCaper: posts big blind $3
*** HOLE CARDS ***
TheEdged: raises $3 to $6
AzureCaper: calls $3
*** FLOP *** [Ac 2s As]
AzureCaper: checks
TheEdged: bets $3
AzureCaper: folds
Uncalled bet ($3) returned to TheEdged
TheEdged collected $11.76 from pot
TheEdged: doesn't show hand
*** SUMMARY ***
Total pot $12 | Rake $0.24
Board [Ac 2s As]
Seat 1: TheEdged (button) (small blind) collected ($11.76)
Seat 4: AzureCaper (big blind) folded on the Flop


PokerStars Hand #168329466416:  Hold'em Limit ($3/$6 USD) - 2017/03/30 12:39:34 ET
Table 'Ucclia' 6-max Seat #4 is the button
Seat 1: TheEdged ($614.60 in chips)
Seat 4: AzureCaper ($99.66 in chips)
AzureCaper: posts small blind $1
TheEdged: posts big blind $3
*** HOLE CARDS ***
AzureCaper: raises $3 to $6
TheEdged: calls $3
*** FLOP *** [Ah Th 2d]
TheEdged: checks
AzureCaper: bets $3
TheEdged: calls $3
*** TURN *** [Ah Th 2d] [4s]
TheEdged: checks
AzureCaper: bets $6
TheEdged: raises $6 to $12
AzureCaper: calls $6
*** RIVER *** [Ah Th 2d 4s] [As]
TheEdged: bets $6
AzureCaper: calls $6
*** SHOW DOWN ***
TheEdged: shows [Qs Ks] (a pair of Aces)
AzureCaper: shows [Ac 6s] (three of a kind, Aces)
AzureCaper collected $53.50 from pot
*** SUMMARY ***
Total pot $54 | Rake $0.50
Board [Ah Th 2d 4s As]
Seat 1: TheEdged (big blind) showed [Qs Ks] and lost with a pair of Aces
Seat 4: AzureCaper (button) (small blind) showed [Ac 6s] and won ($53.50) with three of a kind, Aces


PokerStars Hand #168329504492:  Hold'em Limit ($3/$6 USD) - 2017/03/30 12:40:25 ET
Table 'Ucclia' 6-max Seat #1 is the button
Seat 1: TheEdged ($598.36 in chips)
Seat 4: AzureCaper ($115.16 in chips)
TheEdged: posts small blind $1
AzureCaper: posts big blind $3
*** HOLE CARDS ***
TheEdged: raises $3 to $6
AzureCaper: calls $3
*** FLOP *** [4c Th 5c]
AzureCaper: checks
TheEdged: bets $3
AzureCaper: raises $3 to $6
TheEdged: calls $3
*** TURN *** [4c Th 5c] [Jh]
AzureCaper: bets $6
TheEdged: calls $6
*** RIVER *** [4c Th 5c Jh] [3h]
AzureCaper: bets $6
TheEdged: folds
Uncalled bet ($6) returned to AzureCaper
AzureCaper collected $35.50 from pot
AzureCaper: doesn't show hand
*** SUMMARY ***
Total pot $36 | Rake $0.50
Board [4c Th 5c Jh 3h]
Seat 1: TheEdged (button) (small blind) folded on the River
Seat 4: AzureCaper (big blind) collected ($35.50)


PokerStars Hand #168329487536:  Hold'em Limit ($3/$6 USD) - 2017/03/30 12:40:02 ET
Table 'Ucclia' 6-max Seat #4 is the button
Seat 1: TheEdged ($593.36 in chips)
Seat 4: AzureCaper ($120.16 in chips)
AzureCaper: posts small blind $1
TheEdged: posts big blind $3
*** HOLE CARDS ***
AzureCaper: folds
Uncalled bet ($2) returned to TheEdged
TheEdged collected $2 from pot
TheEdged: doesn't show hand
*** SUMMARY ***
Total pot $2 | Rake $0
Seat 1: TheEdged (big blind) collected ($2)
Seat 4: AzureCaper (button) (small blind) folded before Flop


PokerStars Hand #168329500590:  Hold'em Limit ($3/$6 USD) - 2017/03/30 12:40:20 ET
Table 'Ucclia' 6-max Seat #4 is the button
Seat 1: TheEdged ($597.36 in chips)
Seat 4: AzureCaper ($116.16 in chips)
AzureCaper: posts small blind $1
TheEdged: posts big blind $3
*** HOLE CARDS ***
AzureCaper: folds
Uncalled bet ($2) returned to TheEdged
TheEdged collected $2 from pot
TheEdged: doesn't show hand
*** SUMMARY ***
Total pot $2 | Rake $0
Seat 1: TheEdged (big blind) collected ($2)
Seat 4: AzureCaper (button) (small blind) folded before Flop


PokerStars Hand #168329496771:  Hold'em Limit ($3/$6 USD) - 2017/03/30 12:40:15 ET
Table 'Ucclia' 6-max Seat #1 is the button
Seat 1: TheEdged ($594.36 in chips)
Seat 4: AzureCaper ($119.16 in chips)
TheEdged: posts small blind $1
AzureCaper: posts big blind $3
*** HOLE CARDS ***
TheEdged: raises $3 to $6
AzureCaper: folds
Uncalled bet ($3) returned to TheEdged
TheEdged collected $6 from pot
TheEdged: doesn't show hand
*** SUMMARY ***
Total pot $6 | Rake $0
Seat 1: TheEdged (button) (small blind) collected ($6)
Seat 4: AzureCaper (big blind) folded before Flop


PokerStars Hand #168329567830:  Hold'em Limit ($3/$6 USD) - 2017/03/30 12:41:51 ET
Table 'Ucclia' 6-max Seat #1 is the button
Seat 1: TheEdged ($561.86 in chips)
Seat 4: AzureCaper ($149.66 in chips)
TheEdged: posts small blind $1
AzureCaper: posts big blind $3
*** HOLE CARDS ***
TheEdged: folds
Uncalled bet ($2) returned to AzureCaper
AzureCaper collected $2 from pot
AzureCaper: doesn't show hand
*** SUMMARY ***
Total pot $2 | Rake $0
Seat 1: TheEdged (button) (small blind) folded before Flop
Seat 4: AzureCaper (big blind) collected ($2)


PokerStars Hand #168329564158:  Hold'em Limit ($3/$6 USD) - 2017/03/30 12:41:46 ET
Table 'Ucclia' 6-max Seat #4 is the button
Seat 1: TheEdged ($560.86 in chips)
Seat 4: AzureCaper ($150.66 in chips)
AzureCaper: posts small blind $1
TheEdged: posts big blind $3
*** HOLE CARDS ***
AzureCaper: folds
Uncalled bet ($2) returned to TheEdged
TheEdged collected $2 from pot
TheEdged: doesn't show hand
*** SUMMARY ***
Total pot $2 | Rake $0
Seat 1: TheEdged (big blind) collected ($2)
Seat 4: AzureCaper (button) (small blind) folded before Flop


PokerStars Hand #168329571443:  Hold'em Limit ($3/$6 USD) - 2017/03/30 12:41:56 ET
Table 'Ucclia' 6-max Seat #4 is the button
Seat 1: TheEdged ($560.86 in chips)
Seat 4: AzureCaper ($150.66 in chips)
AzureCaper: posts small blind $1
TheEdged: posts big blind $3
*** HOLE CARDS ***
AzureCaper: folds
Uncalled bet ($2) returned to TheEdged
TheEdged collected $2 from pot
TheEdged: doesn't show hand
*** SUMMARY ***
Total pot $2 | Rake $0
Seat 1: TheEdged (big blind) collected ($2)
Seat 4: AzureCaper (button) (small blind) folded before Flop


PokerStars Hand #168329560311:  Hold'em Limit ($3/$6 USD) - 2017/03/30 12:41:41 ET
Table 'Ucclia' 6-max Seat #1 is the button
Seat 1: TheEdged ($561.86 in chips)
Seat 4: AzureCaper ($149.66 in chips)
TheEdged: posts small blind $1
AzureCaper: posts big blind $3
*** HOLE CARDS ***
TheEdged: folds
Uncalled bet ($2) returned to AzureCaper
AzureCaper collected $2 from pot
AzureCaper: doesn't show hand
*** SUMMARY ***
Total pot $2 | Rake $0
Seat 1: TheEdged (button) (small blind) folded before Flop
Seat 4: AzureCaper (big blind) collected ($2)


PokerStars Hand #168329548473:  Hold'em Limit ($3/$6 USD) - 2017/03/30 12:41:25 ET
Table 'Ucclia' 6-max Seat #4 is the button
Seat 1: TheEdged ($582.86 in chips)
Seat 4: AzureCaper ($129.16 in chips)
AzureCaper: posts small blind $1
TheEdged: posts big blind $3
*** HOLE CARDS ***
AzureCaper: raises $3 to $6
TheEdged: calls $3
*** FLOP *** [6s Ah 4d]
TheEdged: checks
AzureCaper: bets $3
TheEdged: calls $3
*** TURN *** [6s Ah 4d] [Jd]
TheEdged: checks
AzureCaper: checks
*** RIVER *** [6s Ah 4d Jd] [Qc]
TheEdged: bets $6
AzureCaper: raises $6 to $12
TheEdged: calls $6
*** SHOW DOWN ***
AzureCaper: shows [Kh Td] (a straight, Ten to Ace)
TheEdged: mucks hand
AzureCaper collected $41.50 from pot
*** SUMMARY ***
Total pot $42 | Rake $0.50
Board [6s Ah 4d Jd Qc]
Seat 1: TheEdged (big blind) mucked
Seat 4: AzureCaper (button) (small blind) showed [Kh Td] and won ($41.50) with a straight, Ten to Ace


PokerStars Hand #168329522864:  Hold'em Limit ($3/$6 USD) - 2017/03/30 12:40:50 ET
Table 'Ucclia' 6-max Seat #4 is the button
Seat 1: TheEdged ($580.36 in chips)
Seat 4: AzureCaper ($132.66 in chips)
AzureCaper: posts small blind $1
TheEdged: posts big blind $3
*** HOLE CARDS ***
AzureCaper: raises $3 to $6
TheEdged: calls $3
*** FLOP *** [8h 4d Ac]
TheEdged: checks
AzureCaper: bets $3
TheEdged: calls $3
*** TURN *** [8h 4d Ac] [4c]
TheEdged: checks
AzureCaper: bets $6
TheEdged: calls $6
*** RIVER *** [8h 4d Ac 4c] [5d]
TheEdged: checks
AzureCaper: bets $6
TheEdged: calls $6
*** SHOW DOWN ***
AzureCaper: shows [Ad 8s] (two pair, Aces and Eights)
TheEdged: mucks hand
AzureCaper collected $41.50 from pot
*** SUMMARY ***
Total pot $42 | Rake $0.50
Board [8h 4d Ac 4c 5d]
Seat 1: TheEdged (big blind) mucked
Seat 4: AzureCaper (button) (small blind) showed [Ad 8s] and won ($41.50) with two pair, Aces and Eights


PokerStars Hand #168329537660:  Hold'em Limit ($3/$6 USD) - 2017/03/30 12:41:10 ET
Table 'Ucclia' 6-max Seat #1 is the button
Seat 1: TheEdged ($559.36 in chips)
Seat 4: AzureCaper ($153.16 in chips)
TheEdged: posts small blind $1
AzureCaper: posts big blind $3
*** HOLE CARDS ***
TheEdged: raises $3 to $6
AzureCaper: calls $3
*** FLOP *** [Kh 4s 7d]
AzureCaper: checks
TheEdged: bets $3
AzureCaper: raises $3 to $6
TheEdged: calls $3
*** TURN *** [Kh 4s 7d] [Qh]
AzureCaper: bets $6
TheEdged: calls $6
*** RIVER *** [Kh 4s 7d Qh] [9h]
AzureCaper: bets $6
TheEdged: calls $6
*** SHOW DOWN ***
AzureCaper: shows [5s 6s] (high card King)
TheEdged: shows [7s Ts] (a pair of Sevens)
TheEdged collected $47.50 from pot
*** SUMMARY ***
Total pot $48 | Rake $0.50
Board [Kh 4s 7d Qh 9h]
Seat 1: TheEdged (button) (small blind) showed [7s Ts] and won ($47.50) with a pair of Sevens
Seat 4: AzureCaper (big blind) showed [5s 6s] and lost with high card King


PokerStars Hand #168329599097:  Hold'em Limit ($3/$6 USD) - 2017/03/30 12:42:33 ET
Table 'Ucclia' 6-max Seat #4 is the button
Seat 1: TheEdged ($558.37 in chips)
Seat 4: AzureCaper ($152.05 in chips)
AzureCaper: posts small blind $1
TheEdged: posts big blind $3
*** HOLE CARDS ***
AzureCaper: raises $3 to $6
TheEdged: raises $3 to $9
AzureCaper: calls $3
*** FLOP *** [8h 6s 4s]
TheEdged: bets $3
AzureCaper: calls $3
*** TURN *** [8h 6s 4s] [9h]
TheEdged: checks
AzureCaper: checks
*** RIVER *** [8h 6s 4s 9h] [4c]
TheEdged: bets $6
AzureCaper: raises $6 to $12
TheEdged: calls $6
*** SHOW DOWN ***
AzureCaper: shows [Ts 8c] (two pair, Eights and Fours)
TheEdged: mucks hand
AzureCaper collected $47.50 from pot
*** SUMMARY ***
Total pot $48 | Rake $0.50
Board [8h 6s 4s 9h 4c]
Seat 1: TheEdged (big blind) mucked
Seat 4: AzureCaper (button) (small blind) showed [Ts 8c] and won ($47.50) with two pair, Eights and Fours


PokerStars Hand #168329574870:  Hold'em Limit ($3/$6 USD) - 2017/03/30 12:42:00 ET
Table 'Ucclia' 6-max Seat #1 is the button
Seat 1: TheEdged ($561.86 in chips)
Seat 4: AzureCaper ($149.66 in chips)
TheEdged: posts small blind $1
AzureCaper: posts big blind $3
*** HOLE CARDS ***
TheEdged: raises $3 to $6
AzureCaper: calls $3
*** FLOP *** [6h 2d 2s]
AzureCaper: checks
TheEdged: bets $3
AzureCaper: folds
Uncalled bet ($3) returned to TheEdged
TheEdged collected $11.76 from pot
TheEdged: doesn't show hand
*** SUMMARY ***
Total pot $12 | Rake $0.24
Board [6h 2d 2s]
Seat 1: TheEdged (button) (small blind) collected ($11.76)
Seat 4: AzureCaper (big blind) folded on the Flop


PokerStars Hand #168329591724:  Hold'em Limit ($3/$6 USD) - 2017/03/30 12:42:23 ET
Table 'Ucclia' 6-max Seat #1 is the button
Seat 1: TheEdged ($567.37 in chips)
Seat 4: AzureCaper ($143.41 in chips)
TheEdged: posts small blind $1
AzureCaper: posts big blind $3
*** HOLE CARDS ***
TheEdged: raises $3 to $6
AzureCaper: calls $3
*** FLOP *** [9h 6c 8h]
AzureCaper: checks
TheEdged: bets $3
AzureCaper: raises $3 to $6
TheEdged: folds
Uncalled bet ($3) returned to AzureCaper
AzureCaper collected $17.64 from pot
AzureCaper: doesn't show hand
*** SUMMARY ***
Total pot $18 | Rake $0.36
Board [9h 6c 8h]
Seat 1: TheEdged (button) (small blind) folded on the Flop
Seat 4: AzureCaper (big blind) collected ($17.64)


PokerStars Hand #168329582217:  Hold'em Limit ($3/$6 USD) - 2017/03/30 12:42:10 ET
Table 'Ucclia' 6-max Seat #4 is the button
Seat 1: TheEdged ($567.62 in chips)
Seat 4: AzureCaper ($143.66 in chips)
AzureCaper: posts small blind $1
TheEdged: posts big blind $3
*** HOLE CARDS ***
AzureCaper: raises $3 to $6
TheEdged: calls $3
*** FLOP *** [8h Qd 9s]
TheEdged: checks
AzureCaper: bets $3
TheEdged: calls $3
*** TURN *** [8h Qd 9s] [3c]
TheEdged: checks
AzureCaper: checks
*** RIVER *** [8h Qd 9s 3c] [5s]
TheEdged: bets $6
AzureCaper: calls $6
*** SHOW DOWN ***
TheEdged: shows [9d 7s] (a pair of Nines)
AzureCaper: shows [7h 9h] (a pair of Nines)
TheEdged collected $14.75 from pot
AzureCaper collected $14.75 from pot
*** SUMMARY ***
Total pot $30 | Rake $0.50
Board [8h Qd 9s 3c 5s]
Seat 1: TheEdged (big blind) showed [9d 7s] and won ($14.75) with a pair of Nines
Seat 4: AzureCaper (button) (small blind) showed [7h 9h] and won ($14.75) with a pair of Nines


PokerStars Hand #168329612092:  Hold'em Limit ($3/$6 USD) - 2017/03/30 12:42:51 ET
Table 'Ucclia' 6-max Seat #1 is the button
Seat 1: TheEdged ($534.37 in chips)
Seat 4: AzureCaper ($175.55 in chips)
TheEdged: posts small blind $1
AzureCaper: posts big blind $3
*** HOLE CARDS ***
TheEdged: raises $3 to $6
AzureCaper: raises $3 to $9
TheEdged: calls $3
*** FLOP *** [2c 7d 6s]
AzureCaper: bets $3
TheEdged: calls $3
*** TURN *** [2c 7d 6s] [4s]
AzureCaper: bets $6
TheEdged: calls $6
*** RIVER *** [2c 7d 6s 4s] [8c]
AzureCaper: checks
TheEdged: bets $6
AzureCaper: folds
Uncalled bet ($6) returned to TheEdged
TheEdged collected $35.50 from pot
TheEdged: doesn't show hand
*** SUMMARY ***
Total pot $36 | Rake $0.50
Board [2c 7d 6s 4s 8c]
Seat 1: TheEdged (button) (small blind) collected ($35.50)
Seat 4: AzureCaper (big blind) folded on the River


PokerStars Hand #168329640129:  Hold'em Limit ($3/$6 USD) - 2017/03/30 12:43:28 ET
Table 'Ucclia' 6-max Seat #4 is the button
Seat 1: TheEdged ($569.37 in chips)
Seat 4: AzureCaper ($139.55 in chips)
AzureCaper: posts small blind $1
TheEdged: posts big blind $3
*** HOLE CARDS ***
AzureCaper: raises $3 to $6
TheEdged: calls $3
*** FLOP *** [Qs Ks 8s]
TheEdged: checks
AzureCaper: bets $3
TheEdged: calls $3
*** TURN *** [Qs Ks 8s] [4c]
TheEdged: checks
AzureCaper: checks
*** RIVER *** [Qs Ks 8s 4c] [6d]
TheEdged: bets $6
AzureCaper: calls $6
*** SHOW DOWN ***
TheEdged: shows [7h Qd] (a pair of Queens)
AzureCaper: mucks hand
TheEdged collected $29.50 from pot
*** SUMMARY ***
Total pot $30 | Rake $0.50
Board [Qs Ks 8s 4c 6d]
Seat 1: TheEdged (big blind) showed [7h Qd] and won ($29.50) with a pair of Queens
Seat 4: AzureCaper (button) (small blind) mucked


PokerStars Hand #168329623789:  Hold'em Limit ($3/$6 USD) - 2017/03/30 12:43:06 ET
Table 'Ucclia' 6-max Seat #4 is the button
Seat 1: TheEdged ($551.87 in chips)
Seat 4: AzureCaper ($157.55 in chips)
AzureCaper: posts small blind $1
TheEdged: posts big blind $3
*** HOLE CARDS ***
AzureCaper: raises $3 to $6
TheEdged: calls $3
*** FLOP *** [Ts 7d 2c]
TheEdged: checks
AzureCaper: bets $3
TheEdged: calls $3
*** TURN *** [Ts 7d 2c] [Kh]
TheEdged: checks
AzureCaper: checks
*** RIVER *** [Ts 7d 2c Kh] [Qs]
TheEdged: bets $6
AzureCaper: calls $6
*** SHOW DOWN ***
TheEdged: shows [5c Qc] (a pair of Queens)
AzureCaper: mucks hand
TheEdged collected $29.50 from pot
*** SUMMARY ***
Total pot $30 | Rake $0.50
Board [Ts 7d 2c Kh Qs]
Seat 1: TheEdged (big blind) showed [5c Qc] and won ($29.50) with a pair of Queens
Seat 4: AzureCaper (button) (small blind) mucked


PokerStars Hand #168329658377:  Hold'em Limit ($3/$6 USD) - 2017/03/30 12:43:53 ET
Table 'Ucclia' 6-max Seat #4 is the button
Seat 1: TheEdged ($586.87 in chips)
Seat 4: AzureCaper ($121.55 in chips)
AzureCaper: posts small blind $1
TheEdged: posts big blind $3
*** HOLE CARDS ***
AzureCaper: raises $3 to $6
TheEdged: raises $3 to $9
AzureCaper: calls $3
*** FLOP *** [Ts Ac 3s]
TheEdged: bets $3
AzureCaper: folds
Uncalled bet ($3) returned to TheEdged
TheEdged collected $17.64 from pot
TheEdged: doesn't show hand
*** SUMMARY ***
Total pot $18 | Rake $0.36
Board [Ts Ac 3s]
Seat 1: TheEdged (big blind) collected ($17.64)
Seat 4: AzureCaper (button) (small blind) folded on the Flop


PokerStars Hand #168329636351:  Hold'em Limit ($3/$6 USD) - 2017/03/30 12:43:23 ET
Table 'Ucclia' 6-max Seat #1 is the button
Seat 1: TheEdged ($566.37 in chips)
Seat 4: AzureCaper ($142.55 in chips)
TheEdged: posts small blind $1
AzureCaper: posts big blind $3
*** HOLE CARDS ***
TheEdged: raises $3 to $6
AzureCaper: folds
Uncalled bet ($3) returned to TheEdged
TheEdged collected $6 from pot
TheEdged: doesn't show hand
*** SUMMARY ***
Total pot $6 | Rake $0
Seat 1: TheEdged (button) (small blind) collected ($6)
Seat 4: AzureCaper (big blind) folded before Flop


PokerStars Hand #168329654320:  Hold'em Limit ($3/$6 USD) - 2017/03/30 12:43:47 ET
Table 'Ucclia' 6-max Seat #1 is the button
Seat 1: TheEdged ($583.87 in chips)
Seat 4: AzureCaper ($124.55 in chips)
TheEdged: posts small blind $1
AzureCaper: posts big blind $3
*** HOLE CARDS ***
TheEdged: raises $3 to $6
AzureCaper: folds
Uncalled bet ($3) returned to TheEdged
TheEdged collected $6 from pot
TheEdged: doesn't show hand
*** SUMMARY ***
Total pot $6 | Rake $0
Seat 1: TheEdged (button) (small blind) collected ($6)
Seat 4: AzureCaper (big blind) folded before Flop


PokerStars Hand #168329693959:  Hold'em Limit ($3/$6 USD) - 2017/03/30 12:44:41 ET
Table 'Ucclia' 6-max Seat #4 is the button
Seat 1: TheEdged ($569.51 in chips)
Seat 4: AzureCaper ($137.69 in chips)
AzureCaper: posts small blind $1
TheEdged: posts big blind $3
*** HOLE CARDS ***
AzureCaper: raises $3 to $6
TheEdged: calls $3
*** FLOP *** [5d 5c 4s]
TheEdged: checks
AzureCaper: bets $3
TheEdged: calls $3
*** TURN *** [5d 5c 4s] [9c]
TheEdged: checks
AzureCaper: checks
*** RIVER *** [5d 5c 4s 9c] [Ks]
TheEdged: bets $6
AzureCaper: calls $6
*** SHOW DOWN ***
TheEdged: shows [9d Jh] (two pair, Nines and Fives)
AzureCaper: mucks hand
TheEdged collected $29.50 from pot
*** SUMMARY ***
Total pot $30 | Rake $0.50
Board [5d 5c 4s 9c Ks]
Seat 1: TheEdged (big blind) showed [9d Jh] and won ($29.50) with two pair, Nines and Fives
Seat 4: AzureCaper (button) (small blind) mucked


PokerStars Hand #168329677861:  Hold'em Limit ($3/$6 USD) - 2017/03/30 12:44:19 ET
Table 'Ucclia' 6-max Seat #1 is the button
Seat 1: TheEdged ($587.51 in chips)
Seat 4: AzureCaper ($120.19 in chips)
TheEdged: posts small blind $1
AzureCaper: posts big blind $3
*** HOLE CARDS ***
TheEdged: raises $3 to $6
AzureCaper: calls $3
*** FLOP *** [Tc Th 7h]
AzureCaper: checks
TheEdged: bets $3
AzureCaper: raises $3 to $6
TheEdged: calls $3
*** TURN *** [Tc Th 7h] [As]
AzureCaper: bets $6
TheEdged: calls $6
*** RIVER *** [Tc Th 7h As] [5c]
AzureCaper: bets $6
TheEdged: folds
Uncalled bet ($6) returned to AzureCaper
AzureCaper collected $35.50 from pot
AzureCaper: doesn't show hand
*** SUMMARY ***
Total pot $36 | Rake $0.50
Board [Tc Th 7h As 5c]
Seat 1: TheEdged (button) (small blind) folded on the River
Seat 4: AzureCaper (big blind) collected ($35.50)


PokerStars Hand #168329666502:  Hold'em Limit ($3/$6 USD) - 2017/03/30 12:44:04 ET
Table 'Ucclia' 6-max Seat #1 is the button
Seat 1: TheEdged ($595.51 in chips)
Seat 4: AzureCaper ($112.55 in chips)
TheEdged: posts small blind $1
AzureCaper: posts big blind $3
*** HOLE CARDS ***
TheEdged: raises $3 to $6
AzureCaper: raises $3 to $9
TheEdged: calls $3
*** FLOP *** [Kc Qc 7d]
AzureCaper: bets $3
TheEdged: folds
Uncalled bet ($3) returned to AzureCaper
AzureCaper collected $17.64 from pot
AzureCaper: doesn't show hand
*** SUMMARY ***
Total pot $18 | Rake $0.36
Board [Kc Qc 7d]
Seat 1: TheEdged (button) (small blind) folded on the Flop
Seat 4: AzureCaper (big blind) collected ($17.64)


PokerStars Hand #168329673981:  Hold'em Limit ($3/$6 USD) - 2017/03/30 12:44:14 ET
Table 'Ucclia' 6-max Seat #4 is the button
Seat 1: TheEdged ($586.51 in chips)
Seat 4: AzureCaper ($121.19 in chips)
AzureCaper: posts small blind $1
TheEdged: posts big blind $3
*** HOLE CARDS ***
AzureCaper: folds
Uncalled bet ($2) returned to TheEdged
TheEdged collected $2 from pot
TheEdged: doesn't show hand
*** SUMMARY ***
Total pot $2 | Rake $0
Seat 1: TheEdged (big blind) collected ($2)
Seat 4: AzureCaper (button) (small blind) folded before Flop


PokerStars Hand #168329708512:  Hold'em Limit ($3/$6 USD) - 2017/03/30 12:45:01 ET
Table 'Ucclia' 6-max Seat #4 is the button
Seat 1: TheEdged ($583.01 in chips)
Seat 4: AzureCaper ($123.69 in chips)
AzureCaper: posts small blind $1
TheEdged: posts big blind $3
*** HOLE CARDS ***
AzureCaper: raises $3 to $6
TheEdged: folds
Uncalled bet ($3) returned to AzureCaper
AzureCaper collected $6 from pot
AzureCaper: doesn't show hand
*** SUMMARY ***
Total pot $6 | Rake $0
Seat 1: TheEdged (big blind) folded before Flop
Seat 4: AzureCaper (button) (small blind) collected ($6)


PokerStars Hand #168329704498:  Hold'em Limit ($3/$6 USD) - 2017/03/30 12:44:55 ET
Table 'Ucclia' 6-max Seat #1 is the button
Seat 1: TheEdged ($584.01 in chips)
Seat 4: AzureCaper ($122.69 in chips)
TheEdged: posts small blind $1
AzureCaper: posts big blind $3
*** HOLE CARDS ***
TheEdged: folds
Uncalled bet ($2) returned to AzureCaper
AzureCaper collected $2 from pot
AzureCaper: doesn't show hand
*** SUMMARY ***
Total pot $2 | Rake $0
Seat 1: TheEdged (button) (small blind) folded before Flop
Seat 4: AzureCaper (big blind) collected ($2)


PokerStars Hand #168329751919:  Hold'em Limit ($3/$6 USD) - 2017/03/30 12:45:59 ET
Table 'Ucclia' 6-max Seat #1 is the button
Seat 1: TheEdged ($615.01 in chips)
Seat 4: AzureCaper ($90.33 in chips)
TheEdged: posts small blind $1
AzureCaper: posts big blind $3
*** HOLE CARDS ***
TheEdged: folds
Uncalled bet ($2) returned to AzureCaper
AzureCaper collected $2 from pot
AzureCaper: doesn't show hand
*** SUMMARY ***
Total pot $2 | Rake $0
Seat 1: TheEdged (button) (small blind) folded before Flop
Seat 4: AzureCaper (big blind) collected ($2)


PokerStars Hand #168329739175:  Hold'em Limit ($3/$6 USD) - 2017/03/30 12:45:42 ET
Table 'Ucclia' 6-max Seat #4 is the button
Seat 1: TheEdged ($597.51 in chips)
Seat 4: AzureCaper ($108.33 in chips)
AzureCaper: posts small blind $1
TheEdged: posts big blind $3
*** HOLE CARDS ***
AzureCaper: raises $3 to $6
TheEdged: calls $3
*** FLOP *** [5s 8h 7s]
TheEdged: checks
AzureCaper: bets $3
TheEdged: raises $3 to $6
AzureCaper: calls $3
*** TURN *** [5s 8h 7s] [2s]
TheEdged: bets $6
AzureCaper: calls $6
*** RIVER *** [5s 8h 7s 2s] [Th]
TheEdged: bets $6
AzureCaper: folds
Uncalled bet ($6) returned to TheEdged
TheEdged collected $35.50 from pot
TheEdged: doesn't show hand
*** SUMMARY ***
Total pot $36 | Rake $0.50
Board [5s 8h 7s 2s Th]
Seat 1: TheEdged (big blind) collected ($35.50)
Seat 4: AzureCaper (button) (small blind) folded on the River


PokerStars Hand #168329724150:  Hold'em Limit ($3/$6 USD) - 2017/03/30 12:45:22 ET
Table 'Ucclia' 6-max Seat #4 is the button
Seat 1: TheEdged ($603.51 in chips)
Seat 4: AzureCaper ($102.69 in chips)
AzureCaper: posts small blind $1
TheEdged: posts big blind $3
*** HOLE CARDS ***
AzureCaper: raises $3 to $6
TheEdged: calls $3
*** FLOP *** [Kc 5h 8s]
TheEdged: checks
AzureCaper: bets $3
TheEdged: calls $3
*** TURN *** [Kc 5h 8s] [Js]
TheEdged: checks
AzureCaper: bets $6
TheEdged: folds
Uncalled bet ($6) returned to AzureCaper
AzureCaper collected $17.64 from pot
AzureCaper: doesn't show hand
*** SUMMARY ***
Total pot $18 | Rake $0.36
Board [Kc 5h 8s Js]
Seat 1: TheEdged (big blind) folded on the Turn
Seat 4: AzureCaper (button) (small blind) collected ($17.64)


PokerStars Hand #168329735029:  Hold'em Limit ($3/$6 USD) - 2017/03/30 12:45:36 ET
Table 'Ucclia' 6-max Seat #1 is the button
Seat 1: TheEdged ($594.51 in chips)
Seat 4: AzureCaper ($111.33 in chips)
TheEdged: posts small blind $1
AzureCaper: posts big blind $3
*** HOLE CARDS ***
TheEdged: raises $3 to $6
AzureCaper: folds
Uncalled bet ($3) returned to TheEdged
TheEdged collected $6 from pot
TheEdged: doesn't show hand
*** SUMMARY ***
Total pot $6 | Rake $0
Seat 1: TheEdged (button) (small blind) collected ($6)
Seat 4: AzureCaper (big blind) folded before Flop


PokerStars Hand #168329759652:  Hold'em Limit ($3/$6 USD) - 2017/03/30 12:46:09 ET
Table 'Ucclia' 6-max Seat #1 is the button
Seat 1: TheEdged ($615.01 in chips)
Seat 4: AzureCaper ($90.33 in chips)
TheEdged: posts small blind $1
AzureCaper: posts big blind $3
*** HOLE CARDS ***
TheEdged: raises $3 to $6
AzureCaper: folds
Uncalled bet ($3) returned to TheEdged
TheEdged collected $6 from pot
TheEdged: doesn't show hand
*** SUMMARY ***
Total pot $6 | Rake $0
Seat 1: TheEdged (button) (small blind) collected ($6)
Seat 4: AzureCaper (big blind) folded before Flop


PokerStars Hand #168329755724:  Hold'em Limit ($3/$6 USD) - 2017/03/30 12:46:04 ET
Table 'Ucclia' 6-max Seat #4 is the button
Seat 1: TheEdged ($614.01 in chips)
Seat 4: AzureCaper ($91.33 in chips)
AzureCaper: posts small blind $1
TheEdged: posts big blind $3
*** HOLE CARDS ***
AzureCaper: folds
Uncalled bet ($2) returned to TheEdged
TheEdged collected $2 from pot
TheEdged: doesn't show hand
*** SUMMARY ***
Total pot $2 | Rake $0
Seat 1: TheEdged (big blind) collected ($2)
Seat 4: AzureCaper (button) (small blind) folded before Flop


PokerStars Hand #168329769739:  Hold'em Limit ($3/$6 USD) - 2017/03/30 12:46:22 ET
Table 'Ucclia' 6-max Seat #1 is the button
Seat 1: TheEdged ($615.01 in chips)
Seat 4: AzureCaper ($90.33 in chips)
TheEdged: posts small blind $1
AzureCaper: posts big blind $3
*** HOLE CARDS ***
TheEdged: raises $3 to $6
AzureCaper: calls $3
*** FLOP *** [2d 5s 6c]
AzureCaper: checks
TheEdged: bets $3
AzureCaper: calls $3
*** TURN *** [2d 5s 6c] [5d]
AzureCaper: checks
TheEdged: checks
*** RIVER *** [2d 5s 6c 5d] [4c]
AzureCaper: checks
TheEdged: bets $6
AzureCaper: raises $6 to $12
TheEdged: calls $6
*** SHOW DOWN ***
AzureCaper: shows [7h Qh] (a pair of Fives)
TheEdged: shows [3d Kc] (a straight, Deuce to Six)
TheEdged collected $41.50 from pot
*** SUMMARY ***
Total pot $42 | Rake $0.50
Board [2d 5s 6c 5d 4c]
Seat 1: TheEdged (button) (small blind) showed [3d Kc] and won ($41.50) with a straight, Deuce to Six
Seat 4: AzureCaper (big blind) showed [7h Qh] and lost with a pair of Fives


PokerStars Hand #168329764950:  Hold'em Limit ($3/$6 USD) - 2017/03/30 12:46:16 ET
Table 'Ucclia' 6-max Seat #4 is the button
Seat 1: TheEdged ($618.01 in chips)
Seat 4: AzureCaper ($87.33 in chips)
AzureCaper: posts small blind $1
TheEdged: posts big blind $3
*** HOLE CARDS ***
AzureCaper: raises $3 to $6
TheEdged: folds
Uncalled bet ($3) returned to AzureCaper
AzureCaper collected $6 from pot
AzureCaper: doesn't show hand
*** SUMMARY ***
Total pot $6 | Rake $0
Seat 1: TheEdged (big blind) folded before Flop
Seat 4: AzureCaper (button) (small blind) collected ($6)


PokerStars Hand #168329787996:  Hold'em Limit ($3/$6 USD) - 2017/03/30 12:46:47 ET
Table 'Ucclia' 6-max Seat #4 is the button
Seat 1: TheEdged ($635.51 in chips)
Seat 4: AzureCaper ($72 in chips)
AzureCaper: posts small blind $1
TheEdged: posts big blind $3
*** HOLE CARDS ***
AzureCaper: raises $3 to $6
TheEdged: calls $3
*** FLOP *** [2h 3d Qc]
TheEdged: checks
AzureCaper: bets $3
TheEdged: calls $3
*** TURN *** [2h 3d Qc] [Ah]
TheEdged: checks
AzureCaper: bets $6
TheEdged: calls $6
*** RIVER *** [2h 3d Qc Ah] [Kh]
TheEdged: checks
AzureCaper: bets $6
TheEdged: raises $6 to $12
AzureCaper: folds
Uncalled bet ($6) returned to TheEdged
TheEdged collected $41.50 from pot
TheEdged: doesn't show hand
*** SUMMARY ***
Total pot $42 | Rake $0.50
Board [2h 3d Qc Ah Kh]
Seat 1: TheEdged (big blind) collected ($41.50)
Seat 4: AzureCaper (button) (small blind) folded on the River


PokerStars Hand #168329819001:  Hold'em Limit ($3/$6 USD) - 2017/03/30 12:47:28 ET
Table 'Ucclia' 6-max Seat #1 is the button
Seat 1: TheEdged ($670.41 in chips)
Seat 4: AzureCaper ($72 in chips)
TheEdged: posts small blind $1
AzureCaper: posts big blind $3
*** HOLE CARDS ***
knas4 joins the table at seat #6
TheEdged: raises $3 to $6
AzureCaper: calls $3
*** FLOP *** [Ah 2h 7h]
AzureCaper: checks
TheEdged: bets $3
AzureCaper: folds
Uncalled bet ($3) returned to TheEdged
TheEdged collected $11.76 from pot
TheEdged: doesn't show hand
*** SUMMARY ***
Total pot $12 | Rake $0.24
Board [Ah 2h 7h]
Seat 1: TheEdged (button) (small blind) collected ($11.76)
Seat 4: AzureCaper (big blind) folded on the Flop


PokerStars Hand #168329800271:  Hold'em Limit ($3/$6 USD) - 2017/03/30 12:47:03 ET
Table 'Ucclia' 6-max Seat #1 is the button
Seat 1: TheEdged ($656.01 in chips)
Seat 4: AzureCaper ($72 in chips)
TheEdged: posts small blind $1
AzureCaper: posts big blind $3
*** HOLE CARDS ***
TheEdged: raises $3 to $6
AzureCaper: calls $3
*** FLOP *** [3h 8h 5h]
AzureCaper: checks
TheEdged: bets $3
AzureCaper: folds
Uncalled bet ($3) returned to TheEdged
TheEdged collected $11.76 from pot
TheEdged: doesn't show hand
*** SUMMARY ***
Total pot $12 | Rake $0.24
Board [3h 8h 5h]
Seat 1: TheEdged (button) (small blind) collected ($11.76)
Seat 4: AzureCaper (big blind) folded on the Flop


PokerStars Hand #168335490046:  Hold'em Limit ($3/$6 USD) - 2017/03/30 14:46:21 ET
Table 'Ucclia' 6-max Seat #1 is the button
Seat 1: MilPopov ($29.45 in chips)
Seat 5: d3w1l ($61.81 in chips)
MilPopov: posts small blind $1
makimaki: is sitting out
vestimokrec: is sitting out
d3w1l: posts big blind $3
*** HOLE CARDS ***
MilPopov: calls $2
d3w1l: checks
*** FLOP *** [Ad Ah Th]
vestimokrec leaves the table
d3w1l: checks
boogi joins the table at seat #3
makimaki leaves the table
MilPopov: bets $3
d3w1l: folds
Uncalled bet ($3) returned to MilPopov
MilPopov collected $5.88 from pot
*** SUMMARY ***
Total pot $6 | Rake $0.12
Board [Ad Ah Th]
Seat 1: MilPopov (button) (small blind) collected ($5.88)
Seat 5: d3w1l (big blind) folded on the Flop


PokerStars Hand #168346377628:  Hold'em Limit ($3/$6 USD) - 2017/03/30 18:14:50 ET
Table 'Ucclia' 6-max Seat #1 is the button
Seat 1: B_loJkl ($147.43 in chips)
Seat 4: andrey0709 ($92.74 in chips)
B_loJkl: posts small blind $1
andrey0709: posts big blind $3
*** HOLE CARDS ***
B_loJkl: raises $3 to $6
andrey0709: calls $3
*** FLOP *** [6c 2h 6h]
andrey0709: checks
B_loJkl: bets $3
andrey0709: folds
Uncalled bet ($3) returned to B_loJkl
B_loJkl collected $11.76 from pot
B_loJkl: doesn't show hand
*** SUMMARY ***
Total pot $12 | Rake $0.24
Board [6c 2h 6h]
Seat 1: B_loJkl (button) (small blind) collected ($11.76)
Seat 4: andrey0709 (big blind) folded on the Flop


PokerStars Hand #168346462613:  Hold'em Limit ($3/$6 USD) - 2017/03/30 18:16:29 ET
Table 'Ucclia' 6-max Seat #1 is the button
Seat 1: andrey0709 ($120 in chips)
Seat 3: B_loJkl ($150 in chips)
andrey0709: posts small blind $1
B_loJkl: posts big blind $3
*** HOLE CARDS ***
andrey0709: raises $3 to $6
B_loJkl: calls $3
*** FLOP *** [3s Ts 5s]
B_loJkl: checks
andrey0709: bets $3
B_loJkl: calls $3
*** TURN *** [3s Ts 5s] [Js]
B_loJkl: checks
andrey0709: checks
*** RIVER *** [3s Ts 5s Js] [5d]
B_loJkl: checks
andrey0709: checks
*** SHOW DOWN ***
B_loJkl: shows [Ah 3d] (two pair, Fives and Threes)
andrey0709: shows [Ac Ad] (two pair, Aces and Fives)
andrey0709 collected $17.64 from pot
*** SUMMARY ***
Total pot $18 | Rake $0.36
Board [3s Ts 5s Js 5d]
Seat 1: andrey0709 (button) (small blind) showed [Ac Ad] and won ($17.64) with two pair, Aces and Fives
Seat 3: B_loJkl (big blind) showed [Ah 3d] and lost with two pair, Fives and Threes


PokerStars Hand #168346520898:  Hold'em Limit ($3/$6 USD) - 2017/03/30 18:17:45 ET
Table 'Ucclia' 6-max Seat #1 is the button
Seat 1: andrey0709 ($155.14 in chips)
Seat 3: B_loJkl ($114 in chips)
andrey0709: posts small blind $1
B_loJkl: posts big blind $3
*** HOLE CARDS ***
andrey0709: folds
Uncalled bet ($2) returned to B_loJkl
B_loJkl collected $2 from pot
B_loJkl: doesn't show hand
*** SUMMARY ***
Total pot $2 | Rake $0
Seat 1: andrey0709 (button) (small blind) folded before Flop
Seat 3: B_loJkl (big blind) collected ($2)


PokerStars Hand #168346503563:  Hold'em Limit ($3/$6 USD) - 2017/03/30 18:17:22 ET
Table 'Ucclia' 6-max Seat #3 is the button
Seat 1: andrey0709 ($128.64 in chips)
Seat 3: B_loJkl ($141 in chips)
B_loJkl: posts small blind $1
andrey0709: posts big blind $3
*** HOLE CARDS ***
B_loJkl: raises $3 to $6
andrey0709: calls $3
*** FLOP *** [6d Kh 7s]
andrey0709: checks
B_loJkl: bets $3
andrey0709: calls $3
*** TURN *** [6d Kh 7s] [Ks]
andrey0709: checks
B_loJkl: bets $6
andrey0709: calls $6
*** RIVER *** [6d Kh 7s Ks] [Js]
andrey0709: checks
B_loJkl: bets $6
andrey0709: raises $6 to $12
B_loJkl: calls $6
*** SHOW DOWN ***
andrey0709: shows [5s 6s] (a flush, King high)
B_loJkl: mucks hand
andrey0709 collected $53.50 from pot
*** SUMMARY ***
Total pot $54 | Rake $0.50
Board [6d Kh 7s Ks Js]
Seat 1: andrey0709 (big blind) showed [5s 6s] and won ($53.50) with a flush, King high
Seat 3: B_loJkl (button) (small blind) mucked


PokerStars Hand #168346525774:  Hold'em Limit ($3/$6 USD) - 2017/03/30 18:17:51 ET
Table 'Ucclia' 6-max Seat #3 is the button
Seat 1: andrey0709 ($154.14 in chips)
Seat 3: B_loJkl ($115 in chips)
B_loJkl: posts small blind $1
andrey0709: posts big blind $3
*** HOLE CARDS ***
B_loJkl: raises $3 to $6
andrey0709: calls $3
*** FLOP *** [8h 4c 4s]
andrey0709: checks
B_loJkl: bets $3
andrey0709: calls $3
*** TURN *** [8h 4c 4s] [As]
andrey0709: checks
B_loJkl: bets $6
andrey0709: calls $6
*** RIVER *** [8h 4c 4s As] [Kc]
andrey0709: checks
B_loJkl: checks
*** SHOW DOWN ***
andrey0709: shows [3s 3d] (two pair, Fours and Threes)
B_loJkl: shows [6h Kd] (two pair, Kings and Fours)
B_loJkl collected $29.50 from pot
*** SUMMARY ***
Total pot $30 | Rake $0.50
Board [8h 4c 4s As Kc]
Seat 1: andrey0709 (big blind) showed [3s 3d] and lost with two pair, Fours and Threes
Seat 3: B_loJkl (button) (small blind) showed [6h Kd] and won ($29.50) with two pair, Kings and Fours


PokerStars Hand #168346538972:  Hold'em Limit ($3/$6 USD) - 2017/03/30 18:18:08 ET
Table 'Ucclia' 6-max Seat #1 is the button
Seat 1: andrey0709 ($139.14 in chips)
Seat 3: B_loJkl ($129.50 in chips)
andrey0709: posts small blind $1
B_loJkl: posts big blind $3
*** HOLE CARDS ***
andrey0709: calls $2
B_loJkl: checks
*** FLOP *** [Jd 4d Ac]
B_loJkl: checks
andrey0709: checks
*** TURN *** [Jd 4d Ac] [Td]
B_loJkl: checks
andrey0709: checks
*** RIVER *** [Jd 4d Ac Td] [7c]
B_loJkl: bets $6
andrey0709: raises $6 to $12
B_loJkl: calls $6
*** SHOW DOWN ***
andrey0709: shows [9c 8s] (a straight, Seven to Jack)
B_loJkl: mucks hand
andrey0709 collected $29.50 from pot
*** SUMMARY ***
Total pot $30 | Rake $0.50
Board [Jd 4d Ac Td 7c]
Seat 1: andrey0709 (button) (small blind) showed [9c 8s] and won ($29.50) with a straight, Seven to Jack
Seat 3: B_loJkl (big blind) mucked


PokerStars Hand #168346574392:  Hold'em Limit ($3/$6 USD) - 2017/03/30 18:18:55 ET
Table 'Ucclia' 6-max Seat #1 is the button
Seat 1: andrey0709 ($144.64 in chips)
Seat 3: B_loJkl ($123.14 in chips)
andrey0709: posts small blind $1
B_loJkl: posts big blind $3
*** HOLE CARDS ***
andrey0709: folds
Uncalled bet ($2) returned to B_loJkl
B_loJkl collected $2 from pot
B_loJkl: doesn't show hand
*** SUMMARY ***
Total pot $2 | Rake $0
Seat 1: andrey0709 (button) (small blind) folded before Flop
Seat 3: B_loJkl (big blind) collected ($2)


PokerStars Hand #168346558713:  Hold'em Limit ($3/$6 USD) - 2017/03/30 18:18:34 ET
Table 'Ucclia' 6-max Seat #3 is the button
Seat 1: andrey0709 ($153.64 in chips)
Seat 3: B_loJkl ($114.50 in chips)
B_loJkl: posts small blind $1
andrey0709: posts big blind $3
*** HOLE CARDS ***
B_loJkl: raises $3 to $6
andrey0709: calls $3
*** FLOP *** [5d 5h Jc]
andrey0709: checks
B_loJkl: bets $3
andrey0709: calls $3
*** TURN *** [5d 5h Jc] [6c]
andrey0709: checks
B_loJkl: bets $6
andrey0709: folds
Uncalled bet ($6) returned to B_loJkl
B_loJkl collected $17.64 from pot
B_loJkl: doesn't show hand
*** SUMMARY ***
Total pot $18 | Rake $0.36
Board [5d 5h Jc 6c]
Seat 1: andrey0709 (big blind) folded on the Turn
Seat 3: B_loJkl (button) (small blind) collected ($17.64)


PokerStars Hand #168346577503:  Hold'em Limit ($3/$6 USD) - 2017/03/30 18:18:59 ET
Table 'Ucclia' 6-max Seat #3 is the button
Seat 1: andrey0709 ($143.64 in chips)
Seat 3: B_loJkl ($124.14 in chips)
B_loJkl: posts small blind $1
andrey0709: posts big blind $3
*** HOLE CARDS ***
B_loJkl: raises $3 to $6
andrey0709: folds
Uncalled bet ($3) returned to B_loJkl
B_loJkl collected $6 from pot
B_loJkl: doesn't show hand
*** SUMMARY ***
Total pot $6 | Rake $0
Seat 1: andrey0709 (big blind) folded before Flop
Seat 3: B_loJkl (button) (small blind) collected ($6)


PokerStars Hand #168346586163:  Hold'em Limit ($3/$6 USD) - 2017/03/30 18:19:10 ET
Table 'Ucclia' 6-max Seat #1 is the button
Seat 1: andrey0709 ($140.64 in chips)
Seat 3: B_loJkl ($127.14 in chips)
andrey0709: posts small blind $1
B_loJkl: posts big blind $3
*** HOLE CARDS ***
andrey0709: calls $2
B_loJkl: raises $3 to $6
andrey0709: calls $3
*** FLOP *** [5s 4s Ah]
B_loJkl: bets $3
andrey0709: folds
Uncalled bet ($3) returned to B_loJkl
B_loJkl collected $11.76 from pot
B_loJkl: doesn't show hand
*** SUMMARY ***
Total pot $12 | Rake $0.24
Board [5s 4s Ah]
Seat 1: andrey0709 (button) (small blind) folded on the Flop
Seat 3: B_loJkl (big blind) collected ($11.76)


PokerStars Hand #168346594308:  Hold'em Limit ($3/$6 USD) - 2017/03/30 18:19:21 ET
Table 'Ucclia' 6-max Seat #3 is the button
Seat 1: andrey0709 ($134.64 in chips)
Seat 3: B_loJkl ($132.90 in chips)
B_loJkl: posts small blind $1
andrey0709: posts big blind $3
*** HOLE CARDS ***
B_loJkl: raises $3 to $6
andrey0709: folds
Uncalled bet ($3) returned to B_loJkl
B_loJkl collected $6 from pot
B_loJkl: doesn't show hand
*** SUMMARY ***
Total pot $6 | Rake $0
Seat 1: andrey0709 (big blind) folded before Flop
Seat 3: B_loJkl (button) (small blind) collected ($6)


PokerStars Hand #168346599813:  Hold'em Limit ($3/$6 USD) - 2017/03/30 18:19:28 ET
Table 'Ucclia' 6-max Seat #1 is the button
Seat 1: andrey0709 ($131.64 in chips)
Seat 3: B_loJkl ($135.90 in chips)
andrey0709: posts small blind $1
B_loJkl: posts big blind $3
*** HOLE CARDS ***
andrey0709: raises $3 to $6
B_loJkl: calls $3
*** FLOP *** [6s 5s 2s]
B_loJkl: bets $3
andrey0709: calls $3
*** TURN *** [6s 5s 2s] [Ac]
B_loJkl: bets $6
andrey0709: folds
Uncalled bet ($6) returned to B_loJkl
B_loJkl collected $17.64 from pot
B_loJkl: doesn't show hand
*** SUMMARY ***
Total pot $18 | Rake $0.36
Board [6s 5s 2s Ac]
Seat 1: andrey0709 (button) (small blind) folded on the Turn
Seat 3: B_loJkl (big blind) collected ($17.64)


PokerStars Hand #168346637256:  Hold'em Limit ($3/$6 USD) - 2017/03/30 18:20:18 ET
Table 'Ucclia' 6-max Seat #1 is the button
Seat 1: andrey0709 ($146.14 in chips)
Seat 3: B_loJkl ($120.54 in chips)
andrey0709: posts small blind $1
B_loJkl: posts big blind $3
*** HOLE CARDS ***
andrey0709: folds
Uncalled bet ($2) returned to B_loJkl
B_loJkl collected $2 from pot
B_loJkl: doesn't show hand
*** SUMMARY ***
Total pot $2 | Rake $0
Seat 1: andrey0709 (button) (small blind) folded before Flop
Seat 3: B_loJkl (big blind) collected ($2)


PokerStars Hand #168346621059:  Hold'em Limit ($3/$6 USD) - 2017/03/30 18:19:56 ET
Table 'Ucclia' 6-max Seat #3 is the button
Seat 1: andrey0709 ($122.64 in chips)
Seat 3: B_loJkl ($144.54 in chips)
B_loJkl: posts small blind $1
andrey0709: posts big blind $3
*** HOLE CARDS ***
B_loJkl: raises $3 to $6
andrey0709: calls $3
*** FLOP *** [2h Js 7h]
andrey0709: checks
B_loJkl: bets $3
andrey0709: raises $3 to $6
B_loJkl: calls $3
*** TURN *** [2h Js 7h] [Qs]
andrey0709: bets $6
B_loJkl: calls $6
*** RIVER *** [2h Js 7h Qs] [2c]
andrey0709: bets $6
B_loJkl: calls $6
*** SHOW DOWN ***
andrey0709: shows [9h Jc] (two pair, Jacks and Deuces)
B_loJkl: mucks hand
andrey0709 collected $47.50 from pot
*** SUMMARY ***
Total pot $48 | Rake $0.50
Board [2h Js 7h Qs 2c]
Seat 1: andrey0709 (big blind) showed [9h Jc] and won ($47.50) with two pair, Jacks and Deuces
Seat 3: B_loJkl (button) (small blind) mucked


PokerStars Hand #168346646196:  Hold'em Limit ($3/$6 USD) - 2017/03/30 18:20:30 ET
Table 'Ucclia' 6-max Seat #1 is the button
Seat 1: andrey0709 ($142.14 in chips)
Seat 3: B_loJkl ($124.54 in chips)
andrey0709: posts small blind $1
B_loJkl: posts big blind $3
*** HOLE CARDS ***
andrey0709: folds
Uncalled bet ($2) returned to B_loJkl
B_loJkl collected $2 from pot
B_loJkl: doesn't show hand
*** SUMMARY ***
Total pot $2 | Rake $0
Seat 1: andrey0709 (button) (small blind) folded before Flop
Seat 3: B_loJkl (big blind) collected ($2)


PokerStars Hand #168346640558:  Hold'em Limit ($3/$6 USD) - 2017/03/30 18:20:22 ET
Table 'Ucclia' 6-max Seat #3 is the button
Seat 1: andrey0709 ($145.14 in chips)
Seat 3: B_loJkl ($121.54 in chips)
B_loJkl: posts small blind $1
andrey0709: posts big blind $3
*** HOLE CARDS ***
B_loJkl: raises $3 to $6
andrey0709: folds
Uncalled bet ($3) returned to B_loJkl
B_loJkl collected $6 from pot
B_loJkl: doesn't show hand
*** SUMMARY ***
Total pot $6 | Rake $0
Seat 1: andrey0709 (big blind) folded before Flop
Seat 3: B_loJkl (button) (small blind) collected ($6)


PokerStars Hand #168346649703:  Hold'em Limit ($3/$6 USD) - 2017/03/30 18:20:34 ET
Table 'Ucclia' 6-max Seat #3 is the button
Seat 1: andrey0709 ($141.14 in chips)
Seat 3: B_loJkl ($125.54 in chips)
B_loJkl: posts small blind $1
andrey0709: posts big blind $3
*** HOLE CARDS ***
B_loJkl: raises $3 to $6
andrey0709: calls $3
*** FLOP *** [4d 5h 8c]
andrey0709: checks
B_loJkl: bets $3
andrey0709: raises $3 to $6
B_loJkl: calls $3
*** TURN *** [4d 5h 8c] [4c]
andrey0709: bets $6
B_loJkl: calls $6
*** RIVER *** [4d 5h 8c 4c] [Kc]
andrey0709: bets $6
B_loJkl: calls $6
*** SHOW DOWN ***
andrey0709: shows [8s Kh] (two pair, Kings and Eights)
B_loJkl: mucks hand
andrey0709 collected $47.50 from pot
*** SUMMARY ***
Total pot $48 | Rake $0.50
Board [4d 5h 8c 4c Kc]
Seat 1: andrey0709 (big blind) showed [8s Kh] and won ($47.50) with two pair, Kings and Eights
Seat 3: B_loJkl (button) (small blind) mucked


PokerStars Hand #168346686471:  Hold'em Limit ($3/$6 USD) - 2017/03/30 18:21:23 ET
Table 'Ucclia' 6-max Seat #1 is the button
Seat 1: andrey0709 ($164.64 in chips)
Seat 3: B_loJkl ($101.54 in chips)
andrey0709: posts small blind $1
B_loJkl: posts big blind $3
*** HOLE CARDS ***
andrey0709: folds
Uncalled bet ($2) returned to B_loJkl
B_loJkl collected $2 from pot
B_loJkl: doesn't show hand
*** SUMMARY ***
Total pot $2 | Rake $0
Seat 1: andrey0709 (button) (small blind) folded before Flop
Seat 3: B_loJkl (big blind) collected ($2)


PokerStars Hand #168346696947:  Hold'em Limit ($3/$6 USD) - 2017/03/30 18:21:37 ET
Table 'Ucclia' 6-max Seat #1 is the button
Seat 1: andrey0709 ($160.64 in chips)
Seat 3: B_loJkl ($105.54 in chips)
andrey0709: posts small blind $1
B_loJkl: posts big blind $3
*** HOLE CARDS ***
andrey0709: folds
Uncalled bet ($2) returned to B_loJkl
B_loJkl collected $2 from pot
B_loJkl: doesn't show hand
*** SUMMARY ***
Total pot $2 | Rake $0
Seat 1: andrey0709 (button) (small blind) folded before Flop
Seat 3: B_loJkl (big blind) collected ($2)


PokerStars Hand #168346691195:  Hold'em Limit ($3/$6 USD) - 2017/03/30 18:21:29 ET
Table 'Ucclia' 6-max Seat #3 is the button
Seat 1: andrey0709 ($163.64 in chips)
Seat 3: B_loJkl ($102.54 in chips)
B_loJkl: posts small blind $1
andrey0709: posts big blind $3
*** HOLE CARDS ***
B_loJkl: raises $3 to $6
andrey0709: folds
Uncalled bet ($3) returned to B_loJkl
B_loJkl collected $6 from pot
B_loJkl: doesn't show hand
*** SUMMARY ***
Total pot $6 | Rake $0
Seat 1: andrey0709 (big blind) folded before Flop
Seat 3: B_loJkl (button) (small blind) collected ($6)


PokerStars Hand #168346707097:  Hold'em Limit ($3/$6 USD) - 2017/03/30 18:21:50 ET
Table 'Ucclia' 6-max Seat #1 is the button
Seat 1: andrey0709 ($156.64 in chips)
Seat 3: B_loJkl ($109.54 in chips)
andrey0709: posts small blind $1
B_loJkl: posts big blind $3
*** HOLE CARDS ***
andrey0709: folds
Uncalled bet ($2) returned to B_loJkl
B_loJkl collected $2 from pot
B_loJkl: doesn't show hand
*** SUMMARY ***
Total pot $2 | Rake $0
Seat 1: andrey0709 (button) (small blind) folded before Flop
Seat 3: B_loJkl (big blind) collected ($2)


PokerStars Hand #168346700351:  Hold'em Limit ($3/$6 USD) - 2017/03/30 18:21:41 ET
Table 'Ucclia' 6-max Seat #3 is the button
Seat 1: andrey0709 ($159.64 in chips)
Seat 3: B_loJkl ($106.54 in chips)
B_loJkl: posts small blind $1
andrey0709: posts big blind $3
*** HOLE CARDS ***
B_loJkl: raises $3 to $6
andrey0709: folds
Uncalled bet ($3) returned to B_loJkl
B_loJkl collected $6 from pot
B_loJkl: doesn't show hand
*** SUMMARY ***
Total pot $6 | Rake $0
Seat 1: andrey0709 (big blind) folded before Flop
Seat 3: B_loJkl (button) (small blind) collected ($6)


PokerStars Hand #168346710438:  Hold'em Limit ($3/$6 USD) - 2017/03/30 18:21:55 ET
Table 'Ucclia' 6-max Seat #3 is the button
Seat 1: andrey0709 ($155.64 in chips)
Seat 3: B_loJkl ($110.54 in chips)
B_loJkl: posts small blind $1
andrey0709: posts big blind $3
*** HOLE CARDS ***
B_loJkl: raises $3 to $6
andrey0709: calls $3
*** FLOP *** [2s Qd 5d]
andrey0709: checks
B_loJkl: bets $3
andrey0709: calls $3
*** TURN *** [2s Qd 5d] [Qc]
andrey0709: checks
B_loJkl: bets $6
andrey0709: calls $6
*** RIVER *** [2s Qd 5d Qc] [4s]
andrey0709: checks
B_loJkl: checks
*** SHOW DOWN ***
andrey0709: shows [9h 2h] (two pair, Queens and Deuces)
B_loJkl: mucks hand
andrey0709 collected $29.50 from pot
*** SUMMARY ***
Total pot $30 | Rake $0.50
Board [2s Qd 5d Qc 4s]
Seat 1: andrey0709 (big blind) showed [9h 2h] and won ($29.50) with two pair, Queens and Deuces
Seat 3: B_loJkl (button) (small blind) mucked


PokerStars Hand #168346736509:  Hold'em Limit ($3/$6 USD) - 2017/03/30 18:22:30 ET
Table 'Ucclia' 6-max Seat #1 is the button
Seat 1: andrey0709 ($170.14 in chips)
Seat 3: B_loJkl ($95.54 in chips)
andrey0709: posts small blind $1
B_loJkl: posts big blind $3
*** HOLE CARDS ***
andrey0709: calls $2
B_loJkl: checks
*** FLOP *** [7d Td 9d]
B_loJkl: checks
andrey0709: checks
*** TURN *** [7d Td 9d] [Js]
B_loJkl: bets $6
andrey0709: folds
Uncalled bet ($6) returned to B_loJkl
B_loJkl collected $5.88 from pot
B_loJkl: doesn't show hand
*** SUMMARY ***
Total pot $6 | Rake $0.12
Board [7d Td 9d Js]
Seat 1: andrey0709 (button) (small blind) folded on the Turn
Seat 3: B_loJkl (big blind) collected ($5.88)


PokerStars Hand #168346756377:  Hold'em Limit ($3/$6 USD) - 2017/03/30 18:22:56 ET
Table 'Ucclia' 6-max Seat #3 is the button
Seat 1: andrey0709 ($167.14 in chips)
Seat 3: B_loJkl ($98.42 in chips)
B_loJkl: posts small blind $1
andrey0709: posts big blind $3
*** HOLE CARDS ***
B_loJkl: raises $3 to $6
andrey0709: calls $3
*** FLOP *** [Qd Ad 9d]
andrey0709: checks
B_loJkl: bets $3
andrey0709: folds
Uncalled bet ($3) returned to B_loJkl
B_loJkl collected $11.76 from pot
B_loJkl: doesn't show hand
*** SUMMARY ***
Total pot $12 | Rake $0.24
Board [Qd Ad 9d]
Seat 1: andrey0709 (big blind) folded on the Flop
Seat 3: B_loJkl (button) (small blind) collected ($11.76)


PokerStars Hand #168346765323:  Hold'em Limit ($3/$6 USD) - 2017/03/30 18:23:08 ET
Table 'Ucclia' 6-max Seat #1 is the button
Seat 1: andrey0709 ($161.14 in chips)
Seat 3: B_loJkl ($104.18 in chips)
andrey0709: posts small blind $1
B_loJkl: posts big blind $3
*** HOLE CARDS ***
andrey0709: raises $3 to $6
B_loJkl: calls $3
*** FLOP *** [8d 9c Qs]
B_loJkl: checks
andrey0709: checks
*** TURN *** [8d 9c Qs] [Kc]
B_loJkl: checks
andrey0709: bets $6
B_loJkl: calls $6
*** RIVER *** [8d 9c Qs Kc] [6c]
B_loJkl: checks
andrey0709: checks
*** SHOW DOWN ***
B_loJkl: shows [Qh 4d] (a pair of Queens)
andrey0709: mucks hand
B_loJkl collected $23.52 from pot
*** SUMMARY ***
Total pot $24 | Rake $0.48
Board [8d 9c Qs Kc 6c]
Seat 1: andrey0709 (button) (small blind) mucked
Seat 3: B_loJkl (big blind) showed [Qh 4d] and won ($23.52) with a pair of Queens


PokerStars Hand #168346795931:  Hold'em Limit ($3/$6 USD) - 2017/03/30 18:23:49 ET
Table 'Ucclia' 6-max Seat #3 is the button
Seat 1: andrey0709 ($149.14 in chips)
Seat 3: B_loJkl ($115.70 in chips)
B_loJkl: posts small blind $1
andrey0709: posts big blind $3
*** HOLE CARDS ***
B_loJkl: raises $3 to $6
andrey0709: folds
Uncalled bet ($3) returned to B_loJkl
B_loJkl collected $6 from pot
B_loJkl: doesn't show hand
*** SUMMARY ***
Total pot $6 | Rake $0
Seat 1: andrey0709 (big blind) folded before Flop
Seat 3: B_loJkl (button) (small blind) collected ($6)


PokerStars Hand #168346805050:  Hold'em Limit ($3/$6 USD) - 2017/03/30 18:24:02 ET
Table 'Ucclia' 6-max Seat #1 is the button
Seat 1: andrey0709 ($146.14 in chips)
Seat 3: B_loJkl ($118.70 in chips)
andrey0709: posts small blind $1
B_loJkl: posts big blind $3
*** HOLE CARDS ***
andrey0709: raises $3 to $6
B_loJkl: calls $3
*** FLOP *** [2h 5c Kc]
B_loJkl: checks
andrey0709: checks
*** TURN *** [2h 5c Kc] [6s]
B_loJkl: checks
andrey0709: checks
*** RIVER *** [2h 5c Kc 6s] [Ks]
B_loJkl: checks
andrey0709: checks
*** SHOW DOWN ***
B_loJkl: shows [9h Tc] (a pair of Kings)
andrey0709: shows [Js Qc] (a pair of Kings - Queen kicker)
andrey0709 collected $11.76 from pot
*** SUMMARY ***
Total pot $12 | Rake $0.24
Board [2h 5c Kc 6s Ks]
Seat 1: andrey0709 (button) (small blind) showed [Js Qc] and won ($11.76) with a pair of Kings
Seat 3: B_loJkl (big blind) showed [9h Tc] and lost with a pair of Kings


PokerStars Hand #168346847588:  Hold'em Limit ($3/$6 USD) - 2017/03/30 18:24:59 ET
Table 'Ucclia' 6-max Seat #1 is the button
Seat 1: andrey0709 ($172.40 in chips)
Seat 3: B_loJkl ($91.70 in chips)
andrey0709: posts small blind $1
B_loJkl: posts big blind $3
*** HOLE CARDS ***
andrey0709: folds
Uncalled bet ($2) returned to B_loJkl
B_loJkl collected $2 from pot
B_loJkl: doesn't show hand
*** SUMMARY ***
Total pot $2 | Rake $0
Seat 1: andrey0709 (button) (small blind) folded before Flop
Seat 3: B_loJkl (big blind) collected ($2)


PokerStars Hand #168346825790:  Hold'em Limit ($3/$6 USD) - 2017/03/30 18:24:30 ET
Table 'Ucclia' 6-max Seat #3 is the button
Seat 1: andrey0709 ($151.90 in chips)
Seat 3: B_loJkl ($112.70 in chips)
B_loJkl: posts small blind $1
andrey0709: posts big blind $3
*** HOLE CARDS ***
B_loJkl: raises $3 to $6
andrey0709: calls $3
*** FLOP *** [8h 2c 5d]
andrey0709: checks
B_loJkl: bets $3
andrey0709: calls $3
*** TURN *** [8h 2c 5d] [7h]
andrey0709: checks
B_loJkl: bets $6
andrey0709: raises $6 to $12
B_loJkl: calls $6
*** RIVER *** [8h 2c 5d 7h] [5c]
andrey0709: bets $6
B_loJkl: folds
Uncalled bet ($6) returned to andrey0709
andrey0709 collected $41.50 from pot
andrey0709: doesn't show hand
*** SUMMARY ***
Total pot $42 | Rake $0.50
Board [8h 2c 5d 7h 5c]
Seat 1: andrey0709 (big blind) collected ($41.50)
Seat 3: B_loJkl (button) (small blind) folded on the River


PokerStars Hand #168346880312:  Hold'em Limit ($3/$6 USD) - 2017/03/30 18:25:43 ET
Table 'Ucclia' 6-max Seat #3 is the button
Seat 1: andrey0709 ($140.40 in chips)
Seat 3: B_loJkl ($123.20 in chips)
B_loJkl: posts small blind $1
andrey0709: posts big blind $3
*** HOLE CARDS ***
B_loJkl: raises $3 to $6
andrey0709: calls $3
*** FLOP *** [2h 7h Td]
andrey0709: checks
B_loJkl: bets $3
andrey0709: calls $3
*** TURN *** [2h 7h Td] [Jc]
andrey0709: checks
B_loJkl: bets $6
andrey0709: calls $6
*** RIVER *** [2h 7h Td Jc] [4c]
andrey0709: checks
B_loJkl: checks
*** SHOW DOWN ***
andrey0709: shows [Kh 2s] (a pair of Deuces)
B_loJkl: mucks hand
andrey0709 collected $29.50 from pot
*** SUMMARY ***
Total pot $30 | Rake $0.50
Board [2h 7h Td Jc 4c]
Seat 1: andrey0709 (big blind) showed [Kh 2s] and won ($29.50) with a pair of Deuces
Seat 3: B_loJkl (button) (small blind) mucked


PokerStars Hand #168346874258:  Hold'em Limit ($3/$6 USD) - 2017/03/30 18:25:35 ET
Table 'Ucclia' 6-max Seat #1 is the button
Seat 1: andrey0709 ($141.40 in chips)
Seat 3: B_loJkl ($122.20 in chips)
andrey0709: posts small blind $1
B_loJkl: posts big blind $3
*** HOLE CARDS ***
andrey0709: folds
Uncalled bet ($2) returned to B_loJkl
B_loJkl collected $2 from pot
B_loJkl: doesn't show hand
*** SUMMARY ***
Total pot $2 | Rake $0
Seat 1: andrey0709 (button) (small blind) folded before Flop
Seat 3: B_loJkl (big blind) collected ($2)


PokerStars Hand #168346850694:  Hold'em Limit ($3/$6 USD) - 2017/03/30 18:25:03 ET
Table 'Ucclia' 6-max Seat #3 is the button
Seat 1: andrey0709 ($171.40 in chips)
Seat 3: B_loJkl ($92.70 in chips)
B_loJkl: posts small blind $1
andrey0709: posts big blind $3
*** HOLE CARDS ***
B_loJkl: raises $3 to $6
andrey0709: calls $3
*** FLOP *** [2s Ts Js]
andrey0709: checks
B_loJkl: bets $3
andrey0709: raises $3 to $6
B_loJkl: calls $3
*** TURN *** [2s Ts Js] [6d]
andrey0709: bets $6
B_loJkl: raises $6 to $12
andrey0709: calls $6
*** RIVER *** [2s Ts Js 6d] [7d]
andrey0709: checks
B_loJkl: bets $6
andrey0709: calls $6
*** SHOW DOWN ***
B_loJkl: shows [Jh Tc] (two pair, Jacks and Tens)
andrey0709: mucks hand
B_loJkl collected $59.50 from pot
*** SUMMARY ***
Total pot $60 | Rake $0.50
Board [2s Ts Js 6d 7d]
Seat 1: andrey0709 (big blind) mucked
Seat 3: B_loJkl (button) (small blind) showed [Jh Tc] and won ($59.50) with two pair, Jacks and Tens


PokerStars Hand #168346929176:  Hold'em Limit ($3/$6 USD) - 2017/03/30 18:26:49 ET
Table 'Ucclia' 6-max Seat #3 is the button
Seat 1: andrey0709 ($174.06 in chips)
Seat 3: B_loJkl ($88.20 in chips)
B_loJkl: posts small blind $1
andrey0709: posts big blind $3
*** HOLE CARDS ***
B_loJkl: folds
Uncalled bet ($2) returned to andrey0709
andrey0709 collected $2 from pot
andrey0709: doesn't show hand
*** SUMMARY ***
Total pot $2 | Rake $0
Seat 1: andrey0709 (big blind) collected ($2)
Seat 3: B_loJkl (button) (small blind) folded before Flop


PokerStars Hand #168346925986:  Hold'em Limit ($3/$6 USD) - 2017/03/30 18:26:45 ET
Table 'Ucclia' 6-max Seat #1 is the button
Seat 1: andrey0709 ($175.06 in chips)
Seat 3: B_loJkl ($87.20 in chips)
andrey0709: posts small blind $1
B_loJkl: posts big blind $3
*** HOLE CARDS ***
andrey0709: folds
Uncalled bet ($2) returned to B_loJkl
B_loJkl collected $2 from pot
B_loJkl: doesn't show hand
*** SUMMARY ***
Total pot $2 | Rake $0
Seat 1: andrey0709 (button) (small blind) folded before Flop
Seat 3: B_loJkl (big blind) collected ($2)


PokerStars Hand #168346912625:  Hold'em Limit ($3/$6 USD) - 2017/03/30 18:26:26 ET
Table 'Ucclia' 6-max Seat #3 is the button
Seat 1: andrey0709 ($166.42 in chips)
Seat 3: B_loJkl ($96.20 in chips)
B_loJkl: posts small blind $1
andrey0709: posts big blind $3
*** HOLE CARDS ***
B_loJkl: raises $3 to $6
andrey0709: calls $3
*** FLOP *** [3c Js Jh]
andrey0709: checks
B_loJkl: bets $3
andrey0709: calls $3
*** TURN *** [3c Js Jh] [4h]
andrey0709: checks
B_loJkl: checks
*** RIVER *** [3c Js Jh 4h] [7d]
andrey0709: bets $6
B_loJkl: folds
Uncalled bet ($6) returned to andrey0709
andrey0709 collected $17.64 from pot
andrey0709: doesn't show hand
*** SUMMARY ***
Total pot $18 | Rake $0.36
Board [3c Js Jh 4h 7d]
Seat 1: andrey0709 (big blind) collected ($17.64)
Seat 3: B_loJkl (button) (small blind) folded on the River


PokerStars Hand #168346899443:  Hold'em Limit ($3/$6 USD) - 2017/03/30 18:26:09 ET
Table 'Ucclia' 6-max Seat #1 is the button
Seat 1: andrey0709 ($154.90 in chips)
Seat 3: B_loJkl ($108.20 in chips)
andrey0709: posts small blind $1
B_loJkl: posts big blind $3
*** HOLE CARDS ***
andrey0709: raises $3 to $6
B_loJkl: calls $3
*** FLOP *** [Qd 7h Qh]
B_loJkl: checks
andrey0709: checks
*** TURN *** [Qd 7h Qh] [Jh]
B_loJkl: bets $6
andrey0709: calls $6
*** RIVER *** [Qd 7h Qh Jh] [Td]
B_loJkl: checks
andrey0709: bets $6
B_loJkl: folds
Uncalled bet ($6) returned to andrey0709
andrey0709 collected $23.52 from pot
andrey0709: doesn't show hand
*** SUMMARY ***
Total pot $24 | Rake $0.48
Board [Qd 7h Qh Jh Td]
Seat 1: andrey0709 (button) (small blind) collected ($23.52)
Seat 3: B_loJkl (big blind) folded on the River


PokerStars Hand #168346952025:  Hold'em Limit ($3/$6 USD) - 2017/03/30 18:27:20 ET
Table 'Ucclia' 6-max Seat #3 is the button
Seat 1: andrey0709 ($169.06 in chips)
Seat 3: B_loJkl ($92.96 in chips)
B_loJkl: posts small blind $1
andrey0709: posts big blind $3
*** HOLE CARDS ***
B_loJkl: raises $3 to $6
andrey0709: folds
Uncalled bet ($3) returned to B_loJkl
B_loJkl collected $6 from pot
B_loJkl: doesn't show hand
*** SUMMARY ***
Total pot $6 | Rake $0
Seat 1: andrey0709 (big blind) folded before Flop
Seat 3: B_loJkl (button) (small blind) collected ($6)


PokerStars Hand #168346934828:  Hold'em Limit ($3/$6 USD) - 2017/03/30 18:26:57 ET
Table 'Ucclia' 6-max Seat #1 is the button
Seat 1: andrey0709 ($175.06 in chips)
Seat 3: B_loJkl ($87.20 in chips)
andrey0709: posts small blind $1
B_loJkl: posts big blind $3
*** HOLE CARDS ***
andrey0709: calls $2
B_loJkl: raises $3 to $6
andrey0709: calls $3
*** FLOP *** [Ad Tc 8s]
Zubasa07 joins the table at seat #2
B_loJkl: checks
andrey0709: checks
*** TURN *** [Ad Tc 8s] [Ah]
B_loJkl: bets $6
andrey0709: folds
Uncalled bet ($6) returned to B_loJkl
B_loJkl collected $11.76 from pot
B_loJkl: doesn't show hand
*** SUMMARY ***
Total pot $12 | Rake $0.24
Board [Ad Tc 8s Ah]
Seat 1: andrey0709 (button) (small blind) folded on the Turn
Seat 3: B_loJkl (big blind) collected ($11.76)


PokerStars Hand #168348246571:  Hold'em Limit ($3/$6 USD) - 2017/03/30 18:59:12 ET
Table 'Ucclia' 6-max Seat #6 is the button
Seat 1: andrey0709 ($154.41 in chips)
Seat 6: B_loJkl ($172.61 in chips)
B_loJkl: posts small blind $1
andrey0709: posts big blind $3
*** HOLE CARDS ***
B_loJkl: raises $3 to $6
andrey0709: folds
Uncalled bet ($3) returned to B_loJkl
B_loJkl collected $6 from pot
B_loJkl: doesn't show hand
*** SUMMARY ***
Total pot $6 | Rake $0
Seat 1: andrey0709 (big blind) folded before Flop
Seat 6: B_loJkl (button) (small blind) collected ($6)


PokerStars Hand #168348234773:  Hold'em Limit ($3/$6 USD) - 2017/03/30 18:58:51 ET
Table 'Ucclia' 6-max Seat #1 is the button
Seat 1: andrey0709 ($157.41 in chips)
Seat 6: B_loJkl ($169.73 in chips)
andrey0709: posts small blind $1
arocar leaves the table
vitamin168: is sitting out
B_loJkl: posts big blind $3
*** HOLE CARDS ***
andrey0709: calls $2
B_loJkl: checks
*** FLOP *** [Th Ah 3d]
vitamin168 leaves the table
B_loJkl: bets $3
andrey0709: folds
Uncalled bet ($3) returned to B_loJkl
B_loJkl collected $5.88 from pot
B_loJkl: doesn't show hand
*** SUMMARY ***
Total pot $6 | Rake $0.12
Board [Th Ah 3d]
Seat 1: andrey0709 (button) (small blind) folded on the Flop
Seat 6: B_loJkl (big blind) collected ($5.88)


PokerStars Hand #168348252235:  Hold'em Limit ($3/$6 USD) - 2017/03/30 18:59:22 ET
Table 'Ucclia' 6-max Seat #1 is the button
Seat 1: andrey0709 ($151.41 in chips)
Seat 6: B_loJkl ($175.61 in chips)
andrey0709: posts small blind $1
B_loJkl: posts big blind $3
*** HOLE CARDS ***
andrey0709: calls $2
B_loJkl: checks
*** FLOP *** [8s Kh 3h]
B_loJkl: bets $3
andrey0709: calls $3
*** TURN *** [8s Kh 3h] [Qd]
B_loJkl: checks
andrey0709: bets $6
B_loJkl: calls $6
*** RIVER *** [8s Kh 3h Qd] [9d]
B_loJkl: checks
andrey0709: bets $6
B_loJkl: calls $6
*** SHOW DOWN ***
andrey0709: shows [6h Qh] (a pair of Queens)
B_loJkl: mucks hand
andrey0709 collected $35.50 from pot
*** SUMMARY ***
Total pot $36 | Rake $0.50
Board [8s Kh 3h Qd 9d]
Seat 1: andrey0709 (button) (small blind) showed [6h Qh] and won ($35.50) with a pair of Queens
Seat 6: B_loJkl (big blind) mucked


PokerStars Hand #168348286975:  Hold'em Limit ($3/$6 USD) - 2017/03/30 19:00:24 ET
Table 'Ucclia' 6-max Seat #1 is the button
Seat 1: andrey0709 ($165.91 in chips)
Seat 6: B_loJkl ($160.61 in chips)
andrey0709: posts small blind $1
B_loJkl: posts big blind $3
*** HOLE CARDS ***
andrey0709: calls $2
B_loJkl: checks
*** FLOP *** [3d As 9c]
B_loJkl: checks
andrey0709: checks
*** TURN *** [3d As 9c] [Ks]
B_loJkl: checks
andrey0709: bets $6
B_loJkl: calls $6
*** RIVER *** [3d As 9c Ks] [7h]
B_loJkl: checks
andrey0709: bets $6
B_loJkl: folds
Uncalled bet ($6) returned to andrey0709
andrey0709 collected $17.64 from pot
andrey0709: doesn't show hand
*** SUMMARY ***
Total pot $18 | Rake $0.36
Board [3d As 9c Ks 7h]
Seat 1: andrey0709 (button) (small blind) collected ($17.64)
Seat 6: B_loJkl (big blind) folded on the River


PokerStars Hand #168348277096:  Hold'em Limit ($3/$6 USD) - 2017/03/30 19:00:07 ET
Table 'Ucclia' 6-max Seat #6 is the button
Seat 1: andrey0709 ($168.91 in chips)
Seat 6: B_loJkl ($157.61 in chips)
B_loJkl: posts small blind $1
andrey0709: posts big blind $3
*** HOLE CARDS ***
B_loJkl: raises $3 to $6
andrey0709: folds
Uncalled bet ($3) returned to B_loJkl
B_loJkl collected $6 from pot
B_loJkl: doesn't show hand
*** SUMMARY ***
Total pot $6 | Rake $0
Seat 1: andrey0709 (big blind) folded before Flop
Seat 6: B_loJkl (button) (small blind) collected ($6)


PokerStars Hand #168348328908:  Hold'em Limit ($3/$6 USD) - 2017/03/30 19:01:33 ET
Table 'Ucclia' 6-max Seat #6 is the button
Seat 1: andrey0709 ($170.55 in chips)
Seat 6: B_loJkl ($155.61 in chips)
B_loJkl: posts small blind $1
andrey0709: posts big blind $3
*** HOLE CARDS ***
B_loJkl: raises $3 to $6
andrey0709: calls $3
*** FLOP *** [Qh 6d 5c]
andrey0709: checks
B_loJkl: bets $3
andrey0709: calls $3
*** TURN *** [Qh 6d 5c] [Td]
andrey0709: checks
B_loJkl: bets $6
andrey0709: calls $6
*** RIVER *** [Qh 6d 5c Td] [6s]
andrey0709: checks
B_loJkl: checks
*** SHOW DOWN ***
andrey0709: shows [Th Kc] (two pair, Tens and Sixes)
B_loJkl: mucks hand
andrey0709 collected $29.50 from pot
*** SUMMARY ***
Total pot $30 | Rake $0.50
Board [Qh 6d 5c Td 6s]
Seat 1: andrey0709 (big blind) showed [Th Kc] and won ($29.50) with two pair, Tens and Sixes
Seat 6: B_loJkl (button) (small blind) mucked


PokerStars Hand #168348325991:  Hold'em Limit ($3/$6 USD) - 2017/03/30 19:01:28 ET
Table 'Ucclia' 6-max Seat #1 is the button
Seat 1: andrey0709 ($171.55 in chips)
Seat 6: B_loJkl ($154.61 in chips)
andrey0709: posts small blind $1
B_loJkl: posts big blind $3
*** HOLE CARDS ***
andrey0709: folds
Uncalled bet ($2) returned to B_loJkl
B_loJkl collected $2 from pot
B_loJkl: doesn't show hand
*** SUMMARY ***
Total pot $2 | Rake $0
Seat 1: andrey0709 (button) (small blind) folded before Flop
Seat 6: B_loJkl (big blind) collected ($2)


PokerStars Hand #168348321897:  Hold'em Limit ($3/$6 USD) - 2017/03/30 19:01:22 ET
Table 'Ucclia' 6-max Seat #6 is the button
Seat 1: andrey0709 ($174.55 in chips)
Seat 6: B_loJkl ($151.61 in chips)
B_loJkl: posts small blind $1
andrey0709: posts big blind $3
*** HOLE CARDS ***
B_loJkl: raises $3 to $6
andrey0709: folds
Uncalled bet ($3) returned to B_loJkl
B_loJkl collected $6 from pot
B_loJkl: doesn't show hand
*** SUMMARY ***
Total pot $6 | Rake $0
Seat 1: andrey0709 (big blind) folded before Flop
Seat 6: B_loJkl (button) (small blind) collected ($6)


PokerStars Hand #168348380038:  Hold'em Limit ($3/$6 USD) - 2017/03/30 19:02:52 ET
Table 'Ucclia' 6-max Seat #6 is the button
Seat 1: andrey0709 ($182.05 in chips)
Seat 6: B_loJkl ($143.49 in chips)
B_loJkl: posts small blind $1
andrey0709: posts big blind $3
*** HOLE CARDS ***
B_loJkl: raises $3 to $6
andrey0709: folds
Uncalled bet ($3) returned to B_loJkl
B_loJkl collected $6 from pot
B_loJkl: doesn't show hand
*** SUMMARY ***
Total pot $6 | Rake $0
Seat 1: andrey0709 (big blind) folded before Flop
Seat 6: B_loJkl (button) (small blind) collected ($6)


PokerStars Hand #168348354261:  Hold'em Limit ($3/$6 USD) - 2017/03/30 19:02:12 ET
Table 'Ucclia' 6-max Seat #1 is the button
Seat 1: andrey0709 ($185.05 in chips)
Seat 6: B_loJkl ($140.61 in chips)
andrey0709: posts small blind $1
B_loJkl: posts big blind $3
*** HOLE CARDS ***
andrey0709: calls $2
B_loJkl: checks
*** FLOP *** [4c Kc 9d]
B_loJkl: checks
andrey0709: checks
*** TURN *** [4c Kc 9d] [Ks]
B_loJkl: bets $6
andrey0709: folds
Uncalled bet ($6) returned to B_loJkl
B_loJkl collected $5.88 from pot
B_loJkl: doesn't show hand
*** SUMMARY ***
Total pot $6 | Rake $0.12
Board [4c Kc 9d Ks]
Seat 1: andrey0709 (button) (small blind) folded on the Turn
Seat 6: B_loJkl (big blind) collected ($5.88)


PokerStars Hand #168348384990:  Hold'em Limit ($3/$6 USD) - 2017/03/30 19:03:00 ET
Table 'Ucclia' 6-max Seat #1 is the button
Seat 1: andrey0709 ($179.05 in chips)
Seat 6: B_loJkl ($146.49 in chips)
andrey0709: posts small blind $1
B_loJkl: posts big blind $3
*** HOLE CARDS ***
andrey0709: calls $2
B_loJkl: checks
*** FLOP *** [Jd 9c As]
B_loJkl: checks
andrey0709: bets $3
B_loJkl: folds
Uncalled bet ($3) returned to andrey0709
andrey0709 collected $5.88 from pot
andrey0709: doesn't show hand
*** SUMMARY ***
Total pot $6 | Rake $0.12
Board [Jd 9c As]
Seat 1: andrey0709 (button) (small blind) collected ($5.88)
Seat 6: B_loJkl (big blind) folded on the Flop


PokerStars Hand #168348414697:  Hold'em Limit ($3/$6 USD) - 2017/03/30 19:03:45 ET
Table 'Ucclia' 6-max Seat #6 is the button
Seat 1: andrey0709 ($181.93 in chips)
Seat 6: B_loJkl ($143.49 in chips)
B_loJkl: posts small blind $1
andrey0709: posts big blind $3
*** HOLE CARDS ***
B_loJkl: raises $3 to $6
andrey0709: calls $3
*** FLOP *** [3s 2d Qc]
andrey0709: checks
B_loJkl: bets $3
andrey0709: calls $3
*** TURN *** [3s 2d Qc] [5d]
andrey0709: checks
B_loJkl: bets $6
andrey0709: calls $6
*** RIVER *** [3s 2d Qc 5d] [6d]
andrey0709: checks
B_loJkl: bets $6
andrey0709: calls $6
*** SHOW DOWN ***
B_loJkl: shows [4h Th] (a straight, Deuce to Six)
andrey0709: mucks hand
B_loJkl collected $41.50 from pot
*** SUMMARY ***
Total pot $42 | Rake $0.50
Board [3s 2d Qc 5d 6d]
Seat 1: andrey0709 (big blind) mucked
Seat 6: B_loJkl (button) (small blind) showed [4h Th] and won ($41.50) with a straight, Deuce to Six


PokerStars Hand #168348444176:  Hold'em Limit ($3/$6 USD) - 2017/03/30 19:04:31 ET
Table 'Ucclia' 6-max Seat #1 is the button
Seat 1: andrey0709 ($160.93 in chips)
Seat 6: B_loJkl ($163.99 in chips)
andrey0709: posts small blind $1
B_loJkl: posts big blind $3
*** HOLE CARDS ***
andrey0709: folds
Uncalled bet ($2) returned to B_loJkl
B_loJkl collected $2 from pot
B_loJkl: doesn't show hand
*** SUMMARY ***
Total pot $2 | Rake $0
Seat 1: andrey0709 (button) (small blind) folded before Flop
Seat 6: B_loJkl (big blind) collected ($2)


PokerStars Hand #168348447434:  Hold'em Limit ($3/$6 USD) - 2017/03/30 19:04:36 ET
Table 'Ucclia' 6-max Seat #6 is the button
Seat 1: andrey0709 ($159.93 in chips)
Seat 6: B_loJkl ($164.99 in chips)
B_loJkl: posts small blind $1
andrey0709: posts big blind $3
*** HOLE CARDS ***
B_loJkl: raises $3 to $6
andrey0709: calls $3
*** FLOP *** [3d 2s 6h]
andrey0709: checks
B_loJkl: bets $3
andrey0709: raises $3 to $6
B_loJkl: calls $3
*** TURN *** [3d 2s 6h] [Td]
andrey0709: bets $6
B_loJkl: raises $6 to $12
andrey0709: calls $6
*** RIVER *** [3d 2s 6h Td] [Ac]
andrey0709: checks
B_loJkl: bets $6
andrey0709: calls $6
*** SHOW DOWN ***
B_loJkl: shows [Jc Ts] (a pair of Tens)
andrey0709: mucks hand
B_loJkl collected $59.50 from pot
*** SUMMARY ***
Total pot $60 | Rake $0.50
Board [3d 2s 6h Td Ac]
Seat 1: andrey0709 (big blind) mucked
Seat 6: B_loJkl (button) (small blind) showed [Jc Ts] and won ($59.50) with a pair of Tens


