PokerStars Hand #172470290029:  Hold'em Limit ($3/$6 USD) - 2017/07/01 11:49:41 ET
Table 'Ucclia' 6-max Seat #3 is the button
Seat 3: Auge72 ($66.50 in chips)
Seat 4: VolkovDmitri ($123 in chips)
Auge72: posts small blind $1
VolkovDmitri: posts big blind $3
*** HOLE CARDS ***
Auge72: raises $3 to $6
VolkovDmitri: calls $3
*** FLOP *** [Ts Ah Kd]
VolkovDmitri: checks
Auge72: bets $3
VolkovDmitri: folds
Uncalled bet ($3) returned to Auge72
Auge72 collected $11.76 from pot
Auge72: doesn't show hand
*** SUMMARY ***
Total pot $12 | Rake $0.24
Board [Ts Ah Kd]
Seat 3: Auge72 (button) (small blind) collected ($11.76)
Seat 4: VolkovDmitri (big blind) folded on the Flop


PokerStars Hand #172470286567:  Hold'em Limit ($3/$6 USD) - 2017/07/01 11:49:36 ET
Table 'Ucclia' 6-max Seat #4 is the button
Seat 3: Auge72 ($69.50 in chips)
Seat 4: VolkovDmitri ($120 in chips)
VolkovDmitri: posts small blind $1
Auge72: posts big blind $3
*** HOLE CARDS ***
VolkovDmitri: raises $3 to $6
Auge72: folds
Uncalled bet ($3) returned to VolkovDmitri
VolkovDmitri collected $6 from pot
VolkovDmitri: doesn't show hand
*** SUMMARY ***
Total pot $6 | Rake $0
Seat 3: Auge72 (big blind) folded before Flop
Seat 4: VolkovDmitri (button) (small blind) collected ($6)


PokerStars Hand #172470270893:  Hold'em Limit ($3/$6 USD) - 2017/07/01 11:49:12 ET
Table 'Ucclia' 6-max Seat #3 is the button
Seat 3: Auge72 ($55 in chips)
Seat 4: VolkovDmitri ($120 in chips)
Auge72: posts small blind $1
VolkovDmitri: posts big blind $3
*** HOLE CARDS ***
Auge72: raises $3 to $6
VolkovDmitri: calls $3
*** FLOP *** [Ah Td 7s]
VolkovDmitri: bets $3
Auge72: calls $3
*** TURN *** [Ah Td 7s] [Ac]
VolkovDmitri: bets $6
Auge72: calls $6
*** RIVER *** [Ah Td 7s Ac] [Qs]
VolkovDmitri: checks
Auge72: checks
*** SHOW DOWN ***
VolkovDmitri: shows [9s 8d] (a pair of Aces)
Auge72: shows [Qd Kd] (two pair, Aces and Queens)
Auge72 collected $29.50 from pot
*** SUMMARY ***
Total pot $30 | Rake $0.50
Board [Ah Td 7s Ac Qs]
Seat 3: Auge72 (button) (small blind) showed [Qd Kd] and won ($29.50) with two pair, Aces and Queens
Seat 4: VolkovDmitri (big blind) showed [9s 8d] and lost with a pair of Aces


PokerStars Hand #172470296954:  Hold'em Limit ($3/$6 USD) - 2017/07/01 11:49:53 ET
Table 'Ucclia' 6-max Seat #4 is the button
Seat 3: Auge72 ($72.26 in chips)
Seat 4: VolkovDmitri ($120 in chips)
VolkovDmitri: posts small blind $1
Auge72: posts big blind $3
*** HOLE CARDS ***
VolkovDmitri: raises $3 to $6
Auge72: calls $3
*** FLOP *** [7d Ks 6d]
Auge72: checks
VolkovDmitri: bets $3
Auge72: calls $3
*** TURN *** [7d Ks 6d] [3s]
cabrinhakite joins the table at seat #2
Auge72: checks
VolkovDmitri: checks
*** RIVER *** [7d Ks 6d 3s] [7c]
Auge72: bets $6
VolkovDmitri: folds
Uncalled bet ($6) returned to Auge72
Auge72 collected $17.64 from pot
Auge72: doesn't show hand
*** SUMMARY ***
Total pot $18 | Rake $0.36
Board [7d Ks 6d 3s 7c]
Seat 3: Auge72 (big blind) collected ($17.64)
Seat 4: VolkovDmitri (button) (small blind) folded on the River


PokerStars Hand #172470308927:  Hold'em Limit ($3/$6 USD) - 2017/07/01 11:50:12 ET
Table 'Ucclia' 6-max Seat #3 is the button
Seat 3: Auge72 ($80.90 in chips)
Seat 4: VolkovDmitri ($120 in chips)
Auge72: posts small blind $1
VolkovDmitri: posts big blind $3
*** HOLE CARDS ***
Auge72: calls $2
VolkovDmitri: raises $3 to $6
Auge72: calls $3
*** FLOP *** [3c Jd 5c]
VolkovDmitri: bets $3
Auge72: folds
Uncalled bet ($3) returned to VolkovDmitri
VolkovDmitri collected $11.76 from pot
VolkovDmitri: doesn't show hand
*** SUMMARY ***
Total pot $12 | Rake $0.24
Board [3c Jd 5c]
Seat 3: Auge72 (button) (small blind) folded on the Flop
Seat 4: VolkovDmitri (big blind) collected ($11.76)


PokerStars Hand #172470351696:  Hold'em Limit ($3/$6 USD) - 2017/07/01 11:51:20 ET
Table 'Ucclia' 6-max Seat #4 is the button
Seat 3: Auge72 ($73.76 in chips)
Seat 4: VolkovDmitri ($125.61 in chips)
VolkovDmitri: posts small blind $1
Auge72: posts big blind $3
*** HOLE CARDS ***
cabrinhakite is disconnected
VolkovDmitri: raises $3 to $6
Auge72: calls $3
*** FLOP *** [Kc Qd 3h]
Auge72: bets $3
VolkovDmitri: calls $3
*** TURN *** [Kc Qd 3h] [6s]
Auge72: bets $6
VolkovDmitri: raises $6 to $12
Auge72: calls $6
*** RIVER *** [Kc Qd 3h 6s] [7d]
Auge72: checks
Jigorek1989 joins the table at seat #1
VolkovDmitri: bets $6
Auge72: calls $6
*** SHOW DOWN ***
VolkovDmitri: shows [Ah Kd] (a pair of Kings)
Auge72: mucks hand
VolkovDmitri collected $53.50 from pot
*** SUMMARY ***
Total pot $54 | Rake $0.50
Board [Kc Qd 3h 6s 7d]
Seat 3: Auge72 (big blind) mucked
Seat 4: VolkovDmitri (button) (small blind) showed [Ah Kd] and won ($53.50) with a pair of Kings


PokerStars Hand #172470379393:  Hold'em Limit ($3/$6 USD) - 2017/07/01 11:52:04 ET
Table 'Ucclia' 6-max Seat #3 is the button
Seat 3: Auge72 ($46.76 in chips)
Seat 4: VolkovDmitri ($152.11 in chips)
Auge72: posts small blind $1
VolkovDmitri: posts big blind $3
*** HOLE CARDS ***
Auge72: folds
Uncalled bet ($2) returned to VolkovDmitri
VolkovDmitri collected $2 from pot
VolkovDmitri: doesn't show hand
*** SUMMARY ***
Total pot $2 | Rake $0
Seat 3: Auge72 (button) (small blind) folded before Flop
Seat 4: VolkovDmitri (big blind) collected ($2)


PokerStars Hand #172470470917:  Hold'em Limit ($3/$6 USD) - 2017/07/01 11:54:31 ET
Table 'Ucclia' 6-max Seat #3 is the button
Seat 3: Auge72 ($33.30 in chips)
Seat 4: VolkovDmitri ($210.87 in chips)
Auge72: posts small blind $1
VolkovDmitri: posts big blind $3
*** HOLE CARDS ***
Auge72: raises $3 to $6
Jigorek1989 joins the table at seat #5
VolkovDmitri: calls $3
*** FLOP *** [5h 7s 2s]
VolkovDmitri: bets $3
Auge72: calls $3
*** TURN *** [5h 7s 2s] [6d]
VolkovDmitri: bets $6
samurai.ru joins the table at seat #6
Auge72: folds
Uncalled bet ($6) returned to VolkovDmitri
VolkovDmitri collected $17.64 from pot
VolkovDmitri: doesn't show hand
*** SUMMARY ***
Total pot $18 | Rake $0.36
Board [5h 7s 2s 6d]
Seat 3: Auge72 (button) (small blind) folded on the Turn
Seat 4: VolkovDmitri (big blind) collected ($17.64)


PokerStars Hand #172470451441:  Hold'em Limit ($3/$6 USD) - 2017/07/01 11:54:00 ET
Table 'Ucclia' 6-max Seat #4 is the button
Seat 3: Auge72 ($39.30 in chips)
Seat 4: VolkovDmitri ($205.11 in chips)
VolkovDmitri: posts small blind $1
Auge72: posts big blind $3
*** HOLE CARDS ***
VolkovDmitri: raises $3 to $6
Auge72: calls $3
*** FLOP *** [8s Ad 9c]
Jigorek1989 leaves the table
Auge72: checks
VolkovDmitri: bets $3
Auge72: folds
Uncalled bet ($3) returned to VolkovDmitri
VolkovDmitri collected $11.76 from pot
VolkovDmitri: doesn't show hand
*** SUMMARY ***
Total pot $12 | Rake $0.24
Board [8s Ad 9c]
Seat 3: Auge72 (big blind) folded on the Flop
Seat 4: VolkovDmitri (button) (small blind) collected ($11.76)


PokerStars Hand #172470598282:  Hold'em Limit ($3/$6 USD) - 2017/07/01 11:58:25 ET
Table 'Ucclia' 6-max Seat #4 is the button
Seat 3: Auge72 ($143.55 in chips)
Seat 4: VolkovDmitri ($167.51 in chips)
VolkovDmitri: posts small blind $1
Auge72: posts big blind $3
*** HOLE CARDS ***
VolkovDmitri: raises $3 to $6
Auge72: raises $3 to $9
VolkovDmitri: calls $3
*** FLOP *** [Jd 7h 9d]
Auge72: bets $3
VolkovDmitri: calls $3
*** TURN *** [Jd 7h 9d] [4c]
Auge72: bets $6
VolkovDmitri: calls $6
*** RIVER *** [Jd 7h 9d 4c] [Js]
Auge72: bets $6
VolkovDmitri: folds
Uncalled bet ($6) returned to Auge72
Auge72 collected $35.50 from pot
Auge72: doesn't show hand
*** SUMMARY ***
Total pot $36 | Rake $0.50
Board [Jd 7h 9d 4c Js]
Seat 3: Auge72 (big blind) collected ($35.50)
Seat 4: VolkovDmitri (button) (small blind) folded on the River


PokerStars Hand #172470573542:  Hold'em Limit ($3/$6 USD) - 2017/07/01 11:57:39 ET
Table 'Ucclia' 6-max Seat #4 is the button
Seat 3: Auge72 ($117.29 in chips)
Seat 4: VolkovDmitri ($194.51 in chips)
VolkovDmitri: posts small blind $1
Auge72: posts big blind $3
*** HOLE CARDS ***
VolkovDmitri: raises $3 to $6
Auge72: raises $3 to $9
VolkovDmitri: raises $3 to $12
Betting is capped
Auge72: calls $3
*** FLOP *** [Jh 2c 7s]
Auge72: bets $3
VolkovDmitri: calls $3
*** TURN *** [Jh 2c 7s] [9s]
Auge72: bets $6
VolkovDmitri: calls $6
*** RIVER *** [Jh 2c 7s 9s] [3c]
Auge72: bets $6
VolkovDmitri: folds
Uncalled bet ($6) returned to Auge72
Auge72 collected $41.50 from pot
Auge72: doesn't show hand
*** SUMMARY ***
Total pot $42 | Rake $0.50
Board [Jh 2c 7s 9s 3c]
Seat 3: Auge72 (big blind) collected ($41.50)
Seat 4: VolkovDmitri (button) (small blind) folded on the River


PokerStars Hand #172470591491:  Hold'em Limit ($3/$6 USD) - 2017/07/01 11:58:12 ET
Table 'Ucclia' 6-max Seat #3 is the button
Seat 3: Auge72 ($137.79 in chips)
Seat 4: VolkovDmitri ($173.51 in chips)
Auge72: posts small blind $1
VolkovDmitri: posts big blind $3
*** HOLE CARDS ***
Auge72: raises $3 to $6
VolkovDmitri: calls $3
*** FLOP *** [Kd Kc As]
VolkovDmitri: checks
Auge72: bets $3
VolkovDmitri: folds
Uncalled bet ($3) returned to Auge72
Auge72 collected $11.76 from pot
Auge72: doesn't show hand
*** SUMMARY ***
Total pot $12 | Rake $0.24
Board [Kd Kc As]
Seat 3: Auge72 (button) (small blind) collected ($11.76)
Seat 4: VolkovDmitri (big blind) folded on the Flop


PokerStars Hand #172470634821:  Hold'em Limit ($3/$6 USD) - 2017/07/01 11:59:34 ET
Table 'Ucclia' 6-max Seat #4 is the button
Seat 3: Auge72 ($152.05 in chips)
Seat 4: VolkovDmitri ($158.15 in chips)
VolkovDmitri: posts small blind $1
Auge72: posts big blind $3
*** HOLE CARDS ***
VolkovDmitri: raises $3 to $6
Auge72: calls $3
*** FLOP *** [7h Ac 2c]
Auge72: bets $3
VolkovDmitri: raises $3 to $6
Auge72: folds
Uncalled bet ($3) returned to VolkovDmitri
VolkovDmitri collected $17.64 from pot
VolkovDmitri: doesn't show hand
*** SUMMARY ***
Total pot $18 | Rake $0.36
Board [7h Ac 2c]
Seat 3: Auge72 (big blind) folded on the Flop
Seat 4: VolkovDmitri (button) (small blind) collected ($17.64)


PokerStars Hand #172470620240:  Hold'em Limit ($3/$6 USD) - 2017/07/01 11:59:06 ET
Table 'Ucclia' 6-max Seat #3 is the button
Seat 3: Auge72 ($161.05 in chips)
Seat 4: VolkovDmitri ($149.51 in chips)
Auge72: posts small blind $1
VolkovDmitri: posts big blind $3
*** HOLE CARDS ***
Auge72: raises $3 to $6
VolkovDmitri: calls $3
*** FLOP *** [Jh 5h 7h]
VolkovDmitri: bets $3
Auge72: calls $3
*** TURN *** [Jh 5h 7h] [Td]
VolkovDmitri: checks
Auge72: checks
*** RIVER *** [Jh 5h 7h Td] [8h]
VolkovDmitri: checks
Auge72: checks
*** SHOW DOWN ***
VolkovDmitri: shows [3h Kc] (a flush, Jack high)
Auge72: mucks hand
VolkovDmitri collected $17.64 from pot
*** SUMMARY ***
Total pot $18 | Rake $0.36
Board [Jh 5h 7h Td 8h]
Seat 3: Auge72 (button) (small blind) mucked
Seat 4: VolkovDmitri (big blind) showed [3h Kc] and won ($17.64) with a flush, Jack high


