PokerStars Hand #144493680595:  Hold'em Limit ($3/$6 USD) - 2015/11/28 1:41:51 ET
Table 'Ucclia' 6-max Seat #6 is the button
Seat 1: VolkovDmitri ($126.76 in chips)
Seat 6: Frankiblue ($53 in chips)
Frankiblue: posts small blind $1
VolkovDmitri: posts big blind $3
*** HOLE CARDS ***
Frankiblue: raises $3 to $6
VolkovDmitri: calls $3
*** FLOP *** [7h 2h 2s]
VolkovDmitri: checks
Frankiblue: bets $3
VolkovDmitri: calls $3
*** TURN *** [7h 2h 2s] [5s]
VolkovDmitri: checks
Frankiblue: bets $6
VolkovDmitri: calls $6
*** RIVER *** [7h 2h 2s 5s] [7s]
VolkovDmitri: checks
Frankiblue: bets $6
VolkovDmitri: calls $6
*** SHOW DOWN ***
Frankiblue: shows [6c 7c] (a full house, Sevens full of Deuces)
VolkovDmitri: mucks hand
Frankiblue collected $41.50 from pot
*** SUMMARY ***
Total pot $42 | Rake $0.50
Board [7h 2h 2s 5s 7s]
Seat 1: VolkovDmitri (big blind) mucked
Seat 6: Frankiblue (button) (small blind) showed [6c 7c] and won ($41.50) with a full house, Sevens full of Deuces


PokerStars Hand #144493690064:  Hold'em Limit ($3/$6 USD) - 2015/11/28 1:42:26 ET
Table 'Ucclia' 6-max Seat #1 is the button
Seat 1: VolkovDmitri ($120 in chips)
Seat 6: Frankiblue ($73.50 in chips)
VolkovDmitri: posts small blind $1
Frankiblue: posts big blind $3
*** HOLE CARDS ***
VolkovDmitri: raises $3 to $6
Frankiblue: calls $3
*** FLOP *** [7d 7h 2d]
Frankiblue: checks
VolkovDmitri: bets $3
Frankiblue: folds
Uncalled bet ($3) returned to VolkovDmitri
VolkovDmitri collected $11.76 from pot
VolkovDmitri: doesn't show hand
*** SUMMARY ***
Total pot $12 | Rake $0.24
Board [7d 7h 2d]
Seat 1: VolkovDmitri (button) (small blind) collected ($11.76)
Seat 6: Frankiblue (big blind) folded on the Flop


PokerStars Hand #144493694066:  Hold'em Limit ($3/$6 USD) - 2015/11/28 1:42:41 ET
Table 'Ucclia' 6-max Seat #6 is the button
Seat 1: VolkovDmitri ($125.76 in chips)
Seat 6: Frankiblue ($67.50 in chips)
Frankiblue: posts small blind $1
VolkovDmitri: posts big blind $3
*** HOLE CARDS ***
Frankiblue: raises $3 to $6
VolkovDmitri: calls $3
*** FLOP *** [7s 5s Js]
VolkovDmitri: checks
Frankiblue: bets $3
VolkovDmitri: raises $3 to $6
Frankiblue: calls $3
*** TURN *** [7s 5s Js] [Jd]
VolkovDmitri: bets $6
Frankiblue: folds
Uncalled bet ($6) returned to VolkovDmitri
VolkovDmitri collected $23.52 from pot
VolkovDmitri: doesn't show hand
*** SUMMARY ***
Total pot $24 | Rake $0.48
Board [7s 5s Js Jd]
Seat 1: VolkovDmitri (big blind) collected ($23.52)
Seat 6: Frankiblue (button) (small blind) folded on the Turn


PokerStars Hand #144493698103:  Hold'em Limit ($3/$6 USD) - 2015/11/28 1:42:57 ET
Table 'Ucclia' 6-max Seat #1 is the button
Seat 1: VolkovDmitri ($137.28 in chips)
Seat 6: Frankiblue ($55.50 in chips)
VolkovDmitri: posts small blind $1
Frankiblue: posts big blind $3
*** HOLE CARDS ***
VolkovDmitri: raises $3 to $6
Frankiblue: raises $3 to $9
VolkovDmitri: calls $3
*** FLOP *** [2c Js 6d]
Frankiblue: bets $3
VolkovDmitri: calls $3
*** TURN *** [2c Js 6d] [9h]
Frankiblue: bets $6
VolkovDmitri: calls $6
*** RIVER *** [2c Js 6d 9h] [3d]
Frankiblue: bets $6
VolkovDmitri: calls $6
*** SHOW DOWN ***
Frankiblue: shows [2h Ah] (a pair of Deuces)
VolkovDmitri: shows [5s 6s] (a pair of Sixes)
VolkovDmitri collected $47.50 from pot
*** SUMMARY ***
Total pot $48 | Rake $0.50
Board [2c Js 6d 9h 3d]
Seat 1: VolkovDmitri (button) (small blind) showed [5s 6s] and won ($47.50) with a pair of Sixes
Seat 6: Frankiblue (big blind) showed [2h Ah] and lost with a pair of Deuces


PokerStars Hand #144493706402:  Hold'em Limit ($3/$6 USD) - 2015/11/28 1:43:28 ET
Table 'Ucclia' 6-max Seat #1 is the button
Seat 1: VolkovDmitri ($178.28 in chips)
Seat 6: Frankiblue ($13.50 in chips)
VolkovDmitri: posts small blind $1
Frankiblue: posts big blind $3
*** HOLE CARDS ***
VolkovDmitri: raises $3 to $6
Frankiblue: folds
Uncalled bet ($3) returned to VolkovDmitri
VolkovDmitri collected $6 from pot
VolkovDmitri: doesn't show hand
*** SUMMARY ***
Total pot $6 | Rake $0
Seat 1: VolkovDmitri (button) (small blind) collected ($6)
Seat 6: Frankiblue (big blind) folded before Flop


PokerStars Hand #144493702459:  Hold'em Limit ($3/$6 USD) - 2015/11/28 1:43:13 ET
Table 'Ucclia' 6-max Seat #6 is the button
Seat 1: VolkovDmitri ($160.78 in chips)
Seat 6: Frankiblue ($31.50 in chips)
Frankiblue: posts small blind $1
VolkovDmitri: posts big blind $3
*** HOLE CARDS ***
Frankiblue: raises $3 to $6
VolkovDmitri: raises $3 to $9
Frankiblue: calls $3
*** FLOP *** [Qh 2d 5c]
VolkovDmitri: bets $3
Frankiblue: calls $3
*** TURN *** [Qh 2d 5c] [7s]
VolkovDmitri: bets $6
Frankiblue: calls $6
*** RIVER *** [Qh 2d 5c 7s] [9d]
VolkovDmitri: checks
Frankiblue: checks
*** SHOW DOWN ***
VolkovDmitri: shows [As 8c] (high card Ace)
Frankiblue: mucks hand
VolkovDmitri collected $35.50 from pot
*** SUMMARY ***
Total pot $36 | Rake $0.50
Board [Qh 2d 5c 7s 9d]
Seat 1: VolkovDmitri (big blind) showed [As 8c] and won ($35.50) with high card Ace
Seat 6: Frankiblue (button) (small blind) mucked


PokerStars Hand #144493707926:  Hold'em Limit ($3/$6 USD) - 2015/11/28 1:43:33 ET
Table 'Ucclia' 6-max Seat #6 is the button
Seat 1: VolkovDmitri ($181.28 in chips)
Seat 6: Frankiblue ($10.50 in chips)
Frankiblue: posts small blind $1
VolkovDmitri: posts big blind $3
*** HOLE CARDS ***
Frankiblue: raises $3 to $6
VolkovDmitri: raises $3 to $9
Frankiblue: calls $3
*** FLOP *** [4d 5s Ts]
VolkovDmitri: bets $3
Frankiblue: calls $1.50 and is all-in
Uncalled bet ($1.50) returned to VolkovDmitri
*** TURN *** [4d 5s Ts] [Ad]
*** RIVER *** [4d 5s Ts Ad] [4c]
*** SHOW DOWN ***
VolkovDmitri: shows [Td Ac] (two pair, Aces and Tens)
Frankiblue: mucks hand
VolkovDmitri collected $20.58 from pot
*** SUMMARY ***
Total pot $21 | Rake $0.42
Board [4d 5s Ts Ad 4c]
Seat 1: VolkovDmitri (big blind) showed [Td Ac] and won ($20.58) with two pair, Aces and Tens
Seat 6: Frankiblue (button) (small blind) mucked


