PokerStars Hand #158162185908:  Hold'em Limit ($3/$6 USD) - 2016/09/04 15:41:06 ET
Table 'Ucclia' 6-max Seat #3 is the button
Seat 2: kurt183 ($115.55 in chips)
Seat 3: siliciom ($72 in chips)
siliciom: posts small blind $1
Zubasa07: is sitting out
jackRizzar: is sitting out
kurt183: posts big blind $3
*** HOLE CARDS ***
siliciom: raises $3 to $6
kurt183: folds
Uncalled bet ($3) returned to siliciom
CatPuppy1999 joins the table at seat #1
supersjakie joins the table at seat #5
siliciom collected $6 from pot
siliciom: doesn't show hand
*** SUMMARY ***
Total pot $6 | Rake $0
Seat 2: kurt183 (big blind) folded before Flop
Seat 3: siliciom (button) (small blind) collected ($6)


PokerStars Hand #158162196111:  Hold'em Limit ($3/$6 USD) - 2016/09/04 15:41:17 ET
Table 'Ucclia' 6-max Seat #2 is the button
Seat 2: kurt183 ($112.55 in chips)
Seat 3: siliciom ($75 in chips)
kurt183: posts small blind $1
siliciom: posts big blind $3
*** HOLE CARDS ***
kurt183: raises $3 to $6
Zubasa07 leaves the table
siliciom: calls $3
*** FLOP *** [7c Kd 5c]
siliciom: checks
kurt183: bets $3
siliciom: raises $3 to $6
kurt183: calls $3
*** TURN *** [7c Kd 5c] [Js]
siliciom: bets $6
kurt183: raises $6 to $12
siliciom: calls $6
*** RIVER *** [7c Kd 5c Js] [Qd]
siliciom: checks
kurt183: bets $6
siliciom: calls $6
*** SHOW DOWN ***
kurt183: shows [Kc 5s] (two pair, Kings and Fives)
siliciom: mucks hand
kurt183 collected $59.50 from pot
*** SUMMARY ***
Total pot $60 | Rake $0.50
Board [7c Kd 5c Js Qd]
Seat 2: kurt183 (button) (small blind) showed [Kc 5s] and won ($59.50) with two pair, Kings and Fives
Seat 3: siliciom (big blind) mucked


