PokerStars Hand #176025613123:  Hold'em Limit ($3/$6 USD) - 2017/09/23 14:38:00 ET
Table 'Ucclia' 6-max Seat #3 is the button
Seat 3: Ag3r0n ($76 in chips)
Seat 4: muzixibei ($69 in chips)
Ag3r0n: posts small blind $1
muzixibei: posts big blind $3
*** HOLE CARDS ***
Ag3r0n: raises $3 to $6
muzixibei: calls $3
*** FLOP *** [5s 6h 3d]
muzixibei: checks
Ag3r0n: checks
*** TURN *** [5s 6h 3d] [8d]
muzixibei: checks
Ag3r0n: checks
*** RIVER *** [5s 6h 3d 8d] [3h]
muzixibei: checks
Ag3r0n: checks
*** SHOW DOWN ***
muzixibei: shows [Js Ts] (a pair of Threes)
Ag3r0n: shows [Ks 9d] (a pair of Threes - King kicker)
Ag3r0n collected $11.76 from pot
*** SUMMARY ***
Total pot $12 | Rake $0.24
Board [5s 6h 3d 8d 3h]
Seat 3: Ag3r0n (button) (small blind) showed [Ks 9d] and won ($11.76) with a pair of Threes
Seat 4: muzixibei (big blind) showed [Js Ts] and lost with a pair of Threes


PokerStars Hand #176025608836:  Hold'em Limit ($3/$6 USD) - 2017/09/23 14:37:55 ET
Table 'Ucclia' 6-max Seat #4 is the button
Seat 3: Ag3r0n ($75 in chips)
Seat 4: muzixibei ($70 in chips)
muzixibei: posts small blind $1
Ag3r0n: posts big blind $3
*** HOLE CARDS ***
muzixibei: folds
Uncalled bet ($2) returned to Ag3r0n
Ag3r0n collected $2 from pot
Ag3r0n: doesn't show hand
*** SUMMARY ***
Total pot $2 | Rake $0
Seat 3: Ag3r0n (big blind) collected ($2)
Seat 4: muzixibei (button) (small blind) folded before Flop


PokerStars Hand #176025601820:  Hold'em Limit ($3/$6 USD) - 2017/09/23 14:37:46 ET
Table 'Ucclia' 6-max Seat #3 is the button
Seat 3: Ag3r0n ($72 in chips)
Seat 4: muzixibei ($73 in chips)
Ag3r0n: posts small blind $1
muzixibei: posts big blind $3
*** HOLE CARDS ***
Ag3r0n: raises $3 to $6
muzixibei: folds
Uncalled bet ($3) returned to Ag3r0n
Ag3r0n collected $6 from pot
Ag3r0n: doesn't show hand
*** SUMMARY ***
Total pot $6 | Rake $0
Seat 3: Ag3r0n (button) (small blind) collected ($6)
Seat 4: muzixibei (big blind) folded before Flop


PokerStars Hand #176025674514:  Hold'em Limit ($3/$6 USD) - 2017/09/23 14:39:17 ET
Table 'Ucclia' 6-max Seat #4 is the button
Seat 3: Ag3r0n ($76 in chips)
Seat 4: muzixibei ($74.50 in chips)
muzixibei: posts small blind $1
Ag3r0n: posts big blind $3
*** HOLE CARDS ***
muzixibei: raises $3 to $6
Ag3r0n: calls $3
*** FLOP *** [8s 2d Ts]
Ag3r0n: checks
muzixibei: bets $3
Ag3r0n: folds
Uncalled bet ($3) returned to muzixibei
muzixibei collected $11.76 from pot
muzixibei: doesn't show hand
*** SUMMARY ***
Total pot $12 | Rake $0.24
Board [8s 2d Ts]
Seat 3: Ag3r0n (big blind) folded on the Flop
Seat 4: muzixibei (button) (small blind) collected ($11.76)


PokerStars Hand #176025669483:  Hold'em Limit ($3/$6 USD) - 2017/09/23 14:39:11 ET
Table 'Ucclia' 6-max Seat #3 is the button
Seat 3: Ag3r0n ($73 in chips)
Seat 4: muzixibei ($77.50 in chips)
Ag3r0n: posts small blind $1
muzixibei: posts big blind $3
*** HOLE CARDS ***
Ag3r0n: raises $3 to $6
muzixibei: folds
Uncalled bet ($3) returned to Ag3r0n
Ag3r0n collected $6 from pot
Ag3r0n: doesn't show hand
*** SUMMARY ***
Total pot $6 | Rake $0
Seat 3: Ag3r0n (button) (small blind) collected ($6)
Seat 4: muzixibei (big blind) folded before Flop


PokerStars Hand #176025665363:  Hold'em Limit ($3/$6 USD) - 2017/09/23 14:39:06 ET
Table 'Ucclia' 6-max Seat #4 is the button
Seat 3: Ag3r0n ($72 in chips)
Seat 4: muzixibei ($78.50 in chips)
muzixibei: posts small blind $1
Ag3r0n: posts big blind $3
*** HOLE CARDS ***
muzixibei: folds
Uncalled bet ($2) returned to Ag3r0n
Ag3r0n collected $2 from pot
Ag3r0n: doesn't show hand
*** SUMMARY ***
Total pot $2 | Rake $0
Seat 3: Ag3r0n (big blind) collected ($2)
Seat 4: muzixibei (button) (small blind) folded before Flop


PokerStars Hand #176025661343:  Hold'em Limit ($3/$6 USD) - 2017/09/23 14:39:01 ET
Table 'Ucclia' 6-max Seat #3 is the button
Seat 3: Ag3r0n ($72 in chips)
Seat 4: muzixibei ($77.50 in chips)
Ag3r0n: posts small blind $1
muzixibei: posts big blind $3
*** HOLE CARDS ***
Ag3r0n: folds
Uncalled bet ($2) returned to muzixibei
muzixibei collected $2 from pot
muzixibei: doesn't show hand
*** SUMMARY ***
Total pot $2 | Rake $0
Seat 3: Ag3r0n (button) (small blind) folded before Flop
Seat 4: muzixibei (big blind) collected ($2)


PokerStars Hand #176025639476:  Hold'em Limit ($3/$6 USD) - 2017/09/23 14:38:33 ET
Table 'Ucclia' 6-max Seat #4 is the button
Seat 3: Ag3r0n ($81.76 in chips)
Seat 4: muzixibei ($63 in chips)
muzixibei: posts small blind $1
Ag3r0n: posts big blind $3
*** HOLE CARDS ***
muzixibei: raises $3 to $6
Ag3r0n: raises $3 to $9
muzixibei: calls $3
*** FLOP *** [9h 6h 9s]
Ag3r0n: bets $3
muzixibei: raises $3 to $6
Ag3r0n: calls $3
*** TURN *** [9h 6h 9s] [2c]
Ag3r0n: checks
muzixibei: bets $6
Ag3r0n: folds
Uncalled bet ($6) returned to muzixibei
muzixibei collected $29.50 from pot
muzixibei: doesn't show hand
*** SUMMARY ***
Total pot $30 | Rake $0.50
Board [9h 6h 9s 2c]
Seat 3: Ag3r0n (big blind) folded on the Turn
Seat 4: muzixibei (button) (small blind) collected ($29.50)


PokerStars Hand #176025714424:  Hold'em Limit ($3/$6 USD) - 2017/09/23 14:40:08 ET
Table 'Ucclia' 6-max Seat #3 is the button
Seat 3: Ag3r0n ($93.50 in chips)
Seat 4: muzixibei ($58.26 in chips)
Ag3r0n: posts small blind $1
muzixibei: posts big blind $3
*** HOLE CARDS ***
Ag3r0n: raises $3 to $6
muzixibei: raises $3 to $9
Ag3r0n: calls $3
*** FLOP *** [5s 5h 8h]
muzixibei: bets $3
Ag3r0n: calls $3
*** TURN *** [5s 5h 8h] [Js]
patrikskjold joins the table at seat #5
muzixibei: bets $6
Ag3r0n: calls $6
*** RIVER *** [5s 5h 8h Js] [3h]
muzixibei: checks
Ag3r0n: bets $6
muzixibei: calls $6
*** SHOW DOWN ***
Ag3r0n: shows [8c As] (two pair, Eights and Fives)
muzixibei: shows [Jh Ks] (two pair, Jacks and Fives)
muzixibei collected $47.50 from pot
*** SUMMARY ***
Total pot $48 | Rake $0.50
Board [5s 5h 8h Js 3h]
Seat 3: Ag3r0n (button) (small blind) showed [8c As] and lost with two pair, Eights and Fives
Seat 4: muzixibei (big blind) showed [Jh Ks] and won ($47.50) with two pair, Jacks and Fives


PokerStars Hand #176025710714:  Hold'em Limit ($3/$6 USD) - 2017/09/23 14:40:03 ET
Table 'Ucclia' 6-max Seat #4 is the button
Seat 3: Ag3r0n ($92.50 in chips)
Seat 4: muzixibei ($59.26 in chips)
muzixibei: posts small blind $1
Ag3r0n: posts big blind $3
*** HOLE CARDS ***
muzixibei: folds
Uncalled bet ($2) returned to Ag3r0n
Ag3r0n collected $2 from pot
Ag3r0n: doesn't show hand
*** SUMMARY ***
Total pot $2 | Rake $0
Seat 3: Ag3r0n (big blind) collected ($2)
Seat 4: muzixibei (button) (small blind) folded before Flop


PokerStars Hand #176025683930:  Hold'em Limit ($3/$6 USD) - 2017/09/23 14:39:29 ET
Table 'Ucclia' 6-max Seat #3 is the button
Seat 3: Ag3r0n ($72 in chips)
Seat 4: muzixibei ($80.26 in chips)
Ag3r0n: posts small blind $1
muzixibei: posts big blind $3
*** HOLE CARDS ***
Ag3r0n: raises $3 to $6
muzixibei: calls $3
*** FLOP *** [7c Jd Qc]
muzixibei: checks
Ag3r0n: bets $3
muzixibei: calls $3
*** TURN *** [7c Jd Qc] [5d]
muzixibei: checks
Ag3r0n: bets $6
muzixibei: calls $6
*** RIVER *** [7c Jd Qc 5d] [5h]
muzixibei: checks
Ag3r0n: bets $6
muzixibei: calls $6
*** SHOW DOWN ***
Ag3r0n: shows [Qd Kh] (two pair, Queens and Fives)
muzixibei: mucks hand
Ag3r0n collected $41.50 from pot
*** SUMMARY ***
Total pot $42 | Rake $0.50
Board [7c Jd Qc 5d 5h]
Seat 3: Ag3r0n (button) (small blind) showed [Qd Kh] and won ($41.50) with two pair, Queens and Fives
Seat 4: muzixibei (big blind) mucked


PokerStars Hand #176026995150:  Hold'em Limit ($3/$6 USD) - 2017/09/23 15:08:39 ET
Table 'Ucclia' 6-max Seat #4 is the button
Seat 4: muzixibei ($83.69 in chips)
Seat 5: Rmk1500 ($65.09 in chips)
muzixibei: posts small blind $1
Rmk1500: posts big blind $3
*** HOLE CARDS ***
muzixibei: folds
Uncalled bet ($2) returned to Rmk1500
Rmk1500 collected $2 from pot
*** SUMMARY ***
Total pot $2 | Rake $0
Seat 4: muzixibei (button) (small blind) folded before Flop
Seat 5: Rmk1500 (big blind) collected ($2)


PokerStars Hand #176026987319:  Hold'em Limit ($3/$6 USD) - 2017/09/23 15:08:29 ET
Table 'Ucclia' 6-max Seat #5 is the button
Seat 4: muzixibei ($86.69 in chips)
Seat 5: Rmk1500 ($62.09 in chips)
Rmk1500: posts small blind $1
belik555 was removed from the table for failing to post
muzixibei: posts big blind $3
*** HOLE CARDS ***
Rmk1500: raises $3 to $6
muzixibei: folds
Uncalled bet ($3) returned to Rmk1500
Rmk1500 collected $6 from pot
*** SUMMARY ***
Total pot $6 | Rake $0
Seat 4: muzixibei (big blind) folded before Flop
Seat 5: Rmk1500 (button) (small blind) collected ($6)


PokerStars Hand #176026999470:  Hold'em Limit ($3/$6 USD) - 2017/09/23 15:08:44 ET
Table 'Ucclia' 6-max Seat #5 is the button
Seat 4: muzixibei ($82.69 in chips)
Seat 5: Rmk1500 ($66.09 in chips)
Rmk1500: posts small blind $1
muzixibei: posts big blind $3
*** HOLE CARDS ***
vestimokrec leaves the table
Rmk1500: folds
Uncalled bet ($2) returned to muzixibei
muzixibei collected $2 from pot
muzixibei: doesn't show hand
*** SUMMARY ***
Total pot $2 | Rake $0
Seat 4: muzixibei (big blind) collected ($2)
Seat 5: Rmk1500 (button) (small blind) folded before Flop


PokerStars Hand #176026982142:  Hold'em Limit ($3/$6 USD) - 2017/09/23 15:08:23 ET
Table 'Ucclia' 6-max Seat #4 is the button
Seat 4: muzixibei ($87.69 in chips)
Seat 5: Rmk1500 ($61.09 in chips)
muzixibei: posts small blind $1
Rmk1500: posts big blind $3
*** HOLE CARDS ***
muzixibei: folds
Uncalled bet ($2) returned to Rmk1500
Rmk1500 collected $2 from pot
*** SUMMARY ***
Total pot $2 | Rake $0
Seat 4: muzixibei (button) (small blind) folded before Flop
Seat 5: Rmk1500 (big blind) collected ($2)


PokerStars Hand #176026974957:  Hold'em Limit ($3/$6 USD) - 2017/09/23 15:08:14 ET
Table 'Ucclia' 6-max Seat #5 is the button
Seat 4: muzixibei ($86.69 in chips)
Seat 5: Rmk1500 ($62.09 in chips)
Rmk1500: posts small blind $1
muzixibei: posts big blind $3
*** HOLE CARDS ***
Rmk1500: folds
Uncalled bet ($2) returned to muzixibei
muzixibei collected $2 from pot
muzixibei: doesn't show hand
*** SUMMARY ***
Total pot $2 | Rake $0
Seat 4: muzixibei (big blind) collected ($2)
Seat 5: Rmk1500 (button) (small blind) folded before Flop


PokerStars Hand #176026970570:  Hold'em Limit ($3/$6 USD) - 2017/09/23 15:08:09 ET
Table 'Ucclia' 6-max Seat #4 is the button
Seat 4: muzixibei ($87.69 in chips)
Seat 5: Rmk1500 ($61.09 in chips)
muzixibei: posts small blind $1
Rmk1500: posts big blind $3
*** HOLE CARDS ***
muzixibei: folds
Uncalled bet ($2) returned to Rmk1500
Rmk1500 collected $2 from pot
*** SUMMARY ***
Total pot $2 | Rake $0
Seat 4: muzixibei (button) (small blind) folded before Flop
Seat 5: Rmk1500 (big blind) collected ($2)


