PokerStars Hand #145366345308:  Hold'em Limit ($3/$6 USD) - 2015/12/15 0:37:33 ET
Table 'Ucclia' 6-max Seat #1 is the button
Seat 1: mdif ($147.50 in chips)
Seat 2: gatorblood32 ($26.79 in chips)
mdif: posts small blind $1
gatorblood32: posts big blind $3
*** HOLE CARDS ***
mdif: folds
Uncalled bet ($2) returned to gatorblood32
gatorblood32 collected $2 from pot
gatorblood32: doesn't show hand
*** SUMMARY ***
Total pot $2 | Rake $0
Seat 1: mdif (button) (small blind) folded before Flop
Seat 2: gatorblood32 (big blind) collected ($2)


PokerStars Hand #145366344042:  Hold'em Limit ($3/$6 USD) - 2015/12/15 0:37:28 ET
Table 'Ucclia' 6-max Seat #2 is the button
Seat 1: mdif ($146.50 in chips)
Seat 2: gatorblood32 ($27.79 in chips)
gatorblood32: posts small blind $1
mdif: posts big blind $3
*** HOLE CARDS ***
gatorblood32: folds
Uncalled bet ($2) returned to mdif
mdif collected $2 from pot
mdif: doesn't show hand
*** SUMMARY ***
Total pot $2 | Rake $0
Seat 1: mdif (big blind) collected ($2)
Seat 2: gatorblood32 (button) (small blind) folded before Flop


PokerStars Hand #145366336871:  Hold'em Limit ($3/$6 USD) - 2015/12/15 0:37:01 ET
Table 'Ucclia' 6-max Seat #1 is the button
Seat 1: mdif ($120 in chips)
Seat 2: gatorblood32 ($54.79 in chips)
mdif: posts small blind $1
gatorblood32: posts big blind $3
*** HOLE CARDS ***
mdif: raises $3 to $6
gatorblood32: calls $3
*** FLOP *** [5d 4s 2c]
gatorblood32: bets $3
mdif: calls $3
*** TURN *** [5d 4s 2c] [5s]
gatorblood32: bets $6
mdif: raises $6 to $12
gatorblood32: calls $6
*** RIVER *** [5d 4s 2c 5s] [Ah]
gatorblood32: checks
mdif: bets $6
gatorblood32: calls $6
*** SHOW DOWN ***
mdif: shows [2s 2d] (a full house, Deuces full of Fives)
gatorblood32: mucks hand
mdif collected $53.50 from pot
*** SUMMARY ***
Total pot $54 | Rake $0.50
Board [5d 4s 2c 5s Ah]
Seat 1: mdif (button) (small blind) showed [2s 2d] and won ($53.50) with a full house, Deuces full of Fives
Seat 2: gatorblood32 (big blind) mucked


PokerStars Hand #145366346485:  Hold'em Limit ($3/$6 USD) - 2015/12/15 0:37:37 ET
Table 'Ucclia' 6-max Seat #2 is the button
Seat 1: mdif ($146.50 in chips)
Seat 2: gatorblood32 ($27.79 in chips)
gatorblood32: posts small blind $1
mdif: posts big blind $3
*** HOLE CARDS ***
gatorblood32: raises $3 to $6
mdif: folds
Uncalled bet ($3) returned to gatorblood32
gatorblood32 collected $6 from pot
gatorblood32: doesn't show hand
*** SUMMARY ***
Total pot $6 | Rake $0
Seat 1: mdif (big blind) folded before Flop
Seat 2: gatorblood32 (button) (small blind) collected ($6)


PokerStars Hand #145366763222:  Hold'em Limit ($3/$6 USD) - 2015/12/15 1:04:36 ET
Table 'Ucclia' 6-max Seat #1 is the button
Seat 1: mdif ($143.50 in chips)
Seat 3: MARIBORO8 ($96 in chips)
mdif: posts small blind $1
MARIBORO8: posts big blind $3
*** HOLE CARDS ***
mdif: raises $3 to $6
MARIBORO8: calls $3
*** FLOP *** [Jh 3c 7s]
MARIBORO8: checks
mdif: bets $3
MARIBORO8: raises $3 to $6
mdif: folds
Uncalled bet ($3) returned to MARIBORO8
MARIBORO8 collected $17.64 from pot
MARIBORO8: doesn't show hand
*** SUMMARY ***
Total pot $18 | Rake $0.36
Board [Jh 3c 7s]
Seat 1: mdif (button) (small blind) folded on the Flop
Seat 3: MARIBORO8 (big blind) collected ($17.64)


PokerStars Hand #145366769703:  Hold'em Limit ($3/$6 USD) - 2015/12/15 1:05:00 ET
Table 'Ucclia' 6-max Seat #3 is the button
Seat 1: mdif ($134.50 in chips)
Seat 3: MARIBORO8 ($104.64 in chips)
MARIBORO8: posts small blind $1
mdif: posts big blind $3
*** HOLE CARDS ***
MARIBORO8: raises $3 to $6
mdif: calls $3
*** FLOP *** [8d 9h 4h]
mdif: checks
MARIBORO8: bets $3
mdif: raises $3 to $6
MARIBORO8: calls $3
*** TURN *** [8d 9h 4h] [Ad]
mdif: bets $6
MARIBORO8: calls $6
*** RIVER *** [8d 9h 4h Ad] [3c]
mdif: checks
MARIBORO8: checks
*** SHOW DOWN ***
mdif: shows [8h 5h] (a pair of Eights)
MARIBORO8: mucks hand
mdif collected $35.50 from pot
*** SUMMARY ***
Total pot $36 | Rake $0.50
Board [8d 9h 4h Ad 3c]
Seat 1: mdif (big blind) showed [8h 5h] and won ($35.50) with a pair of Eights
Seat 3: MARIBORO8 (button) (small blind) mucked


PokerStars Hand #145366775886:  Hold'em Limit ($3/$6 USD) - 2015/12/15 1:05:23 ET
Table 'Ucclia' 6-max Seat #1 is the button
Seat 1: mdif ($152 in chips)
Seat 3: MARIBORO8 ($86.64 in chips)
mdif: posts small blind $1
MARIBORO8: posts big blind $3
*** HOLE CARDS ***
mdif: folds
Uncalled bet ($2) returned to MARIBORO8
MARIBORO8 collected $2 from pot
MARIBORO8: doesn't show hand
*** SUMMARY ***
Total pot $2 | Rake $0
Seat 1: mdif (button) (small blind) folded before Flop
Seat 3: MARIBORO8 (big blind) collected ($2)


PokerStars Hand #145366777258:  Hold'em Limit ($3/$6 USD) - 2015/12/15 1:05:28 ET
Table 'Ucclia' 6-max Seat #3 is the button
Seat 1: mdif ($151 in chips)
Seat 3: MARIBORO8 ($87.64 in chips)
MARIBORO8: posts small blind $1
mdif: posts big blind $3
*** HOLE CARDS ***
MARIBORO8: raises $3 to $6
mdif: raises $3 to $9
MARIBORO8: calls $3
*** FLOP *** [6c Ts 8s]
mdif: bets $3
MARIBORO8: raises $3 to $6
mdif: calls $3
*** TURN *** [6c Ts 8s] [6d]
mdif: checks
MARIBORO8: bets $6
mdif: folds
Uncalled bet ($6) returned to MARIBORO8
MARIBORO8 collected $29.50 from pot
MARIBORO8: doesn't show hand
*** SUMMARY ***
Total pot $30 | Rake $0.50
Board [6c Ts 8s 6d]
Seat 1: mdif (big blind) folded on the Turn
Seat 3: MARIBORO8 (button) (small blind) collected ($29.50)


PokerStars Hand #145366782830:  Hold'em Limit ($3/$6 USD) - 2015/12/15 1:05:48 ET
Table 'Ucclia' 6-max Seat #1 is the button
Seat 1: mdif ($136 in chips)
Seat 3: MARIBORO8 ($102.14 in chips)
mdif: posts small blind $1
MARIBORO8: posts big blind $3
*** HOLE CARDS ***
mdif: raises $3 to $6
MARIBORO8: calls $3
*** FLOP *** [7c 5s 6h]
MARIBORO8: checks
mdif: bets $3
MARIBORO8: calls $3
*** TURN *** [7c 5s 6h] [9s]
MARIBORO8: checks
mdif: bets $6
MARIBORO8: raises $6 to $12
mdif: calls $6
*** RIVER *** [7c 5s 6h 9s] [Ts]
MARIBORO8: bets $6
mdif: calls $6
*** SHOW DOWN ***
MARIBORO8: shows [8s 4h] (a straight, Six to Ten)
mdif: mucks hand
MARIBORO8 collected $53.50 from pot
*** SUMMARY ***
Total pot $54 | Rake $0.50
Board [7c 5s 6h 9s Ts]
Seat 1: mdif (button) (small blind) mucked
Seat 3: MARIBORO8 (big blind) showed [8s 4h] and won ($53.50) with a straight, Six to Ten


PokerStars Hand #145366796018:  Hold'em Limit ($3/$6 USD) - 2015/12/15 1:06:38 ET
Table 'Ucclia' 6-max Seat #1 is the button
Seat 1: mdif ($149.50 in chips)
Seat 3: MARIBORO8 ($98.64 in chips)
mdif: posts small blind $1
MARIBORO8: posts big blind $3
*** HOLE CARDS ***
mdif: folds
Uncalled bet ($2) returned to MARIBORO8
MARIBORO8 collected $2 from pot
MARIBORO8: doesn't show hand
*** SUMMARY ***
Total pot $2 | Rake $0
Seat 1: mdif (button) (small blind) folded before Flop
Seat 3: MARIBORO8 (big blind) collected ($2)


PokerStars Hand #145366788948:  Hold'em Limit ($3/$6 USD) - 2015/12/15 1:06:11 ET
Table 'Ucclia' 6-max Seat #3 is the button
Seat 1: mdif ($120 in chips)
Seat 3: MARIBORO8 ($128.64 in chips)
MARIBORO8: posts small blind $1
mdif: posts big blind $3
*** HOLE CARDS ***
MARIBORO8: raises $3 to $6
mdif: raises $3 to $9
MARIBORO8: raises $3 to $12
Betting is capped
mdif: calls $3
*** FLOP *** [9s Jh 2d]
mdif: checks
MARIBORO8: bets $3
mdif: raises $3 to $6
MARIBORO8: calls $3
*** TURN *** [9s Jh 2d] [5d]
mdif: bets $6
MARIBORO8: calls $6
*** RIVER *** [9s Jh 2d 5d] [Js]
mdif: bets $6
MARIBORO8: calls $6
*** SHOW DOWN ***
mdif: shows [Qs Jd] (three of a kind, Jacks)
MARIBORO8: mucks hand
mdif collected $59.50 from pot
*** SUMMARY ***
Total pot $60 | Rake $0.50
Board [9s Jh 2d 5d Js]
Seat 1: mdif (big blind) showed [Qs Jd] and won ($59.50) with three of a kind, Jacks
Seat 3: MARIBORO8 (button) (small blind) mucked


PokerStars Hand #145366809648:  Hold'em Limit ($3/$6 USD) - 2015/12/15 1:07:29 ET
Table 'Ucclia' 6-max Seat #3 is the button
Seat 1: mdif ($148 in chips)
Seat 3: MARIBORO8 ($99.14 in chips)
MARIBORO8: posts small blind $1
mdif: posts big blind $3
*** HOLE CARDS ***
MARIBORO8: raises $3 to $6
mdif: calls $3
*** FLOP *** [3d 6c 5h]
mdif: checks
MARIBORO8: checks
*** TURN *** [3d 6c 5h] [Td]
mdif: bets $6
MARIBORO8: raises $6 to $12
mdif: calls $6
*** RIVER *** [3d 6c 5h Td] [8d]
mdif: checks
MARIBORO8: checks
*** SHOW DOWN ***
mdif: shows [5s Qs] (a pair of Fives)
MARIBORO8: shows [Th Qc] (a pair of Tens)
MARIBORO8 collected $35.50 from pot
*** SUMMARY ***
Total pot $36 | Rake $0.50
Board [3d 6c 5h Td 8d]
Seat 1: mdif (big blind) showed [5s Qs] and lost with a pair of Fives
Seat 3: MARIBORO8 (button) (small blind) showed [Th Qc] and won ($35.50) with a pair of Tens


PokerStars Hand #145366805099:  Hold'em Limit ($3/$6 USD) - 2015/12/15 1:07:12 ET
Table 'Ucclia' 6-max Seat #1 is the button
Seat 1: mdif ($163 in chips)
Seat 3: MARIBORO8 ($84.64 in chips)
mdif: posts small blind $1
MARIBORO8: posts big blind $3
*** HOLE CARDS ***
mdif: raises $3 to $6
MARIBORO8: calls $3
*** FLOP *** [Kc 4s Kd]
MARIBORO8: checks
mdif: bets $3
MARIBORO8: calls $3
*** TURN *** [Kc 4s Kd] [9h]
MARIBORO8: checks
mdif: bets $6
MARIBORO8: raises $6 to $12
mdif: folds
Uncalled bet ($6) returned to MARIBORO8
MARIBORO8 collected $29.50 from pot
MARIBORO8: doesn't show hand
*** SUMMARY ***
Total pot $30 | Rake $0.50
Board [Kc 4s Kd 9h]
Seat 1: mdif (button) (small blind) folded on the Turn
Seat 3: MARIBORO8 (big blind) collected ($29.50)


PokerStars Hand #145366797623:  Hold'em Limit ($3/$6 USD) - 2015/12/15 1:06:44 ET
Table 'Ucclia' 6-max Seat #3 is the button
Seat 1: mdif ($148.50 in chips)
Seat 3: MARIBORO8 ($99.64 in chips)
MARIBORO8: posts small blind $1
mdif: posts big blind $3
*** HOLE CARDS ***
MARIBORO8: raises $3 to $6
mdif: calls $3
*** FLOP *** [3c 3d 8s]
mdif: checks
MARIBORO8: bets $3
mdif: calls $3
*** TURN *** [3c 3d 8s] [Kc]
mdif: checks
MARIBORO8: bets $6
mdif: calls $6
*** RIVER *** [3c 3d 8s Kc] [Qd]
mdif: checks
MARIBORO8: checks
*** SHOW DOWN ***
mdif: shows [Qh 2d] (two pair, Queens and Threes)
MARIBORO8: mucks hand
mdif collected $29.50 from pot
*** SUMMARY ***
Total pot $30 | Rake $0.50
Board [3c 3d 8s Kc Qd]
Seat 1: mdif (big blind) showed [Qh 2d] and won ($29.50) with two pair, Queens and Threes
Seat 3: MARIBORO8 (button) (small blind) mucked


PokerStars Hand #145366825161:  Hold'em Limit ($3/$6 USD) - 2015/12/15 1:08:27 ET
Table 'Ucclia' 6-max Seat #1 is the button
Seat 1: mdif ($126.76 in chips)
Seat 3: MARIBORO8 ($119.28 in chips)
mdif: posts small blind $1
MARIBORO8: posts big blind $3
*** HOLE CARDS ***
mdif: raises $3 to $6
MARIBORO8: calls $3
*** FLOP *** [6s 6h 8d]
MARIBORO8: checks
mdif: bets $3
MARIBORO8: calls $3
*** TURN *** [6s 6h 8d] [Ad]
MARIBORO8: checks
mdif: bets $6
MARIBORO8: folds
Uncalled bet ($6) returned to mdif
MAGER911 joins the table at seat #4
mdif collected $17.64 from pot
mdif: doesn't show hand
*** SUMMARY ***
Total pot $18 | Rake $0.36
Board [6s 6h 8d Ad]
Seat 1: mdif (button) (small blind) collected ($17.64)
Seat 3: MARIBORO8 (big blind) folded on the Turn


PokerStars Hand #145366815242:  Hold'em Limit ($3/$6 USD) - 2015/12/15 1:07:50 ET
Table 'Ucclia' 6-max Seat #1 is the button
Seat 1: mdif ($130 in chips)
Seat 3: MARIBORO8 ($116.64 in chips)
mdif: posts small blind $1
MARIBORO8: posts big blind $3
*** HOLE CARDS ***
mdif: raises $3 to $6
MARIBORO8: calls $3
*** FLOP *** [4c 7h Ts]
MARIBORO8: checks
mdif: bets $3
MARIBORO8: calls $3
*** TURN *** [4c 7h Ts] [6d]
MARIBORO8: checks
mdif: checks
*** RIVER *** [4c 7h Ts 6d] [3d]
MARIBORO8: checks
mdif: checks
*** SHOW DOWN ***
MARIBORO8: shows [9d Kc] (high card King)
mdif: mucks hand
MARIBORO8 collected $17.64 from pot
*** SUMMARY ***
Total pot $18 | Rake $0.36
Board [4c 7h Ts 6d 3d]
Seat 1: mdif (button) (small blind) mucked
Seat 3: MARIBORO8 (big blind) showed [9d Kc] and won ($17.64) with high card King


PokerStars Hand #145366874612:  Hold'em Limit ($3/$6 USD) - 2015/12/15 1:11:34 ET
Table 'Ucclia' 6-max Seat #5 is the button
Seat 2: scorpio04 ($97.47 in chips)
Seat 5: PycV ($177 in chips)
PycV: posts small blind $1
mdif: is sitting out
scorpio04: posts big blind $3
*** HOLE CARDS ***
PycV: raises $3 to $6
scorpio04: folds
Uncalled bet ($3) returned to PycV
PycV collected $6 from pot
PycV: doesn't show hand
*** SUMMARY ***
Total pot $6 | Rake $0
Seat 2: scorpio04 (big blind) folded before Flop
Seat 5: PycV (button) (small blind) collected ($6)


