PokerStars Hand #164471951819:  Hold'em Limit ($3/$6 USD) - 2017/01/12 16:25:38 ET
Table 'Ueta' 10-max Seat #6 is the button
Seat 5: TinaTurner72 ($111 in chips)
Seat 6: Rev281 ($128.64 in chips)
Rev281: posts small blind $1
TinaTurner72: posts big blind $3
*** HOLE CARDS ***
Rev281: raises $3 to $6
TinaTurner72: folds
Uncalled bet ($3) returned to Rev281
Rev281 collected $6 from pot
Rev281: doesn't show hand
*** SUMMARY ***
Total pot $6 | Rake $0
Seat 5: TinaTurner72 (big blind) folded before Flop
Seat 6: Rev281 (button) (small blind) collected ($6)


PokerStars Hand #164471923233:  Hold'em Limit ($3/$6 USD) - 2017/01/12 16:25:10 ET
Table 'Ueta' 10-max Seat #5 is the button
Seat 5: TinaTurner72 ($120 in chips)
Seat 6: Rev281 ($120 in chips)
TinaTurner72: posts small blind $1
Rev281: posts big blind $3
*** HOLE CARDS ***
TinaTurner72: raises $3 to $6
Rev281: raises $3 to $9
TinaTurner72: calls $3
*** FLOP *** [Ad 2s Kc]
Rev281: bets $3
TinaTurner72: folds
Uncalled bet ($3) returned to Rev281
Rev281 collected $17.64 from pot
Rev281: doesn't show hand
*** SUMMARY ***
Total pot $18 | Rake $0.36
Board [Ad 2s Kc]
Seat 5: TinaTurner72 (button) (small blind) folded on the Flop
Seat 6: Rev281 (big blind) collected ($17.64)


PokerStars Hand #164471961906:  Hold'em Limit ($3/$6 USD) - 2017/01/12 16:25:48 ET
Table 'Ueta' 10-max Seat #5 is the button
Seat 5: TinaTurner72 ($108 in chips)
Seat 6: Rev281 ($131.64 in chips)
TinaTurner72: posts small blind $1
Rev281: posts big blind $3
*** HOLE CARDS ***
TinaTurner72: folds
Uncalled bet ($2) returned to Rev281
Rev281 collected $2 from pot
Rev281: doesn't show hand
*** SUMMARY ***
Total pot $2 | Rake $0
Seat 5: TinaTurner72 (button) (small blind) folded before Flop
Seat 6: Rev281 (big blind) collected ($2)


PokerStars Hand #164471970743:  Hold'em Limit ($3/$6 USD) - 2017/01/12 16:25:57 ET
Table 'Ueta' 10-max Seat #6 is the button
Seat 5: TinaTurner72 ($107 in chips)
Seat 6: Rev281 ($132.64 in chips)
Rev281: posts small blind $1
TinaTurner72: posts big blind $3
*** HOLE CARDS ***
Rev281 said, "One TWO three FOUR"
Rev281 said, "And we danced all night to the best song ever"
Rev281: raises $3 to $6
TinaTurner72: calls $3
*** FLOP *** [Js Ad 6h]
Rev281 said, "we knew every line now I can't remember"
TinaTurner72: checks
Rev281: bets $3
TinaTurner72: folds
Uncalled bet ($3) returned to Rev281
Rev281 collected $11.76 from pot
Rev281: doesn't show hand
*** SUMMARY ***
Total pot $12 | Rake $0.24
Board [Js Ad 6h]
Seat 5: TinaTurner72 (big blind) folded on the Flop
Seat 6: Rev281 (button) (small blind) collected ($11.76)


PokerStars Hand #164472009568:  Hold'em Limit ($3/$6 USD) - 2017/01/12 16:26:35 ET
Table 'Ueta' 10-max Seat #6 is the button
Seat 5: TinaTurner72 ($100 in chips)
Seat 6: Rev281 ($139.40 in chips)
Rev281: posts small blind $1
TinaTurner72: posts big blind $3
*** HOLE CARDS ***
Rev281: raises $3 to $6
TinaTurner72: raises $3 to $9
Rev281: calls $3
*** FLOP *** [8h 8c 9h]
TinaTurner72: bets $3
Rev281: calls $3
*** TURN *** [8h 8c 9h] [2d]
TinaTurner72 said, "are you drunk ?"
TinaTurner72: bets $6
TinaTurner72 said, ":)"
Rev281 said, "Permanently"
Rev281 said, "Which is why I'll believe you here"
Rev281: folds
Uncalled bet ($6) returned to TinaTurner72
TinaTurner72 collected $23.52 from pot
TinaTurner72: doesn't show hand
*** SUMMARY ***
Total pot $24 | Rake $0.48
Board [8h 8c 9h 2d]
Seat 5: TinaTurner72 (big blind) collected ($23.52)
Seat 6: Rev281 (button) (small blind) folded on the Turn


PokerStars Hand #164472001044:  Hold'em Limit ($3/$6 USD) - 2017/01/12 16:26:27 ET
Table 'Ueta' 10-max Seat #5 is the button
Seat 5: TinaTurner72 ($101 in chips)
Seat 6: Rev281 ($138.40 in chips)
TinaTurner72: posts small blind $1
Rev281: posts big blind $3
*** HOLE CARDS ***
TinaTurner72: folds
Uncalled bet ($2) returned to Rev281
Rev281 collected $2 from pot
Rev281: doesn't show hand
*** SUMMARY ***
Total pot $2 | Rake $0
Seat 5: TinaTurner72 (button) (small blind) folded before Flop
Seat 6: Rev281 (big blind) collected ($2)


PokerStars Hand #164472050602:  Hold'em Limit ($3/$6 USD) - 2017/01/12 16:27:16 ET
Table 'Ueta' 10-max Seat #5 is the button
Seat 5: TinaTurner72 ($111.52 in chips)
Seat 6: Rev281 ($127.40 in chips)
TinaTurner72: posts small blind $1
Rev281: posts big blind $3
*** HOLE CARDS ***
TinaTurner72 said, ":)"
TinaTurner72: raises $3 to $6
Rev281: calls $3
*** FLOP *** [7d 2h 4h]
Rev281: checks
TinaTurner72: bets $3
Rev281: calls $3
*** TURN *** [7d 2h 4h] [Kd]
Rev281: bets $6
TinaTurner72: folds
Uncalled bet ($6) returned to Rev281
Rev281 collected $17.64 from pot
Rev281: doesn't show hand
*** SUMMARY ***
Total pot $18 | Rake $0.36
Board [7d 2h 4h Kd]
Seat 5: TinaTurner72 (button) (small blind) folded on the Turn
Seat 6: Rev281 (big blind) collected ($17.64)


PokerStars Hand #164472074185:  Hold'em Limit ($3/$6 USD) - 2017/01/12 16:27:39 ET
Table 'Ueta' 10-max Seat #6 is the button
Seat 5: TinaTurner72 ($102.52 in chips)
Seat 6: Rev281 ($136.04 in chips)
Rev281: posts small blind $1
TinaTurner72: posts big blind $3
*** HOLE CARDS ***
Rev281: calls $2
TinaTurner72: raises $3 to $6
Rev281: calls $3
*** FLOP *** [3c 7c Kc]
TinaTurner72: bets $3
Rev281: calls $3
*** TURN *** [3c 7c Kc] [3h]
TinaTurner72: checks
Rev281: bets $6
TinaTurner72: calls $6
*** RIVER *** [3c 7c Kc 3h] [Js]
TinaTurner72: checks
Rev281: checks
*** SHOW DOWN ***
TinaTurner72: shows [Qs Jh] (two pair, Jacks and Threes)
Rev281: mucks hand
TinaTurner72 collected $29.50 from pot
*** SUMMARY ***
Total pot $30 | Rake $0.50
Board [3c 7c Kc 3h Js]
Seat 5: TinaTurner72 (big blind) showed [Qs Jh] and won ($29.50) with two pair, Jacks and Threes
Seat 6: Rev281 (button) (small blind) mucked


PokerStars Hand #164472111619:  Hold'em Limit ($3/$6 USD) - 2017/01/12 16:28:16 ET
Table 'Ueta' 10-max Seat #5 is the button
Seat 5: TinaTurner72 ($117.02 in chips)
Seat 6: Rev281 ($121.04 in chips)
TinaTurner72: posts small blind $1
Rev281: posts big blind $3
*** HOLE CARDS ***
TinaTurner72: raises $3 to $6
Rev281 said, "Let's go crazy crazy crazy 'til we see the sun"
Rev281: calls $3
*** FLOP *** [2c 9h 2h]
Rev281: checks
TinaTurner72: bets $3
Rev281: folds
Uncalled bet ($3) returned to TinaTurner72
TinaTurner72 collected $11.76 from pot
TinaTurner72: doesn't show hand
*** SUMMARY ***
Total pot $12 | Rake $0.24
Board [2c 9h 2h]
Seat 5: TinaTurner72 (button) (small blind) collected ($11.76)
Seat 6: Rev281 (big blind) folded on the Flop


PokerStars Hand #164472131708:  Hold'em Limit ($3/$6 USD) - 2017/01/12 16:28:36 ET
Table 'Ueta' 10-max Seat #6 is the button
Seat 5: TinaTurner72 ($122.78 in chips)
Seat 6: Rev281 ($115.04 in chips)
Rev281: posts small blind $1
TinaTurner72: posts big blind $3
*** HOLE CARDS ***
Rev281: raises $3 to $6
TinaTurner72: calls $3
*** FLOP *** [Kc Ah 3d]
TinaTurner72: checks
Rev281: bets $3
TinaTurner72: calls $3
*** TURN *** [Kc Ah 3d] [9d]
TinaTurner72: checks
Rev281: bets $6
TinaTurner72: calls $6
*** RIVER *** [Kc Ah 3d 9d] [8s]
TinaTurner72: checks
Rev281: bets $6
RaisemyNut$ joins the table at seat #7
TinaTurner72: calls $6
*** SHOW DOWN ***
Rev281: shows [7s 6c] (high card Ace)
TinaTurner72: shows [5c Kd] (a pair of Kings)
TinaTurner72 collected $41.50 from pot
*** SUMMARY ***
Total pot $42 | Rake $0.50
Board [Kc Ah 3d 9d 8s]
Seat 5: TinaTurner72 (big blind) showed [5c Kd] and won ($41.50) with a pair of Kings
Seat 6: Rev281 (button) (small blind) showed [7s 6c] and lost with high card Ace


PokerStars Hand #164472163059:  Hold'em Limit ($3/$6 USD) - 2017/01/12 16:29:07 ET
Table 'Ueta' 10-max Seat #5 is the button
Seat 5: TinaTurner72 ($143.28 in chips)
Seat 6: Rev281 ($94.04 in chips)
TinaTurner72: posts small blind $1
Rev281: posts big blind $3
*** HOLE CARDS ***
TinaTurner72: raises $3 to $6
Rev281: calls $3
*** FLOP *** [6c Jc Kc]
Rev281: checks
TinaTurner72: bets $3
Rev281: raises $3 to $6
TinaTurner72: calls $3
*** TURN *** [6c Jc Kc] [Qd]
Rev281: checks
TinaTurner72: bets $6
Rev281: folds
Uncalled bet ($6) returned to TinaTurner72
TinaTurner72 collected $23.52 from pot
TinaTurner72: doesn't show hand
*** SUMMARY ***
Total pot $24 | Rake $0.48
Board [6c Jc Kc Qd]
Seat 5: TinaTurner72 (button) (small blind) collected ($23.52)
Seat 6: Rev281 (big blind) folded on the Turn


PokerStars Hand #164473134341:  Hold'em Limit ($3/$6 USD) - 2017/01/12 16:45:09 ET
Table 'Ueta' 10-max Seat #5 is the button
Seat 5: TinaTurner72 ($73.54 in chips)
Seat 7: RaisemyNut$ ($230.90 in chips)
TinaTurner72: posts small blind $1
Rev281: is sitting out
RaisemyNut$: posts big blind $3
*** HOLE CARDS ***
TinaTurner72: raises $3 to $6
RaisemyNut$: raises $3 to $9
TinaTurner72: calls $3
*** FLOP *** [6h Ah 8c]
RaisemyNut$: bets $3
TinaTurner72: calls $3
*** TURN *** [6h Ah 8c] [5h]
RaisemyNut$: bets $6
TinaTurner72: calls $6
*** RIVER *** [6h Ah 8c 5h] [3c]
RaisemyNut$: bets $6
TinaTurner72: calls $6
*** SHOW DOWN ***
RaisemyNut$: shows [Jc Jd] (a pair of Jacks)
TinaTurner72: mucks hand
RaisemyNut$ collected $47.50 from pot
*** SUMMARY ***
Total pot $48 | Rake $0.50
Board [6h Ah 8c 5h 3c]
Seat 5: TinaTurner72 (button) (small blind) mucked
Seat 7: RaisemyNut$ (big blind) showed [Jc Jd] and won ($47.50) with a pair of Jacks


PokerStars Hand #164473265799:  Hold'em Limit ($3/$6 USD) - 2017/01/12 16:47:22 ET
Table 'Ueta' 10-max Seat #6 is the button
Seat 6: Rev281 ($59.64 in chips)
Seat 7: RaisemyNut$ ($277.90 in chips)
Rev281: posts small blind $1
RaisemyNut$: posts big blind $3
*** HOLE CARDS ***
Rev281: raises $3 to $6
RaisemyNut$: folds
Uncalled bet ($3) returned to Rev281
Rev281 collected $6 from pot
Rev281: doesn't show hand
*** SUMMARY ***
Total pot $6 | Rake $0
Seat 6: Rev281 (button) (small blind) collected ($6)
Seat 7: RaisemyNut$ (big blind) folded before Flop


PokerStars Hand #164473230287:  Hold'em Limit ($3/$6 USD) - 2017/01/12 16:46:46 ET
Table 'Ueta' 10-max Seat #7 is the button
Seat 6: Rev281 ($83.64 in chips)
Seat 7: RaisemyNut$ ($254.40 in chips)
RaisemyNut$: posts small blind $1
Rev281: posts big blind $3
*** HOLE CARDS ***
RaisemyNut$: raises $3 to $6
Rev281: raises $3 to $9
RaisemyNut$: calls $3
*** FLOP *** [Kd Qh 6c]
Rev281: bets $3
RaisemyNut$: calls $3
*** TURN *** [Kd Qh 6c] [Js]
Rev281: bets $6
RaisemyNut$: calls $6
*** RIVER *** [Kd Qh 6c Js] [3h]
Rev281: checks
RaisemyNut$: bets $6
Rev281: calls $6
*** SHOW DOWN ***
RaisemyNut$: shows [9d Qs] (a pair of Queens)
Rev281: mucks hand
RaisemyNut$ collected $47.50 from pot
*** SUMMARY ***
Total pot $48 | Rake $0.50
Board [Kd Qh 6c Js 3h]
Seat 6: Rev281 (big blind) mucked
Seat 7: RaisemyNut$ (button) (small blind) showed [9d Qs] and won ($47.50) with a pair of Queens


PokerStars Hand #164473270664:  Hold'em Limit ($3/$6 USD) - 2017/01/12 16:47:27 ET
Table 'Ueta' 10-max Seat #7 is the button
Seat 6: Rev281 ($62.64 in chips)
Seat 7: RaisemyNut$ ($274.90 in chips)
RaisemyNut$: posts small blind $1
Rev281: posts big blind $3
*** HOLE CARDS ***
RaisemyNut$: raises $3 to $6
Rev281: raises $3 to $9
RaisemyNut$: calls $3
*** FLOP *** [6d Jh 7c]
Rev281: bets $3
RaisemyNut$: calls $3
*** TURN *** [6d Jh 7c] [8h]
Rev281: bets $6
RaisemyNut$: folds
Uncalled bet ($6) returned to Rev281
Rev281 collected $23.52 from pot
Rev281: doesn't show hand
*** SUMMARY ***
Total pot $24 | Rake $0.48
Board [6d Jh 7c 8h]
Seat 6: Rev281 (big blind) collected ($23.52)
Seat 7: RaisemyNut$ (button) (small blind) folded on the Turn


PokerStars Hand #164473327761:  Hold'em Limit ($3/$6 USD) - 2017/01/12 16:48:25 ET
Table 'Ueta' 10-max Seat #7 is the button
Seat 6: Rev281 ($100.66 in chips)
Seat 7: RaisemyNut$ ($235.90 in chips)
RaisemyNut$: posts small blind $1
Rev281: posts big blind $3
*** HOLE CARDS ***
RaisemyNut$: folds
Uncalled bet ($2) returned to Rev281
Rev281 collected $2 from pot
Rev281: doesn't show hand
*** SUMMARY ***
Total pot $2 | Rake $0
Seat 6: Rev281 (big blind) collected ($2)
Seat 7: RaisemyNut$ (button) (small blind) folded before Flop


PokerStars Hand #164473302430:  Hold'em Limit ($3/$6 USD) - 2017/01/12 16:47:59 ET
Table 'Ueta' 10-max Seat #6 is the button
Seat 6: Rev281 ($74.16 in chips)
Seat 7: RaisemyNut$ ($262.90 in chips)
Rev281: posts small blind $1
RaisemyNut$: posts big blind $3
*** HOLE CARDS ***
Rev281: raises $3 to $6
RaisemyNut$: calls $3
*** FLOP *** [8h 3d 4h]
RaisemyNut$: checks
Rev281: bets $3
RaisemyNut$: calls $3
*** TURN *** [8h 3d 4h] [4d]
RaisemyNut$: checks
Rev281: bets $6
RaisemyNut$: raises $6 to $12
Rev281: calls $6
*** RIVER *** [8h 3d 4h 4d] [9s]
RaisemyNut$: bets $6
Rev281: calls $6
*** SHOW DOWN ***
RaisemyNut$: shows [5d 2d] (a pair of Fours)
Rev281: shows [Ks Ad] (a pair of Fours - Ace kicker)
Rev281 collected $53.50 from pot
*** SUMMARY ***
Total pot $54 | Rake $0.50
Board [8h 3d 4h 4d 9s]
Seat 6: Rev281 (button) (small blind) showed [Ks Ad] and won ($53.50) with a pair of Fours
Seat 7: RaisemyNut$ (big blind) showed [5d 2d] and lost with a pair of Fours


PokerStars Hand #164473337788:  Hold'em Limit ($3/$6 USD) - 2017/01/12 16:48:35 ET
Table 'Ueta' 10-max Seat #7 is the button
Seat 6: Rev281 ($104.66 in chips)
Seat 7: RaisemyNut$ ($231.90 in chips)
RaisemyNut$: posts small blind $1
Rev281: posts big blind $3
*** HOLE CARDS ***
RaisemyNut$: folds
Uncalled bet ($2) returned to Rev281
Rev281 collected $2 from pot
Rev281: doesn't show hand
*** SUMMARY ***
Total pot $2 | Rake $0
Seat 6: Rev281 (big blind) collected ($2)
Seat 7: RaisemyNut$ (button) (small blind) folded before Flop


PokerStars Hand #164473332321:  Hold'em Limit ($3/$6 USD) - 2017/01/12 16:48:30 ET
Table 'Ueta' 10-max Seat #6 is the button
Seat 6: Rev281 ($101.66 in chips)
Seat 7: RaisemyNut$ ($234.90 in chips)
Rev281: posts small blind $1
RaisemyNut$: posts big blind $3
*** HOLE CARDS ***
Rev281: raises $3 to $6
RaisemyNut$: folds
Uncalled bet ($3) returned to Rev281
Rev281 collected $6 from pot
Rev281: doesn't show hand
*** SUMMARY ***
Total pot $6 | Rake $0
Seat 6: Rev281 (button) (small blind) collected ($6)
Seat 7: RaisemyNut$ (big blind) folded before Flop


PokerStars Hand #164473297704:  Hold'em Limit ($3/$6 USD) - 2017/01/12 16:47:54 ET
Table 'Ueta' 10-max Seat #7 is the button
Seat 6: Rev281 ($73.16 in chips)
Seat 7: RaisemyNut$ ($263.90 in chips)
RaisemyNut$: posts small blind $1
Rev281: posts big blind $3
*** HOLE CARDS ***
RaisemyNut$: folds
Uncalled bet ($2) returned to Rev281
Rev281 collected $2 from pot
Rev281: doesn't show hand
*** SUMMARY ***
Total pot $2 | Rake $0
Seat 6: Rev281 (big blind) collected ($2)
Seat 7: RaisemyNut$ (button) (small blind) folded before Flop


PokerStars Hand #164473292384:  Hold'em Limit ($3/$6 USD) - 2017/01/12 16:47:49 ET
Table 'Ueta' 10-max Seat #6 is the button
Seat 6: Rev281 ($74.16 in chips)
Seat 7: RaisemyNut$ ($262.90 in chips)
Rev281: posts small blind $1
RaisemyNut$: posts big blind $3
*** HOLE CARDS ***
Rev281: folds
Uncalled bet ($2) returned to RaisemyNut$
RaisemyNut$ collected $2 from pot
RaisemyNut$: doesn't show hand
*** SUMMARY ***
Total pot $2 | Rake $0
Seat 6: Rev281 (button) (small blind) folded before Flop
Seat 7: RaisemyNut$ (big blind) collected ($2)


PokerStars Hand #164473342555:  Hold'em Limit ($3/$6 USD) - 2017/01/12 16:48:40 ET
Table 'Ueta' 10-max Seat #6 is the button
Seat 6: Rev281 ($105.66 in chips)
Seat 7: RaisemyNut$ ($230.90 in chips)
Rev281: posts small blind $1
RaisemyNut$: posts big blind $3
*** HOLE CARDS ***
pro_gosy joins the table at seat #4
Rev281: raises $3 to $6
RaisemyNut$: calls $3
*** FLOP *** [Qs 4h 6s]
RaisemyNut$: checks
Rev281: checks
*** TURN *** [Qs 4h 6s] [Ah]
JANETHEARTS joins the table at seat #5
RaisemyNut$: checks
Rev281: checks
*** RIVER *** [Qs 4h 6s Ah] [Td]
RaisemyNut$: bets $6
Rev281: raises $6 to $12
RaisemyNut$: calls $6
*** SHOW DOWN ***
Rev281: shows [Qc 6c] (two pair, Queens and Sixes)
RaisemyNut$: mucks hand
Rev281 collected $35.50 from pot
*** SUMMARY ***
Total pot $36 | Rake $0.50
Board [Qs 4h 6s Ah Td]
Seat 6: Rev281 (button) (small blind) showed [Qc 6c] and won ($35.50) with two pair, Queens and Sixes
Seat 7: RaisemyNut$ (big blind) mucked


PokerStars Hand #164473622881:  Hold'em Limit ($3/$6 USD) - 2017/01/12 16:53:29 ET
Table 'Ueta' 10-max Seat #4 is the button
Seat 4: pro_gosy ($11.14 in chips)
Seat 8: Great_Kang ($144.29 in chips)
pro_gosy: posts small blind $1
RaisemyNut$: is sitting out
Great_Kang: posts big blind $3
*** HOLE CARDS ***
pro_gosy said, "ubludok ebaniy"
pro_gosy: raises $3 to $6
Great_Kang: folds
Uncalled bet ($3) returned to pro_gosy
pro_gosy collected $6 from pot
*** SUMMARY ***
Total pot $6 | Rake $0
Seat 4: pro_gosy (button) (small blind) collected ($6)
Seat 8: Great_Kang (big blind) folded before Flop


PokerStars Hand #164473656095:  Hold'em Limit ($3/$6 USD) - 2017/01/12 16:54:04 ET
Table 'Ueta' 10-max Seat #8 is the button
Seat 4: pro_gosy ($33.54 in chips)
Seat 8: Great_Kang ($121.15 in chips)
Great_Kang: posts small blind $1
pro_gosy: posts big blind $3
*** HOLE CARDS ***
Great_Kang: raises $3 to $6
pro_gosy: raises $3 to $9
Great_Kang: calls $3
*** FLOP *** [Tc 4d Ac]
pro_gosy: bets $3
Great_Kang: raises $3 to $6
pro_gosy: calls $3
*** TURN *** [Tc 4d Ac] [2d]
pro_gosy: checks
Great_Kang: bets $6
pro_gosy: calls $6
*** RIVER *** [Tc 4d Ac 2d] [Qs]
pro_gosy: checks
Great_Kang: bets $6
pro_gosy: raises $6 to $12
Great_Kang: calls $6
*** SHOW DOWN ***
pro_gosy: shows [Jd Kc] (a straight, Ten to Ace)
Great_Kang: mucks hand
pro_gosy collected $65.50 from pot
*** SUMMARY ***
Total pot $66 | Rake $0.50
Board [Tc 4d Ac 2d Qs]
Seat 4: pro_gosy (big blind) showed [Jd Kc] and won ($65.50) with a straight, Ten to Ace
Seat 8: Great_Kang (button) (small blind) mucked


PokerStars Hand #164473645945:  Hold'em Limit ($3/$6 USD) - 2017/01/12 16:53:53 ET
Table 'Ueta' 10-max Seat #4 is the button
Seat 4: pro_gosy ($27.78 in chips)
Seat 8: Great_Kang ($127.15 in chips)
pro_gosy: posts small blind $1
Great_Kang: posts big blind $3
*** HOLE CARDS ***
pro_gosy: raises $3 to $6
Great_Kang: calls $3
*** FLOP *** [Kd Th 8h]
Great_Kang: checks
pro_gosy: bets $3
Great_Kang: folds
Uncalled bet ($3) returned to pro_gosy
pro_gosy collected $11.76 from pot
*** SUMMARY ***
Total pot $12 | Rake $0.24
Board [Kd Th 8h]
Seat 4: pro_gosy (button) (small blind) collected ($11.76)
Seat 8: Great_Kang (big blind) folded on the Flop


PokerStars Hand #164473630043:  Hold'em Limit ($3/$6 USD) - 2017/01/12 16:53:37 ET
Table 'Ueta' 10-max Seat #8 is the button
Seat 4: pro_gosy ($14.14 in chips)
Seat 8: Great_Kang ($141.29 in chips)
Great_Kang: posts small blind $1
pro_gosy: posts big blind $3
*** HOLE CARDS ***
Great_Kang: raises $3 to $6
pro_gosy: raises $3 to $9
Great_Kang: calls $3
*** FLOP *** [8c 9s 6s]
pro_gosy: bets $3
Great_Kang: calls $3
*** TURN *** [8c 9s 6s] [Qd]
pro_gosy: bets $2.14 and is all-in
Great_Kang: calls $2.14
*** RIVER *** [8c 9s 6s Qd] [Kc]
*** SHOW DOWN ***
pro_gosy: shows [Jd Jc] (a pair of Jacks)
Great_Kang: shows [As 2s] (high card Ace)
pro_gosy collected $27.78 from pot
*** SUMMARY ***
Total pot $28.28 | Rake $0.50
Board [8c 9s 6s Qd Kc]
Seat 4: pro_gosy (big blind) showed [Jd Jc] and won ($27.78) with a pair of Jacks
Seat 8: Great_Kang (button) (small blind) showed [As 2s] and lost with high card Ace


PokerStars Hand #164473676319:  Hold'em Limit ($3/$6 USD) - 2017/01/12 16:54:25 ET
Table 'Ueta' 10-max Seat #4 is the button
Seat 4: pro_gosy ($66.04 in chips)
Seat 8: Great_Kang ($120 in chips)
pro_gosy: posts small blind $1
Great_Kang: posts big blind $3
*** HOLE CARDS ***
pro_gosy: raises $3 to $6
Great_Kang: calls $3
*** FLOP *** [8d Th 6c]
Great_Kang: checks
pro_gosy: bets $3
Great_Kang: folds
Uncalled bet ($3) returned to pro_gosy
pro_gosy collected $11.76 from pot
*** SUMMARY ***
Total pot $12 | Rake $0.24
Board [8d Th 6c]
Seat 4: pro_gosy (button) (small blind) collected ($11.76)
Seat 8: Great_Kang (big blind) folded on the Flop


PokerStars Hand #164473703714:  Hold'em Limit ($3/$6 USD) - 2017/01/12 16:54:53 ET
Table 'Ueta' 10-max Seat #4 is the button
Seat 4: pro_gosy ($62.80 in chips)
Seat 8: Great_Kang ($128.64 in chips)
pro_gosy: posts small blind $1
Great_Kang: posts big blind $3
*** HOLE CARDS ***
pro_gosy: raises $3 to $6
Great_Kang: calls $3
*** FLOP *** [8s Td 5s]
Great_Kang: checks
pro_gosy: bets $3
Great_Kang: folds
Uncalled bet ($3) returned to pro_gosy
pro_gosy collected $11.76 from pot
*** SUMMARY ***
Total pot $12 | Rake $0.24
Board [8s Td 5s]
Seat 4: pro_gosy (button) (small blind) collected ($11.76)
Seat 8: Great_Kang (big blind) folded on the Flop


PokerStars Hand #164473719255:  Hold'em Limit ($3/$6 USD) - 2017/01/12 16:55:10 ET
Table 'Ueta' 10-max Seat #8 is the button
Seat 4: pro_gosy ($68.56 in chips)
Seat 8: Great_Kang ($122.64 in chips)
Great_Kang: posts small blind $1
pro_gosy: posts big blind $3
*** HOLE CARDS ***
Great_Kang: raises $3 to $6
pro_gosy: calls $3
*** FLOP *** [9c 3s 9d]
pro_gosy: checks
Great_Kang: bets $3
pro_gosy: calls $3
*** TURN *** [9c 3s 9d] [8s]
pro_gosy: checks
Great_Kang: checks
*** RIVER *** [9c 3s 9d 8s] [Qh]
pro_gosy: checks
Great_Kang: checks
*** SHOW DOWN ***
pro_gosy: shows [5h Jd] (a pair of Nines)
Great_Kang: shows [7h Jh] (a pair of Nines)
pro_gosy collected $8.82 from pot
Great_Kang collected $8.82 from pot
*** SUMMARY ***
Total pot $18 | Rake $0.36
Board [9c 3s 9d 8s Qh]
Seat 4: pro_gosy (big blind) showed [5h Jd] and won ($8.82) with a pair of Nines
Seat 8: Great_Kang (button) (small blind) showed [7h Jh] and won ($8.82) with a pair of Nines


PokerStars Hand #164473733436:  Hold'em Limit ($3/$6 USD) - 2017/01/12 16:55:28 ET
Table 'Ueta' 10-max Seat #4 is the button
Seat 4: pro_gosy ($68.38 in chips)
Seat 8: Great_Kang ($122.46 in chips)
pro_gosy: posts small blind $1
Great_Kang: posts big blind $3
*** HOLE CARDS ***
JANETHEARTS leaves the table
pro_gosy: raises $3 to $6
Great_Kang: folds
Uncalled bet ($3) returned to pro_gosy
pro_gosy collected $6 from pot
*** SUMMARY ***
Total pot $6 | Rake $0
Seat 4: pro_gosy (button) (small blind) collected ($6)
Seat 8: Great_Kang (big blind) folded before Flop


PokerStars Hand #164473685496:  Hold'em Limit ($3/$6 USD) - 2017/01/12 16:54:34 ET
Table 'Ueta' 10-max Seat #8 is the button
Seat 4: pro_gosy ($71.80 in chips)
Seat 8: Great_Kang ($120 in chips)
Great_Kang: posts small blind $1
pro_gosy: posts big blind $3
*** HOLE CARDS ***
Great_Kang: raises $3 to $6
pro_gosy: calls $3
*** FLOP *** [6h 4d 2c]
pro_gosy: checks
Great_Kang: bets $3
pro_gosy: calls $3
*** TURN *** [6h 4d 2c] [Th]
pro_gosy: checks
Great_Kang: bets $6
pro_gosy: folds
Uncalled bet ($6) returned to Great_Kang
Great_Kang collected $17.64 from pot
Great_Kang: doesn't show hand
*** SUMMARY ***
Total pot $18 | Rake $0.36
Board [6h 4d 2c Th]
Seat 4: pro_gosy (big blind) folded on the Turn
Seat 8: Great_Kang (button) (small blind) collected ($17.64)


PokerStars Hand #164473737860:  Hold'em Limit ($3/$6 USD) - 2017/01/12 16:55:34 ET
Table 'Ueta' 10-max Seat #8 is the button
Seat 4: pro_gosy ($71.38 in chips)
Seat 8: Great_Kang ($120 in chips)
Great_Kang: posts small blind $1
pro_gosy: posts big blind $3
*** HOLE CARDS ***
Great_Kang: raises $3 to $6
pro_gosy: calls $3
*** FLOP *** [2d 6s Kd]
pro_gosy: bets $3
Great_Kang: folds
Uncalled bet ($3) returned to pro_gosy
pro_gosy collected $11.76 from pot
*** SUMMARY ***
Total pot $12 | Rake $0.24
Board [2d 6s Kd]
Seat 4: pro_gosy (big blind) collected ($11.76)
Seat 8: Great_Kang (button) (small blind) folded on the Flop


PokerStars Hand #164473745668:  Hold'em Limit ($3/$6 USD) - 2017/01/12 16:55:44 ET
Table 'Ueta' 10-max Seat #4 is the button
Seat 4: pro_gosy ($77.14 in chips)
Seat 8: Great_Kang ($120 in chips)
pro_gosy: posts small blind $1
Great_Kang: posts big blind $3
*** HOLE CARDS ***
pro_gosy: raises $3 to $6
Great_Kang: raises $3 to $9
pro_gosy: calls $3
*** FLOP *** [Js Qc 4s]
Great_Kang: bets $3
pro_gosy: calls $3
*** TURN *** [Js Qc 4s] [Ah]
Great_Kang: bets $6
pro_gosy: calls $6
*** RIVER *** [Js Qc 4s Ah] [5d]
Great_Kang: bets $6
pro_gosy: folds
Uncalled bet ($6) returned to Great_Kang
Great_Kang collected $35.50 from pot
*** SUMMARY ***
Total pot $36 | Rake $0.50
Board [Js Qc 4s Ah 5d]
Seat 4: pro_gosy (button) (small blind) folded on the River
Seat 8: Great_Kang (big blind) collected ($35.50)


PokerStars Hand #164473762582:  Hold'em Limit ($3/$6 USD) - 2017/01/12 16:56:05 ET
Table 'Ueta' 10-max Seat #8 is the button
Seat 4: pro_gosy ($59.14 in chips)
Seat 8: Great_Kang ($137.50 in chips)
Great_Kang: posts small blind $1
pro_gosy: posts big blind $3
*** HOLE CARDS ***
Great_Kang: raises $3 to $6
pro_gosy: calls $3
*** FLOP *** [5s 7h 4h]
pro_gosy: bets $3
Great_Kang: calls $3
*** TURN *** [5s 7h 4h] [6c]
pro_gosy: bets $6
Great_Kang: calls $6
*** RIVER *** [5s 7h 4h 6c] [As]
pro_gosy: checks
Great_Kang: bets $6
pro_gosy: raises $6 to $12
Great_Kang: folds
Uncalled bet ($6) returned to pro_gosy
pro_gosy collected $41.50 from pot
*** SUMMARY ***
Total pot $42 | Rake $0.50
Board [5s 7h 4h 6c As]
Seat 4: pro_gosy (big blind) collected ($41.50)
Seat 8: Great_Kang (button) (small blind) folded on the River


PokerStars Hand #164473797400:  Hold'em Limit ($3/$6 USD) - 2017/01/12 16:56:49 ET
Table 'Ueta' 10-max Seat #8 is the button
Seat 4: pro_gosy ($85.40 in chips)
Seat 8: Great_Kang ($120 in chips)
Great_Kang: posts small blind $1
pro_gosy: posts big blind $3
*** HOLE CARDS ***
Great_Kang: raises $3 to $6
pro_gosy: calls $3
*** FLOP *** [6h 7s Jd]
pro_gosy: bets $3
Great_Kang: calls $3
*** TURN *** [6h 7s Jd] [9s]
pro_gosy: checks
Great_Kang: bets $6
pro_gosy: folds
Uncalled bet ($6) returned to Great_Kang
Great_Kang collected $17.64 from pot
Great_Kang: doesn't show hand
PZYDARMAN joins the table at seat #6
*** SUMMARY ***
Total pot $18 | Rake $0.36
Board [6h 7s Jd 9s]
Seat 4: pro_gosy (big blind) folded on the Turn
Seat 8: Great_Kang (button) (small blind) collected ($17.64)


PokerStars Hand #164473787145:  Hold'em Limit ($3/$6 USD) - 2017/01/12 16:56:36 ET
Table 'Ueta' 10-max Seat #4 is the button
Seat 4: pro_gosy ($79.64 in chips)
Seat 8: Great_Kang ($120 in chips)
pro_gosy: posts small blind $1
Great_Kang: posts big blind $3
*** HOLE CARDS ***
GRAILKO joins the table at seat #5
pro_gosy: raises $3 to $6
Great_Kang: calls $3
*** FLOP *** [Td 9d 2c]
Great_Kang: checks
pro_gosy: bets $3
Great_Kang: folds
Uncalled bet ($3) returned to pro_gosy
pro_gosy collected $11.76 from pot
*** SUMMARY ***
Total pot $12 | Rake $0.24
Board [Td 9d 2c]
Seat 4: pro_gosy (button) (small blind) collected ($11.76)
Seat 8: Great_Kang (big blind) folded on the Flop


