PokerStars Hand #155261364090:  Hold'em Limit ($3/$6 USD) - 2016/06/27 10:19:25 ET
Table 'Ueta' 6-max Seat #4 is the button
Seat 1: Batavus ($103.27 in chips)
Seat 4: AzureCaper ($80.50 in chips)
AzureCaper: posts small blind $1
Batavus: posts big blind $3
*** HOLE CARDS ***
VitAmIn744 joins the table at seat #3
AzureCaper: raises $3 to $6
Batavus: raises $3 to $9
AzureCaper: calls $3
*** FLOP *** [7d Qd 4s]
Batavus: checks
AzureCaper: checks
*** TURN *** [7d Qd 4s] [2c]
Batavus: checks
AzureCaper: checks
*** RIVER *** [7d Qd 4s 2c] [2h]
Batavus: checks
AzureCaper: checks
*** SHOW DOWN ***
Batavus: shows [Kh Ac] (a pair of Deuces)
AzureCaper: mucks hand
Batavus collected $17.64 from pot
*** SUMMARY ***
Total pot $18 | Rake $0.36
Board [7d Qd 4s 2c 2h]
Seat 1: Batavus (big blind) showed [Kh Ac] and won ($17.64) with a pair of Deuces
Seat 4: AzureCaper (button) (small blind) mucked


PokerStars Hand #155262661442:  Hold'em Limit ($3/$6 USD) - 2016/06/27 10:59:27 ET
Table 'Ueta' 6-max Seat #3 is the button
Seat 2: ABATAPP ($207.42 in chips)
Seat 3: VitAmIn744 ($215.68 in chips)
VitAmIn744: posts small blind $1
Monpra: is sitting out
ABATAPP: posts big blind $3
*** HOLE CARDS ***
VitAmIn744: folds
Uncalled bet ($2) returned to ABATAPP
VitAmIn744 leaves the table
Monpra leaves the table
ABATAPP collected $2 from pot
ABATAPP: doesn't show hand
*** SUMMARY ***
Total pot $2 | Rake $0
Seat 2: ABATAPP (big blind) collected ($2)
Seat 3: VitAmIn744 (button) (small blind) folded before Flop


