PokerStars Hand #175854529379:  Hold'em Limit ($3/$6 USD) - 2017/09/19 13:24:12 ET
Table 'Ueta' 6-max Seat #3 is the button
Seat 3: Artachok ($46 in chips)
Seat 4: Agrotait ($73.64 in chips)
Artachok: posts small blind $1
Agrotait: posts big blind $3
*** HOLE CARDS ***
Artachok: raises $3 to $6
Agrotait: raises $3 to $9
Artachok: calls $3
*** FLOP *** [4d 3c 6s]
Agrotait: bets $3
Artachok: raises $3 to $6
Agrotait: calls $3
*** TURN *** [4d 3c 6s] [Js]
Agrotait: checks
Artachok: bets $6
uglyghost101 joins the table at seat #2
Agrotait: calls $6
*** RIVER *** [4d 3c 6s Js] [Kh]
Agrotait: checks
Artachok: checks
*** SHOW DOWN ***
Agrotait: shows [8s Ts] (high card King)
Artachok: shows [6c 5d] (a pair of Sixes)
Artachok collected $41.50 from pot
*** SUMMARY ***
Total pot $42 | Rake $0.50
Board [4d 3c 6s Js Kh]
Seat 3: Artachok (button) (small blind) showed [6c 5d] and won ($41.50) with a pair of Sixes
Seat 4: Agrotait (big blind) showed [8s Ts] and lost with high card King


PokerStars Hand #175854512286:  Hold'em Limit ($3/$6 USD) - 2017/09/19 13:23:49 ET
Table 'Ueta' 6-max Seat #4 is the button
Seat 3: Artachok ($45 in chips)
Seat 4: Agrotait ($74.64 in chips)
Agrotait: posts small blind $1
Artachok: posts big blind $3
*** HOLE CARDS ***
Agrotait: folds
Uncalled bet ($2) returned to Artachok
Artachok collected $2 from pot
Artachok: doesn't show hand
*** SUMMARY ***
Total pot $2 | Rake $0
Seat 3: Artachok (big blind) collected ($2)
Seat 4: Agrotait (button) (small blind) folded before Flop


PokerStars Hand #175854486621:  Hold'em Limit ($3/$6 USD) - 2017/09/19 13:23:14 ET
Table 'Ueta' 6-max Seat #3 is the button
Seat 3: Artachok ($54 in chips)
Seat 4: Agrotait ($66 in chips)
Artachok: posts small blind $1
Agrotait: posts big blind $3
*** HOLE CARDS ***
Artachok: raises $3 to $6
Agrotait: calls $3
*** FLOP *** [Th Td 2s]
Agrotait: checks
Artachok: bets $3
Agrotait: raises $3 to $6
Artachok: folds
Uncalled bet ($3) returned to Agrotait
Agrotait collected $17.64 from pot
Agrotait: doesn't show hand
*** SUMMARY ***
Total pot $18 | Rake $0.36
Board [Th Td 2s]
Seat 3: Artachok (button) (small blind) folded on the Flop
Seat 4: Agrotait (big blind) collected ($17.64)


PokerStars Hand #175854763422:  Hold'em Limit ($3/$6 USD) - 2017/09/19 13:29:18 ET
Table 'Ueta' 6-max Seat #3 is the button
Seat 2: uglyghost101 ($128.35 in chips)
Seat 3: Artachok ($58.39 in chips)
Artachok: posts small blind $1
Agrotait: is sitting out
uglyghost101: posts big blind $3
*** HOLE CARDS ***
Artachok: raises $3 to $6
uglyghost101: raises $3 to $9
Agrotait leaves the table
Artachok: calls $3
*** FLOP *** [Td Jh 2c]
uglyghost101: bets $3
Artachok: calls $3
*** TURN *** [Td Jh 2c] [Tc]
uglyghost101: checks
Artachok: bets $6
uglyghost101: folds
Uncalled bet ($6) returned to Artachok
Artachok collected $23.52 from pot
Artachok: doesn't show hand
*** SUMMARY ***
Total pot $24 | Rake $0.48
Board [Td Jh 2c Tc]
Seat 2: uglyghost101 (big blind) folded on the Turn
Seat 3: Artachok (button) (small blind) collected ($23.52)


PokerStars Hand #175854800942:  Hold'em Limit ($3/$6 USD) - 2017/09/19 13:30:08 ET
Table 'Ueta' 6-max Seat #2 is the button
Seat 2: uglyghost101 ($112.35 in chips)
Seat 3: Artachok ($73.91 in chips)
uglyghost101: posts small blind $1
Artachok: posts big blind $3
*** HOLE CARDS ***
uglyghost101: raises $3 to $6
Artachok: calls $3
*** FLOP *** [5s 6d Jh]
Artachok: checks
uglyghost101: bets $3
Artachok: raises $3 to $6
uglyghost101: folds
Uncalled bet ($3) returned to Artachok
Artachok collected $17.64 from pot
Artachok: doesn't show hand
*** SUMMARY ***
Total pot $18 | Rake $0.36
Board [5s 6d Jh]
Seat 2: uglyghost101 (button) (small blind) folded on the Flop
Seat 3: Artachok (big blind) collected ($17.64)


PokerStars Hand #175854795329:  Hold'em Limit ($3/$6 USD) - 2017/09/19 13:30:01 ET
Table 'Ueta' 6-max Seat #3 is the button
Seat 2: uglyghost101 ($115.35 in chips)
Seat 3: Artachok ($70.91 in chips)
Artachok: posts small blind $1
uglyghost101: posts big blind $3
*** HOLE CARDS ***
Artachok: raises $3 to $6
uglyghost101: folds
Uncalled bet ($3) returned to Artachok
Artachok collected $6 from pot
Artachok: doesn't show hand
*** SUMMARY ***
Total pot $6 | Rake $0
Seat 2: uglyghost101 (big blind) folded before Flop
Seat 3: Artachok (button) (small blind) collected ($6)


PokerStars Hand #175854791115:  Hold'em Limit ($3/$6 USD) - 2017/09/19 13:29:55 ET
Table 'Ueta' 6-max Seat #2 is the button
Seat 2: uglyghost101 ($116.35 in chips)
Seat 3: Artachok ($69.91 in chips)
uglyghost101: posts small blind $1
Artachok: posts big blind $3
*** HOLE CARDS ***
uglyghost101: folds
Uncalled bet ($2) returned to Artachok
Artachok collected $2 from pot
Artachok: doesn't show hand
*** SUMMARY ***
Total pot $2 | Rake $0
Seat 2: uglyghost101 (button) (small blind) folded before Flop
Seat 3: Artachok (big blind) collected ($2)


PokerStars Hand #175854787492:  Hold'em Limit ($3/$6 USD) - 2017/09/19 13:29:50 ET
Table 'Ueta' 6-max Seat #3 is the button
Seat 2: uglyghost101 ($115.35 in chips)
Seat 3: Artachok ($70.91 in chips)
Artachok: posts small blind $1
uglyghost101: posts big blind $3
*** HOLE CARDS ***
Artachok: folds
Uncalled bet ($2) returned to uglyghost101
uglyghost101 collected $2 from pot
uglyghost101: doesn't show hand
*** SUMMARY ***
Total pot $2 | Rake $0
Seat 2: uglyghost101 (big blind) collected ($2)
Seat 3: Artachok (button) (small blind) folded before Flop


PokerStars Hand #175854782722:  Hold'em Limit ($3/$6 USD) - 2017/09/19 13:29:44 ET
Table 'Ueta' 6-max Seat #2 is the button
Seat 2: uglyghost101 ($116.35 in chips)
Seat 3: Artachok ($69.91 in chips)
uglyghost101: posts small blind $1
Artachok: posts big blind $3
*** HOLE CARDS ***
uglyghost101: folds
Uncalled bet ($2) returned to Artachok
Artachok collected $2 from pot
Artachok: doesn't show hand
*** SUMMARY ***
Total pot $2 | Rake $0
Seat 2: uglyghost101 (button) (small blind) folded before Flop
Seat 3: Artachok (big blind) collected ($2)


PokerStars Hand #175854859027:  Hold'em Limit ($3/$6 USD) - 2017/09/19 13:31:24 ET
Table 'Ueta' 6-max Seat #3 is the button
Seat 2: uglyghost101 ($94.35 in chips)
Seat 3: Artachok ($91.07 in chips)
Artachok: posts small blind $1
uglyghost101: posts big blind $3
*** HOLE CARDS ***
Artachok: raises $3 to $6
uglyghost101: folds
Uncalled bet ($3) returned to Artachok
Artachok collected $6 from pot
Artachok: doesn't show hand
*** SUMMARY ***
Total pot $6 | Rake $0
Seat 2: uglyghost101 (big blind) folded before Flop
Seat 3: Artachok (button) (small blind) collected ($6)


PokerStars Hand #175854853927:  Hold'em Limit ($3/$6 USD) - 2017/09/19 13:31:17 ET
Table 'Ueta' 6-max Seat #2 is the button
Seat 2: uglyghost101 ($91.35 in chips)
Seat 3: Artachok ($94.07 in chips)
uglyghost101: posts small blind $1
Artachok: posts big blind $3
*** HOLE CARDS ***
uglyghost101: raises $3 to $6
Artachok: folds
Uncalled bet ($3) returned to uglyghost101
uglyghost101 collected $6 from pot
uglyghost101: doesn't show hand
*** SUMMARY ***
Total pot $6 | Rake $0
Seat 2: uglyghost101 (button) (small blind) collected ($6)
Seat 3: Artachok (big blind) folded before Flop


PokerStars Hand #175854848010:  Hold'em Limit ($3/$6 USD) - 2017/09/19 13:31:09 ET
Table 'Ueta' 6-max Seat #3 is the button
Seat 2: uglyghost101 ($94.35 in chips)
Seat 3: Artachok ($91.07 in chips)
Artachok: posts small blind $1
uglyghost101: posts big blind $3
*** HOLE CARDS ***
Artachok: raises $3 to $6
uglyghost101: folds
Uncalled bet ($3) returned to Artachok
Artachok collected $6 from pot
Artachok: doesn't show hand
*** SUMMARY ***
Total pot $6 | Rake $0
Seat 2: uglyghost101 (big blind) folded before Flop
Seat 3: Artachok (button) (small blind) collected ($6)


PokerStars Hand #175854842721:  Hold'em Limit ($3/$6 USD) - 2017/09/19 13:31:02 ET
Table 'Ueta' 6-max Seat #2 is the button
Seat 2: uglyghost101 ($91.35 in chips)
Seat 3: Artachok ($94.07 in chips)
uglyghost101: posts small blind $1
Artachok: posts big blind $3
*** HOLE CARDS ***
uglyghost101: raises $3 to $6
Artachok: folds
Uncalled bet ($3) returned to uglyghost101
uglyghost101 collected $6 from pot
uglyghost101: doesn't show hand
*** SUMMARY ***
Total pot $6 | Rake $0
Seat 2: uglyghost101 (button) (small blind) collected ($6)
Seat 3: Artachok (big blind) folded before Flop


PokerStars Hand #175854814523:  Hold'em Limit ($3/$6 USD) - 2017/09/19 13:30:25 ET
Table 'Ueta' 6-max Seat #3 is the button
Seat 2: uglyghost101 ($103.35 in chips)
Seat 3: Artachok ($82.55 in chips)
Artachok: posts small blind $1
uglyghost101: posts big blind $3
*** HOLE CARDS ***
Artachok: raises $3 to $6
uglyghost101: raises $3 to $9
Artachok: calls $3
*** FLOP *** [Qd Ts 8h]
uglyghost101: checks
Artachok: bets $3
uglyghost101: calls $3
*** TURN *** [Qd Ts 8h] [2c]
uglyghost101: checks
Artachok: bets $6
uglyghost101: folds
Uncalled bet ($6) returned to Artachok
Artachok collected $23.52 from pot
Artachok: doesn't show hand
*** SUMMARY ***
Total pot $24 | Rake $0.48
Board [Qd Ts 8h 2c]
Seat 2: uglyghost101 (big blind) folded on the Turn
Seat 3: Artachok (button) (small blind) collected ($23.52)


PokerStars Hand #175854892582:  Hold'em Limit ($3/$6 USD) - 2017/09/19 13:32:07 ET
Table 'Ueta' 6-max Seat #2 is the button
Seat 2: uglyghost101 ($108.85 in chips)
Seat 3: Artachok ($76.07 in chips)
uglyghost101: posts small blind $1
Artachok: posts big blind $3
*** HOLE CARDS ***
uglyghost101: raises $3 to $6
Artachok: calls $3
*** FLOP *** [Ts Kh 5s]
Artachok: checks
uglyghost101: bets $3
Artachok: folds
Uncalled bet ($3) returned to uglyghost101
uglyghost101 collected $11.76 from pot
vestimokrec joins the table at seat #1
uglyghost101: doesn't show hand
*** SUMMARY ***
Total pot $12 | Rake $0.24
Board [Ts Kh 5s]
Seat 2: uglyghost101 (button) (small blind) collected ($11.76)
Seat 3: Artachok (big blind) folded on the Flop


PokerStars Hand #175854884793:  Hold'em Limit ($3/$6 USD) - 2017/09/19 13:31:57 ET
Table 'Ueta' 6-max Seat #3 is the button
Seat 2: uglyghost101 ($111.85 in chips)
Seat 3: Artachok ($73.07 in chips)
Artachok: posts small blind $1
uglyghost101: posts big blind $3
*** HOLE CARDS ***
Artachok: raises $3 to $6
uglyghost101: folds
Uncalled bet ($3) returned to Artachok
alpha2777 joins the table at seat #6
Artachok collected $6 from pot
Artachok: doesn't show hand
*** SUMMARY ***
Total pot $6 | Rake $0
Seat 2: uglyghost101 (big blind) folded before Flop
Seat 3: Artachok (button) (small blind) collected ($6)


PokerStars Hand #175854864635:  Hold'em Limit ($3/$6 USD) - 2017/09/19 13:31:31 ET
Table 'Ueta' 6-max Seat #2 is the button
Seat 2: uglyghost101 ($91.35 in chips)
Seat 3: Artachok ($94.07 in chips)
uglyghost101: posts small blind $1
Artachok: posts big blind $3
*** HOLE CARDS ***
uglyghost101: raises $3 to $6
Artachok: calls $3
*** FLOP *** [9s 7c 7s]
Artachok: checks
uglyghost101: bets $3
Artachok: calls $3
*** TURN *** [9s 7c 7s] [3d]
Artachok: checks
uglyghost101: bets $6
Artachok: calls $6
*** RIVER *** [9s 7c 7s 3d] [5c]
Artachok: checks
uglyghost101: bets $6
Artachok: calls $6
*** SHOW DOWN ***
uglyghost101: shows [6d 6h] (two pair, Sevens and Sixes)
Artachok: mucks hand
uglyghost101 collected $41.50 from pot
*** SUMMARY ***
Total pot $42 | Rake $0.50
Board [9s 7c 7s 3d 5c]
Seat 2: uglyghost101 (button) (small blind) showed [6d 6h] and won ($41.50) with two pair, Sevens and Sixes
Seat 3: Artachok (big blind) mucked


PokerStars Hand #175858094412:  Hold'em Limit ($3/$6 USD) - 2017/09/19 14:41:16 ET
Table 'Ueta' 6-max Seat #5 is the button
Seat 4: krytalex ($173.34 in chips)
Seat 5: Rmk1500 ($134.96 in chips)
Rmk1500: posts small blind $1
vestimokrec: is sitting out
Larooo was removed from the table for failing to post
krytalex: posts big blind $3
*** HOLE CARDS ***
Rmk1500: raises $3 to $6
vestimokrec leaves the table
krytalex: calls $3
*** FLOP *** [Kd 4s 4d]
krytalex: checks
Rmk1500: bets $3
krytalex: calls $3
*** TURN *** [Kd 4s 4d] [2d]
krytalex: checks
Rmk1500: checks
*** RIVER *** [Kd 4s 4d 2d] [2h]
krytalex: checks
Rmk1500: checks
*** SHOW DOWN ***
krytalex: shows [Ts 5s] (two pair, Fours and Deuces)
Rmk1500: shows [Ah 8h] (two pair, Fours and Deuces - Ace kicker)
Rmk1500 collected $17.64 from pot
*** SUMMARY ***
Total pot $18 | Rake $0.36
Board [Kd 4s 4d 2d 2h]
Seat 4: krytalex (big blind) showed [Ts 5s] and lost with two pair, Fours and Deuces
Seat 5: Rmk1500 (button) (small blind) showed [Ah 8h] and won ($17.64) with two pair, Fours and Deuces


PokerStars Hand #175858180819:  Hold'em Limit ($3/$6 USD) - 2017/09/19 14:43:03 ET
Table 'Ueta' 6-max Seat #4 is the button
Seat 4: krytalex ($153.34 in chips)
Seat 5: Rmk1500 ($154.12 in chips)
krytalex: posts small blind $1
Rmk1500: posts big blind $3
*** HOLE CARDS ***
ogdundar joins the table at seat #3
krytalex: raises $3 to $6
Rmk1500: calls $3
*** FLOP *** [8s 6c 4h]
Rmk1500: checks
krytalex: bets $3
Rmk1500: calls $3
*** TURN *** [8s 6c 4h] [Th]
vestimokrec joins the table at seat #6
Rmk1500: checks
krytalex: bets $6
Rmk1500: folds
Uncalled bet ($6) returned to krytalex
krytalex collected $17.64 from pot
*** SUMMARY ***
Total pot $18 | Rake $0.36
Board [8s 6c 4h Th]
Seat 4: krytalex (button) (small blind) collected ($17.64)
Seat 5: Rmk1500 (big blind) folded on the Turn


PokerStars Hand #175858175202:  Hold'em Limit ($3/$6 USD) - 2017/09/19 14:42:56 ET
Table 'Ueta' 6-max Seat #5 is the button
Seat 4: krytalex ($152.34 in chips)
Seat 5: Rmk1500 ($155.12 in chips)
Rmk1500: posts small blind $1
krytalex: posts big blind $3
*** HOLE CARDS ***
Rmk1500: folds
Uncalled bet ($2) returned to krytalex
krytalex collected $2 from pot
*** SUMMARY ***
Total pot $2 | Rake $0
Seat 4: krytalex (big blind) collected ($2)
Seat 5: Rmk1500 (button) (small blind) folded before Flop


PokerStars Hand #175858127129:  Hold'em Limit ($3/$6 USD) - 2017/09/19 14:41:57 ET
Table 'Ueta' 6-max Seat #4 is the button
Seat 4: krytalex ($164.34 in chips)
Seat 5: Rmk1500 ($143.60 in chips)
krytalex: posts small blind $1
Rmk1500: posts big blind $3
*** HOLE CARDS ***
krytalex: raises $3 to $6
Rmk1500: calls $3
*** FLOP *** [7h Tc 6s]
Rmk1500: checks
krytalex: bets $3
Rmk1500: raises $3 to $6
krytalex: calls $3
*** TURN *** [7h Tc 6s] [4d]
Rmk1500: bets $6
krytalex: folds
Uncalled bet ($6) returned to Rmk1500
Rmk1500 collected $23.52 from pot
*** SUMMARY ***
Total pot $24 | Rake $0.48
Board [7h Tc 6s 4d]
Seat 4: krytalex (button) (small blind) folded on the Turn
Seat 5: Rmk1500 (big blind) collected ($23.52)


PokerStars Hand #175861570566:  Hold'em Limit ($3/$6 USD) - 2017/09/19 15:52:05 ET
Table 'Ueta' 6-max Seat #3 is the button
Seat 3: Voldemaras50 ($65.97 in chips)
Seat 4: krytalex ($115.43 in chips)
sebneu will be allowed to play after the button
HK Mancini will be allowed to play after the button
Voldemaras50: posts small blind $1
krytalex: posts big blind $3
*** HOLE CARDS ***
Voldemaras50: folds
Uncalled bet ($2) returned to krytalex
krytalex collected $2 from pot
*** SUMMARY ***
Total pot $2 | Rake $0
Seat 3: Voldemaras50 (button) (small blind) folded before Flop
Seat 4: krytalex (big blind) collected ($2)


PokerStars Hand #175869979062:  Hold'em Limit ($3/$6 USD) - 2017/09/19 19:00:47 ET
Table 'Ueta' 6-max Seat #3 is the button
Seat 3: ionellu ($61.04 in chips)
Seat 4: krytalex ($631.34 in chips)
ionellu: posts small blind $1
krytalex: posts big blind $3
*** HOLE CARDS ***
ionellu: raises $3 to $6
krytalex: folds
Uncalled bet ($3) returned to ionellu
ionellu collected $6 from pot
*** SUMMARY ***
Total pot $6 | Rake $0
Seat 3: ionellu (button) (small blind) collected ($6)
Seat 4: krytalex (big blind) folded before Flop


PokerStars Hand #175869974714:  Hold'em Limit ($3/$6 USD) - 2017/09/19 19:00:39 ET
Table 'Ueta' 6-max Seat #4 is the button
Seat 3: ionellu ($60.04 in chips)
Seat 4: krytalex ($632.34 in chips)
krytalex: posts small blind $1
ToDaFelt: is sitting out
ionellu: posts big blind $3
*** HOLE CARDS ***
ToDaFelt leaves the table
krytalex: folds
Uncalled bet ($2) returned to ionellu
ionellu collected $2 from pot
*** SUMMARY ***
Total pot $2 | Rake $0
Seat 3: ionellu (big blind) collected ($2)
Seat 4: krytalex (button) (small blind) folded before Flop


PokerStars Hand #175870006910:  Hold'em Limit ($3/$6 USD) - 2017/09/19 19:01:38 ET
Table 'Ueta' 6-max Seat #3 is the button
Seat 3: ionellu ($78.54 in chips)
Seat 4: krytalex ($613.34 in chips)
ionellu: posts small blind $1
krytalex: posts big blind $3
*** HOLE CARDS ***
ionellu: raises $3 to $6
krytalex: folds
Uncalled bet ($3) returned to ionellu
ionellu collected $6 from pot
*** SUMMARY ***
Total pot $6 | Rake $0
Seat 3: ionellu (button) (small blind) collected ($6)
Seat 4: krytalex (big blind) folded before Flop


PokerStars Hand #175869985055:  Hold'em Limit ($3/$6 USD) - 2017/09/19 19:00:58 ET
Table 'Ueta' 6-max Seat #4 is the button
Seat 3: ionellu ($64.04 in chips)
Seat 4: krytalex ($628.34 in chips)
krytalex: posts small blind $1
ionellu: posts big blind $3
*** HOLE CARDS ***
krytalex: raises $3 to $6
ionellu: calls $3
*** FLOP *** [9h Qd Jc]
ionellu: checks
krytalex: bets $3
ionellu: calls $3
*** TURN *** [9h Qd Jc] [5h]
ionellu: checks
krytalex: checks
*** RIVER *** [9h Qd Jc 5h] [Jd]
ionellu: bets $6
krytalex: calls $6
*** SHOW DOWN ***
ionellu: shows [9c Qc] (two pair, Queens and Jacks)
krytalex: mucks hand
ionellu collected $29.50 from pot
*** SUMMARY ***
Total pot $30 | Rake $0.50
Board [9h Qd Jc 5h Jd]
Seat 3: ionellu (big blind) showed [9c Qc] and won ($29.50) with two pair, Queens and Jacks
Seat 4: krytalex (button) (small blind) mucked


PokerStars Hand #175870051290:  Hold'em Limit ($3/$6 USD) - 2017/09/19 19:02:54 ET
Table 'Ueta' 6-max Seat #3 is the button
Seat 3: ionellu ($60.54 in chips)
Seat 4: krytalex ($630.84 in chips)
ionellu: posts small blind $1
krytalex: posts big blind $3
*** HOLE CARDS ***
ionellu: folds
Uncalled bet ($2) returned to krytalex
krytalex collected $2 from pot
*** SUMMARY ***
Total pot $2 | Rake $0
Seat 3: ionellu (button) (small blind) folded before Flop
Seat 4: krytalex (big blind) collected ($2)


PokerStars Hand #175870016343:  Hold'em Limit ($3/$6 USD) - 2017/09/19 19:01:54 ET
Table 'Ueta' 6-max Seat #4 is the button
Seat 3: ionellu ($81.54 in chips)
Seat 4: krytalex ($610.34 in chips)
krytalex: posts small blind $1
ionellu: posts big blind $3
*** HOLE CARDS ***
krytalex: raises $3 to $6
ionellu: calls $3
*** FLOP *** [9s Th Tc]
ionellu: checks
krytalex: bets $3
ionellu: calls $3
*** TURN *** [9s Th Tc] [2s]
ionellu: checks
mareshkin2 joins the table at seat #5
krytalex: bets $6
ionellu: calls $6
*** RIVER *** [9s Th Tc 2s] [6h]
ionellu: checks
krytalex: bets $6
ionellu: calls $6
*** SHOW DOWN ***
krytalex: shows [Td 6d] (a full house, Tens full of Sixes)
ionellu: mucks hand
krytalex collected $41.50 from pot
*** SUMMARY ***
Total pot $42 | Rake $0.50
Board [9s Th Tc 2s 6h]
Seat 3: ionellu (big blind) mucked
Seat 4: krytalex (button) (small blind) showed [Td 6d] and won ($41.50) with a full house, Tens full of Sixes


PokerStars Hand #175870802120:  Hold'em Limit ($3/$6 USD) - 2017/09/19 19:24:39 ET
Table 'Ueta' 6-max Seat #6 is the button
Seat 2: favete lin ($111.27 in chips)
Seat 6: sydd7 ($86.63 in chips)
sydd7: posts small blind $1
favete lin: posts big blind $3
*** HOLE CARDS ***
sydd7: raises $3 to $6
favete lin: calls $3
*** FLOP *** [4c Th Qd]
favete lin: checks
sydd7: bets $3
favete lin: calls $3
*** TURN *** [4c Th Qd] [3h]
favete lin: checks
sydd7: checks
*** RIVER *** [4c Th Qd 3h] [Kd]
favete lin: bets $6
sydd7: calls $6
*** SHOW DOWN ***
favete lin: shows [Kh 5d] (a pair of Kings)
sydd7: mucks hand
favete lin collected $29.50 from pot
*** SUMMARY ***
Total pot $30 | Rake $0.50
Board [4c Th Qd 3h Kd]
Seat 2: favete lin (big blind) showed [Kh 5d] and won ($29.50) with a pair of Kings
Seat 6: sydd7 (button) (small blind) mucked


PokerStars Hand #175870799269:  Hold'em Limit ($3/$6 USD) - 2017/09/19 19:24:34 ET
Table 'Ueta' 6-max Seat #2 is the button
Seat 2: favete lin ($112.27 in chips)
Seat 6: sydd7 ($85.63 in chips)
favete lin: posts small blind $1
krytalex: is sitting out
sydd7: posts big blind $3
*** HOLE CARDS ***
favete lin: folds
Uncalled bet ($2) returned to sydd7
krytalex leaves the table
sydd7 collected $2 from pot
*** SUMMARY ***
Total pot $2 | Rake $0
Seat 2: favete lin (button) (small blind) folded before Flop
Seat 6: sydd7 (big blind) collected ($2)


PokerStars Hand #175870840344:  Hold'em Limit ($3/$6 USD) - 2017/09/19 19:25:43 ET
Table 'Ueta' 6-max Seat #2 is the button
Seat 2: favete lin ($144.27 in chips)
Seat 6: sydd7 ($52.63 in chips)
favete lin: posts small blind $1
sydd7: posts big blind $3
*** HOLE CARDS ***
yayaya joins the table at seat #4
favete lin: raises $3 to $6
sydd7: calls $3
*** FLOP *** [3s 2s 6h]
sydd7: checks
favete lin: bets $3
sydd7: calls $3
*** TURN *** [3s 2s 6h] [2d]
sydd7: checks
favete lin: bets $6
sydd7: folds
Uncalled bet ($6) returned to favete lin
favete lin collected $17.64 from pot
favete lin: doesn't show hand
*** SUMMARY ***
Total pot $18 | Rake $0.36
Board [3s 2s 6h 2d]
Seat 2: favete lin (button) (small blind) collected ($17.64)
Seat 6: sydd7 (big blind) folded on the Turn


PokerStars Hand #175870834475:  Hold'em Limit ($3/$6 USD) - 2017/09/19 19:25:38 ET
Table 'Ueta' 6-max Seat #6 is the button
Seat 2: favete lin ($143.27 in chips)
Seat 6: sydd7 ($53.63 in chips)
sydd7: posts small blind $1
favete lin: posts big blind $3
*** HOLE CARDS ***
sydd7: folds
Uncalled bet ($2) returned to favete lin
favete lin collected $2 from pot
favete lin: doesn't show hand
*** SUMMARY ***
Total pot $2 | Rake $0
Seat 2: favete lin (big blind) collected ($2)
Seat 6: sydd7 (button) (small blind) folded before Flop


PokerStars Hand #175870816449:  Hold'em Limit ($3/$6 USD) - 2017/09/19 19:25:05 ET
Table 'Ueta' 6-max Seat #2 is the button
Seat 2: favete lin ($125.77 in chips)
Seat 6: sydd7 ($71.63 in chips)
favete lin: posts small blind $1
sydd7: posts big blind $3
*** HOLE CARDS ***
favete lin: raises $3 to $6
sydd7: raises $3 to $9
favete lin: calls $3
*** FLOP *** [7c Js 5d]
sydd7: bets $3
favete lin: calls $3
*** TURN *** [7c Js 5d] [Jd]
sydd7: checks
favete lin: checks
*** RIVER *** [7c Js 5d Jd] [Ad]
sydd7: bets $6
favete lin: calls $6
*** SHOW DOWN ***
sydd7: shows [9s Qs] (a pair of Jacks)
favete lin: shows [Kh 2s] (a pair of Jacks - Ace+King kicker)
favete lin collected $35.50 from pot
*** SUMMARY ***
Total pot $36 | Rake $0.50
Board [7c Js 5d Jd Ad]
Seat 2: favete lin (button) (small blind) showed [Kh 2s] and won ($35.50) with a pair of Jacks
Seat 6: sydd7 (big blind) showed [9s Qs] and lost with a pair of Jacks


PokerStars Hand #175870849399:  Hold'em Limit ($3/$6 USD) - 2017/09/19 19:25:59 ET
Table 'Ueta' 6-max Seat #6 is the button
Seat 2: favete lin ($152.91 in chips)
Seat 6: sydd7 ($43.63 in chips)
sydd7: posts small blind $1
favete lin: posts big blind $3
*** HOLE CARDS ***
sydd7: calls $2
favete lin: checks
*** FLOP *** [Tc Th Ah]
favete lin: checks
sydd7: checks
*** TURN *** [Tc Th Ah] [2s]
favete lin: bets $6
sydd7: folds
Uncalled bet ($6) returned to favete lin
favete lin collected $5.88 from pot
favete lin: doesn't show hand
*** SUMMARY ***
Total pot $6 | Rake $0.12
Board [Tc Th Ah 2s]
Seat 2: favete lin (big blind) collected ($5.88)
Seat 6: sydd7 (button) (small blind) folded on the Turn


PokerStars Hand #175870995656:  Hold'em Limit ($3/$6 USD) - 2017/09/19 19:30:30 ET
Table 'Ueta' 6-max Seat #4 is the button
Seat 2: favete lin ($172.60 in chips)
Seat 4: yayaya ($133.67 in chips)
yayaya: posts small blind $1
favete lin: posts big blind $3
*** HOLE CARDS ***
yayaya: raises $3 to $6
favete lin: calls $3
*** FLOP *** [Qs 5h 7s]
favete lin: checks
yayaya: bets $3
favete lin: calls $3
*** TURN *** [Qs 5h 7s] [Ac]
birmancat44 joins the table at seat #5
favete lin: checks
yayaya: checks
*** RIVER *** [Qs 5h 7s Ac] [4d]
favete lin: bets $6
yayaya: folds
Uncalled bet ($6) returned to favete lin
favete lin collected $17.64 from pot
favete lin: doesn't show hand
*** SUMMARY ***
Total pot $18 | Rake $0.36
Board [Qs 5h 7s Ac 4d]
Seat 2: favete lin (big blind) collected ($17.64)
Seat 4: yayaya (button) (small blind) folded on the River


