PokerStars Hand #164622887264:  Hold'em Limit ($3/$6 USD) - 2017/01/15 12:45:01 ET
Table 'Ukko' 6-max Seat #1 is the button
Seat 1: LifeisagameX ($84 in chips)
Seat 3: fugu82 ($50 in chips)
LifeisagameX: posts small blind $1
fugu82: posts big blind $3
*** HOLE CARDS ***
LifeisagameX: raises $3 to $6
fugu82: calls $3
*** FLOP *** [Qc 4h 7s]
fugu82: checks
LifeisagameX: bets $3
fugu82: calls $3
*** TURN *** [Qc 4h 7s] [8h]
fugu82: checks
LifeisagameX: bets $6
fugu82: calls $6
*** RIVER *** [Qc 4h 7s 8h] [Qd]
fugu82: bets $6
LifeisagameX: folds
Uncalled bet ($6) returned to fugu82
fugu82 collected $29.50 from pot
fugu82: doesn't show hand
*** SUMMARY ***
Total pot $30 | Rake $0.50
Board [Qc 4h 7s 8h Qd]
Seat 1: LifeisagameX (button) (small blind) folded on the River
Seat 3: fugu82 (big blind) collected ($29.50)


PokerStars Hand #164622950965:  Hold'em Limit ($3/$6 USD) - 2017/01/15 12:46:04 ET
Table 'Ukko' 6-max Seat #1 is the button
Seat 1: LifeisagameX ($85 in chips)
Seat 3: fugu82 ($63.50 in chips)
LifeisagameX: posts small blind $1
fugu82: posts big blind $3
*** HOLE CARDS ***
LifeisagameX: folds
Uncalled bet ($2) returned to fugu82
fugu82 collected $2 from pot
fugu82: doesn't show hand
*** SUMMARY ***
Total pot $2 | Rake $0
Seat 1: LifeisagameX (button) (small blind) folded before Flop
Seat 3: fugu82 (big blind) collected ($2)


PokerStars Hand #164622944981:  Hold'em Limit ($3/$6 USD) - 2017/01/15 12:45:59 ET
Table 'Ukko' 6-max Seat #3 is the button
Seat 1: LifeisagameX ($84 in chips)
Seat 3: fugu82 ($64.50 in chips)
fugu82: posts small blind $1
LifeisagameX: posts big blind $3
*** HOLE CARDS ***
fugu82: folds
Uncalled bet ($2) returned to LifeisagameX
LifeisagameX collected $2 from pot
LifeisagameX: doesn't show hand
*** SUMMARY ***
Total pot $2 | Rake $0
Seat 1: LifeisagameX (big blind) collected ($2)
Seat 3: fugu82 (button) (small blind) folded before Flop


PokerStars Hand #164622957401:  Hold'em Limit ($3/$6 USD) - 2017/01/15 12:46:11 ET
Table 'Ukko' 6-max Seat #3 is the button
Seat 1: LifeisagameX ($84 in chips)
Seat 3: fugu82 ($64.50 in chips)
fugu82: posts small blind $1
LifeisagameX: posts big blind $3
*** HOLE CARDS ***
fugu82: folds
Uncalled bet ($2) returned to LifeisagameX
LifeisagameX collected $2 from pot
LifeisagameX: doesn't show hand
*** SUMMARY ***
Total pot $2 | Rake $0
Seat 1: LifeisagameX (big blind) collected ($2)
Seat 3: fugu82 (button) (small blind) folded before Flop


PokerStars Hand #164622963516:  Hold'em Limit ($3/$6 USD) - 2017/01/15 12:46:17 ET
Table 'Ukko' 6-max Seat #1 is the button
Seat 1: LifeisagameX ($85 in chips)
Seat 3: fugu82 ($63.50 in chips)
LifeisagameX: posts small blind $1
fugu82: posts big blind $3
*** HOLE CARDS ***
LifeisagameX: raises $3 to $6
fugu82: calls $3
*** FLOP *** [6s Ac Kh]
fugu82: checks
LifeisagameX: checks
*** TURN *** [6s Ac Kh] [Qh]
fugu82: bets $6
LifeisagameX: calls $6
*** RIVER *** [6s Ac Kh Qh] [7c]
fugu82: bets $6
volkov277 joins the table at seat #6
LifeisagameX: calls $6
*** SHOW DOWN ***
fugu82: shows [Ts 2s] (high card Ace)
LifeisagameX: shows [Js 9c] (high card Ace - King+Queen+Jack kicker)
LifeisagameX collected $35.50 from pot
bongo65 joins the table at seat #2
*** SUMMARY ***
Total pot $36 | Rake $0.50
Board [6s Ac Kh Qh 7c]
Seat 1: LifeisagameX (button) (small blind) showed [Js 9c] and won ($35.50) with high card Ace
Seat 3: fugu82 (big blind) showed [Ts 2s] and lost with high card Ace


PokerStars Hand #164623346310:  Hold'em Limit ($3/$6 USD) - 2017/01/15 12:52:34 ET
Table 'Ukko' 6-max Seat #2 is the button
Seat 2: bongo65 ($83.46 in chips)
Seat 6: volkov277 ($109.56 in chips)
bongo65: posts small blind $1
volkov277: posts big blind $3
*** HOLE CARDS ***
bongo65: raises $3 to $6
fugu82 leaves the table
volkov277: calls $3
*** FLOP *** [As Th Kd]
volkov277: folds
volkov277 leaves the table
bongo65 collected $11.76 from pot
bongo65: doesn't show hand
*** SUMMARY ***
Total pot $12 | Rake $0.24
Board [As Th Kd]
Seat 2: bongo65 (button) (small blind) collected ($11.76)
Seat 6: volkov277 (big blind) folded on the Flop


