PokerStars Hand #168610001688:  Hold'em Limit ($3/$6 USD) - 2017/04/05 10:08:12 ET
Table 'Ukko' 6-max Seat #4 is the button
Seat 3: Mite1981 ($97.56 in chips)
Seat 4: MTails ($143.50 in chips)
MTails: posts small blind $1
Mite1981: posts big blind $3
*** HOLE CARDS ***
B_loJkl joins the table at seat #5
MTails: raises $3 to $6
Mite1981: folds
Uncalled bet ($3) returned to MTails
MTails collected $6 from pot
*** SUMMARY ***
Total pot $6 | Rake $0
Seat 3: Mite1981 (big blind) folded before Flop
Seat 4: MTails (button) (small blind) collected ($6)


PokerStars Hand #168609990845:  Hold'em Limit ($3/$6 USD) - 2017/04/05 10:07:54 ET
Table 'Ukko' 6-max Seat #3 is the button
Seat 3: Mite1981 ($121.56 in chips)
Seat 4: MTails ($120 in chips)
Mite1981: posts small blind $1
MTails: posts big blind $3
*** HOLE CARDS ***
Mite1981: raises $3 to $6
MTails: calls $3
*** FLOP *** [3d Qd 6c]
MTails: checks
Mite1981: bets $3
MTails: raises $3 to $6
Mite1981: calls $3
*** TURN *** [3d Qd 6c] [4h]
MTails: bets $6
Mite1981: calls $6
*** RIVER *** [3d Qd 6c 4h] [8s]
MTails: bets $6
Mite1981: calls $6
*** SHOW DOWN ***
MTails: shows [Qc 6h] (two pair, Queens and Sixes)
Mite1981: mucks hand
MTails collected $47.50 from pot
*** SUMMARY ***
Total pot $48 | Rake $0.50
Board [3d Qd 6c 4h 8s]
Seat 3: Mite1981 (button) (small blind) mucked
Seat 4: MTails (big blind) showed [Qc 6h] and won ($47.50) with two pair, Queens and Sixes


PokerStars Hand #168610004678:  Hold'em Limit ($3/$6 USD) - 2017/04/05 10:08:17 ET
Table 'Ukko' 6-max Seat #3 is the button
Seat 3: Mite1981 ($94.56 in chips)
Seat 4: MTails ($146.50 in chips)
Mite1981: posts small blind $1
MTails: posts big blind $3
*** HOLE CARDS ***
Mite1981: raises $3 to $6
MTails: calls $3
*** FLOP *** [4c 9d 8h]
rascal_319 joins the table at seat #6
MTails: checks
Mite1981: bets $3
MTails: raises $3 to $6
Mite1981: calls $3
*** TURN *** [4c 9d 8h] [4s]
MTails: bets $6
Mite1981: calls $6
*** RIVER *** [4c 9d 8h 4s] [Qh]
MTails: bets $6
Mite1981: calls $6
*** SHOW DOWN ***
MTails: shows [Th Jc] (a straight, Eight to Queen)
Mite1981: mucks hand
MTails collected $47.50 from pot
*** SUMMARY ***
Total pot $48 | Rake $0.50
Board [4c 9d 8h 4s Qh]
Seat 3: Mite1981 (button) (small blind) mucked
Seat 4: MTails (big blind) showed [Th Jc] and won ($47.50) with a straight, Eight to Queen


PokerStars Hand #168610300526:  Hold'em Limit ($3/$6 USD) - 2017/04/05 10:16:27 ET
Table 'Ukko' 6-max Seat #2 is the button
Seat 2: Boxer-Carlo ($86.82 in chips)
Seat 3: B_loJkl ($187.84 in chips)
Boxer-Carlo: posts small blind $1
B_loJkl: posts big blind $3
*** HOLE CARDS ***
Boxer-Carlo: raises $3 to $6
B_loJkl: calls $3
*** FLOP *** [Jh 7c Qc]
B_loJkl: checks
Boxer-Carlo: bets $3
B_loJkl: raises $3 to $6
Boxer-Carlo: calls $3
*** TURN *** [Jh 7c Qc] [Jd]
B_loJkl: bets $6
Boxer-Carlo: calls $6
*** RIVER *** [Jh 7c Qc Jd] [6d]
B_loJkl: bets $6
Boxer-Carlo: calls $6
*** SHOW DOWN ***
B_loJkl: shows [5s Qh] (two pair, Queens and Jacks)
Boxer-Carlo: mucks hand
B_loJkl collected $47.50 from pot
*** SUMMARY ***
Total pot $48 | Rake $0.50
Board [Jh 7c Qc Jd 6d]
Seat 2: Boxer-Carlo (button) (small blind) mucked
Seat 3: B_loJkl (big blind) showed [5s Qh] and won ($47.50) with two pair, Queens and Jacks


PokerStars Hand #168610295198:  Hold'em Limit ($3/$6 USD) - 2017/04/05 10:16:18 ET
Table 'Ukko' 6-max Seat #3 is the button
Seat 2: Boxer-Carlo ($85.82 in chips)
Seat 3: B_loJkl ($188.84 in chips)
B_loJkl: posts small blind $1
rascal_319: is sitting out
Boxer-Carlo: posts big blind $3
*** HOLE CARDS ***
rascal_319 leaves the table
B_loJkl: folds
Uncalled bet ($2) returned to Boxer-Carlo
Homasapien leaves the table
Boxer-Carlo collected $2 from pot
Boxer-Carlo: doesn't show hand
*** SUMMARY ***
Total pot $2 | Rake $0
Seat 2: Boxer-Carlo (big blind) collected ($2)
Seat 3: B_loJkl (button) (small blind) folded before Flop


