PokerStars Hand #165399517428:  Hold'em Limit ($3/$6 USD) - 2017/01/30 7:57:25 ET
Table 'Ulla' 6-max Seat #1 is the button
Seat 1: popeluha ($30 in chips)
Seat 3: OnlyLuck111 ($151.18 in chips)
popeluha: posts small blind $1
OnlyLuck111: posts big blind $3
*** HOLE CARDS ***
popeluha: raises $3 to $6
OnlyLuck111: folds
Uncalled bet ($3) returned to popeluha
popeluha collected $6 from pot
popeluha: doesn't show hand
*** SUMMARY ***
Total pot $6 | Rake $0
Seat 1: popeluha (button) (small blind) collected ($6)
Seat 3: OnlyLuck111 (big blind) folded before Flop


PokerStars Hand #165399502120:  Hold'em Limit ($3/$6 USD) - 2017/01/30 7:56:54 ET
Table 'Ulla' 6-max Seat #3 is the button
Seat 1: popeluha ($8 in chips)
Seat 3: OnlyLuck111 ($143.50 in chips)
OnlyLuck111: posts small blind $1
popeluha: posts big blind $3
*** HOLE CARDS ***
OnlyLuck111: raises $3 to $6
popeluha: calls $3
*** FLOP *** [6d 5c 6c]
popeluha: bets $2 and is all-in
OnlyLuck111: calls $2
*** TURN *** [6d 5c 6c] [8c]
*** RIVER *** [6d 5c 6c 8c] [7s]
*** SHOW DOWN ***
popeluha: shows [2s Ah] (a pair of Sixes)
OnlyLuck111: shows [9s Qc] (a straight, Five to Nine)
OnlyLuck111 collected $15.68 from pot
*** SUMMARY ***
Total pot $16 | Rake $0.32
Board [6d 5c 6c 8c 7s]
Seat 1: popeluha (big blind) showed [2s Ah] and lost with a pair of Sixes
Seat 3: OnlyLuck111 (button) (small blind) showed [9s Qc] and won ($15.68) with a straight, Five to Nine


PokerStars Hand #165399493076:  Hold'em Limit ($3/$6 USD) - 2017/01/30 7:56:35 ET
Table 'Ulla' 6-max Seat #1 is the button
Seat 1: popeluha ($32 in chips)
Seat 3: OnlyLuck111 ($120 in chips)
popeluha: posts small blind $1
OnlyLuck111: posts big blind $3
*** HOLE CARDS ***
popeluha: raises $3 to $6
OnlyLuck111: raises $3 to $9
popeluha: calls $3
*** FLOP *** [9h 9s 9c]
OnlyLuck111: bets $3
popeluha: calls $3
*** TURN *** [9h 9s 9c] [5c]
OnlyLuck111: bets $6
popeluha: calls $6
*** RIVER *** [9h 9s 9c 5c] [Ad]
OnlyLuck111: checks
popeluha: bets $6
OnlyLuck111: calls $6
*** SHOW DOWN ***
popeluha: shows [8c Qs] (three of a kind, Nines)
OnlyLuck111: shows [Qd Kc] (three of a kind, Nines - Ace+King kicker)
OnlyLuck111 collected $47.50 from pot
*** SUMMARY ***
Total pot $48 | Rake $0.50
Board [9h 9s 9c 5c Ad]
Seat 1: popeluha (button) (small blind) showed [8c Qs] and lost with three of a kind, Nines
Seat 3: OnlyLuck111 (big blind) showed [Qd Kc] and won ($47.50) with three of a kind, Nines


PokerStars Hand #165399537761:  Hold'em Limit ($3/$6 USD) - 2017/01/30 7:58:06 ET
Table 'Ulla' 6-max Seat #1 is the button
Seat 1: popeluha ($8 in chips)
Seat 3: OnlyLuck111 ($172.44 in chips)
popeluha: posts small blind $1
OnlyLuck111: posts big blind $3
*** HOLE CARDS ***
popeluha: folds
Uncalled bet ($2) returned to OnlyLuck111
OnlyLuck111 collected $2 from pot
*** SUMMARY ***
Total pot $2 | Rake $0
Seat 1: popeluha (button) (small blind) folded before Flop
Seat 3: OnlyLuck111 (big blind) collected ($2)


PokerStars Hand #165399529781:  Hold'em Limit ($3/$6 USD) - 2017/01/30 7:57:50 ET
Table 'Ulla' 6-max Seat #3 is the button
Seat 1: popeluha ($26 in chips)
Seat 3: OnlyLuck111 ($154.94 in chips)
OnlyLuck111: posts small blind $1
popeluha: posts big blind $3
*** HOLE CARDS ***
OnlyLuck111: raises $3 to $6
popeluha: calls $3
*** FLOP *** [6d Tc 8s]
popeluha: checks
OnlyLuck111: checks
*** TURN *** [6d Tc 8s] [Qs]
popeluha: bets $6
OnlyLuck111: calls $6
*** RIVER *** [6d Tc 8s Qs] [5s]
Faqquer joins the table at seat #4
popeluha: bets $6
OnlyLuck111: calls $6
*** SHOW DOWN ***
popeluha: shows [7s 3d] (high card Queen)
OnlyLuck111: shows [Ad Js] (high card Ace)
OnlyLuck111 collected $35.50 from pot
*** SUMMARY ***
Total pot $36 | Rake $0.50
Board [6d Tc 8s Qs 5s]
Seat 1: popeluha (big blind) showed [7s 3d] and lost with high card Queen
Seat 3: OnlyLuck111 (button) (small blind) showed [Ad Js] and won ($35.50) with high card Ace


PokerStars Hand #165399527119:  Hold'em Limit ($3/$6 USD) - 2017/01/30 7:57:45 ET
Table 'Ulla' 6-max Seat #1 is the button
Seat 1: popeluha ($27 in chips)
Seat 3: OnlyLuck111 ($153.94 in chips)
popeluha: posts small blind $1
OnlyLuck111: posts big blind $3
*** HOLE CARDS ***
popeluha: folds
Uncalled bet ($2) returned to OnlyLuck111
OnlyLuck111 collected $2 from pot
*** SUMMARY ***
Total pot $2 | Rake $0
Seat 1: popeluha (button) (small blind) folded before Flop
Seat 3: OnlyLuck111 (big blind) collected ($2)


PokerStars Hand #165399522897:  Hold'em Limit ($3/$6 USD) - 2017/01/30 7:57:36 ET
Table 'Ulla' 6-max Seat #3 is the button
Seat 1: popeluha ($33 in chips)
Seat 3: OnlyLuck111 ($148.18 in chips)
OnlyLuck111: posts small blind $1
popeluha: posts big blind $3
*** HOLE CARDS ***
OnlyLuck111: raises $3 to $6
popeluha: calls $3
*** FLOP *** [Jd 3h 6h]
popeluha: checks
OnlyLuck111: bets $3
popeluha: folds
Uncalled bet ($3) returned to OnlyLuck111
OnlyLuck111 collected $11.76 from pot
*** SUMMARY ***
Total pot $12 | Rake $0.24
Board [Jd 3h 6h]
Seat 1: popeluha (big blind) folded on the Flop
Seat 3: OnlyLuck111 (button) (small blind) collected ($11.76)


PokerStars Hand #165400330916:  Hold'em Limit ($3/$6 USD) - 2017/01/30 8:21:28 ET
Table 'Ulla' 6-max Seat #4 is the button
Seat 1: popeluha ($60.95 in chips)
Seat 4: Faqquer ($77.90 in chips)
belik555 will be allowed to play after the button
Faqquer: posts small blind $1
Homasapien: is sitting out
Fabulous108: is sitting out
popeluha: posts big blind $3
*** HOLE CARDS ***
Fabulous108 leaves the table
Faqquer: raises $3 to $6
popeluha: calls $3
*** FLOP *** [5h Js As]
opdbqo joins the table at seat #6
popeluha: bets $3
Faqquer: folds
Uncalled bet ($3) returned to popeluha
popeluha collected $11.76 from pot
*** SUMMARY ***
Total pot $12 | Rake $0.24
Board [5h Js As]
Seat 1: popeluha (big blind) collected ($11.76)
Seat 4: Faqquer (button) (small blind) folded on the Flop


