PokerStars Hand #156517974542:  Hold'em Limit ($3/$6 USD) - 2016/07/27 14:29:52 ET
Table 'Ulla II' 6-max Seat #3 is the button
Seat 3: Hard10510 ($11 in chips)
Seat 4: Koraseg ($138.50 in chips)
Hard10510: posts small blind $1
Koraseg: posts big blind $3
*** HOLE CARDS ***
Hard10510: folds
Uncalled bet ($2) returned to Koraseg
Koraseg collected $2 from pot
Koraseg: doesn't show hand
*** SUMMARY ***
Total pot $2 | Rake $0
Seat 3: Hard10510 (button) (small blind) folded before Flop
Seat 4: Koraseg (big blind) collected ($2)


PokerStars Hand #156517958622:  Hold'em Limit ($3/$6 USD) - 2016/07/27 14:29:30 ET
Table 'Ulla II' 6-max Seat #4 is the button
Seat 3: Hard10510 ($29 in chips)
Seat 4: Koraseg ($121 in chips)
Koraseg: posts small blind $1
Hard10510: posts big blind $3
*** HOLE CARDS ***
Koraseg: raises $3 to $6
Hard10510: calls $3
*** FLOP *** [Ts Jc 5s]
Hard10510: checks
Koraseg: bets $3
Hard10510: raises $3 to $6
Koraseg: calls $3
*** TURN *** [Ts Jc 5s] [9d]
Hard10510: checks
Koraseg: checks
*** RIVER *** [Ts Jc 5s 9d] [4s]
Hard10510: checks
Koraseg: bets $6
Hard10510: calls $6
*** SHOW DOWN ***
Koraseg: shows [6s 2s] (a flush, Ten high)
Hard10510: mucks hand
Koraseg collected $35.50 from pot
*** SUMMARY ***
Total pot $36 | Rake $0.50
Board [Ts Jc 5s 9d 4s]
Seat 3: Hard10510 (big blind) mucked
Seat 4: Koraseg (button) (small blind) showed [6s 2s] and won ($35.50) with a flush, Ten high


PokerStars Hand #156517977728:  Hold'em Limit ($3/$6 USD) - 2016/07/27 14:29:56 ET
Table 'Ulla II' 6-max Seat #4 is the button
Seat 3: Hard10510 ($10 in chips)
Seat 4: Koraseg ($139.50 in chips)
Koraseg: posts small blind $1
Hard10510: posts big blind $3
*** HOLE CARDS ***
Koraseg: folds
Uncalled bet ($2) returned to Hard10510
Hard10510 collected $2 from pot
*** SUMMARY ***
Total pot $2 | Rake $0
Seat 3: Hard10510 (big blind) collected ($2)
Seat 4: Koraseg (button) (small blind) folded before Flop


PokerStars Hand #156517981521:  Hold'em Limit ($3/$6 USD) - 2016/07/27 14:30:01 ET
Table 'Ulla II' 6-max Seat #3 is the button
Seat 3: Hard10510 ($11 in chips)
Seat 4: Koraseg ($138.50 in chips)
Hard10510: posts small blind $1
Koraseg: posts big blind $3
*** HOLE CARDS ***
Hard10510: raises $3 to $6
Koraseg: calls $3
*** FLOP *** [Qs Js 4c]
Koraseg: checks
Hard10510: bets $3
Koraseg: folds
Uncalled bet ($3) returned to Hard10510
Hard10510 collected $11.76 from pot
*** SUMMARY ***
Total pot $12 | Rake $0.24
Board [Qs Js 4c]
Seat 3: Hard10510 (button) (small blind) collected ($11.76)
Seat 4: Koraseg (big blind) folded on the Flop


PokerStars Hand #156517989689:  Hold'em Limit ($3/$6 USD) - 2016/07/27 14:30:12 ET
Table 'Ulla II' 6-max Seat #4 is the button
Seat 3: Hard10510 ($16.76 in chips)
Seat 4: Koraseg ($132.50 in chips)
Koraseg: posts small blind $1
Hard10510: posts big blind $3
*** HOLE CARDS ***
Koraseg: raises $3 to $6
Hard10510: calls $3
*** FLOP *** [Qc Js 3d]
Hard10510: checks
Koraseg: bets $3
Hard10510: folds
Uncalled bet ($3) returned to Koraseg
Koraseg collected $11.76 from pot
Koraseg: doesn't show hand
*** SUMMARY ***
Total pot $12 | Rake $0.24
Board [Qc Js 3d]
Seat 3: Hard10510 (big blind) folded on the Flop
Seat 4: Koraseg (button) (small blind) collected ($11.76)


PokerStars Hand #156518008220:  Hold'em Limit ($3/$6 USD) - 2016/07/27 14:30:37 ET
Table 'Ulla II' 6-max Seat #4 is the button
Seat 3: Hard10510 ($21.09 in chips)
Seat 4: Koraseg ($127.50 in chips)
Koraseg: posts small blind $1
Hard10510: posts big blind $3
*** HOLE CARDS ***
Koraseg: raises $3 to $6
Hard10510: calls $3
*** FLOP *** [6h Qh Kd]
Hard10510: checks
Koraseg: bets $3
Hard10510: folds
Uncalled bet ($3) returned to Koraseg
Koraseg collected $11.76 from pot
Koraseg: doesn't show hand
*** SUMMARY ***
Total pot $12 | Rake $0.24
Board [6h Qh Kd]
Seat 3: Hard10510 (big blind) folded on the Flop
Seat 4: Koraseg (button) (small blind) collected ($11.76)


PokerStars Hand #156518016036:  Hold'em Limit ($3/$6 USD) - 2016/07/27 14:30:47 ET
Table 'Ulla II' 6-max Seat #3 is the button
Seat 3: Hard10510 ($15.09 in chips)
Seat 4: Koraseg ($133.26 in chips)
Hard10510: posts small blind $1
Koraseg: posts big blind $3
*** HOLE CARDS ***
Hard10510: raises $3 to $6
Koraseg: folds
Uncalled bet ($3) returned to Hard10510
Hard10510 collected $6 from pot
*** SUMMARY ***
Total pot $6 | Rake $0
Seat 3: Hard10510 (button) (small blind) collected ($6)
Seat 4: Koraseg (big blind) folded before Flop


PokerStars Hand #156518032122:  Hold'em Limit ($3/$6 USD) - 2016/07/27 14:31:09 ET
Table 'Ulla II' 6-max Seat #3 is the button
Seat 3: Hard10510 ($9.09 in chips)
Seat 4: Koraseg ($138.90 in chips)
Hard10510: posts small blind $1
Koraseg: posts big blind $3
*** HOLE CARDS ***
Hard10510: raises $3 to $6
Koraseg: calls $3
*** FLOP *** [Ks Kc 2c]
Koraseg: bets $3
Hard10510: raises $0.09 to $3.09 and is all-in
Koraseg: calls $0.09
*** TURN *** [Ks Kc 2c] [5s]
*** RIVER *** [Ks Kc 2c 5s] [5c]
*** SHOW DOWN ***
Koraseg: shows [Qc 8c] (a flush, King high)
Hard10510: shows [Tc Th] (two pair, Kings and Tens)
Koraseg collected $17.82 from pot
*** SUMMARY ***
Total pot $18.18 | Rake $0.36
Board [Ks Kc 2c 5s 5c]
Seat 3: Hard10510 (button) (small blind) showed [Tc Th] and lost with two pair, Kings and Tens
Seat 4: Koraseg (big blind) showed [Qc 8c] and won ($17.82) with a flush, King high


PokerStars Hand #156518020021:  Hold'em Limit ($3/$6 USD) - 2016/07/27 14:30:53 ET
Table 'Ulla II' 6-max Seat #4 is the button
Seat 3: Hard10510 ($18.09 in chips)
Seat 4: Koraseg ($130.26 in chips)
Koraseg: posts small blind $1
Hard10510: posts big blind $3
*** HOLE CARDS ***
Koraseg: raises $3 to $6
Hard10510: calls $3
*** FLOP *** [4h Qh 7d]
Hard10510: bets $3
Koraseg: calls $3
*** TURN *** [4h Qh 7d] [As]
Hard10510: checks
Koraseg: bets $6
Hard10510: folds
Uncalled bet ($6) returned to Koraseg
Koraseg collected $17.64 from pot
Koraseg: doesn't show hand
*** SUMMARY ***
Total pot $18 | Rake $0.36
Board [4h Qh 7d As]
Seat 3: Hard10510 (big blind) folded on the Turn
Seat 4: Koraseg (button) (small blind) collected ($17.64)


PokerStars Hand #156517997569:  Hold'em Limit ($3/$6 USD) - 2016/07/27 14:30:23 ET
Table 'Ulla II' 6-max Seat #3 is the button
Seat 3: Hard10510 ($10.76 in chips)
Seat 4: Koraseg ($138.26 in chips)
Hard10510: posts small blind $1
Koraseg: posts big blind $3
*** HOLE CARDS ***
Hard10510: raises $3 to $6
Koraseg: calls $3
*** FLOP *** [Ah 6h 5d]
Koraseg: bets $3
Hard10510: raises $1.76 to $4.76 and is all-in
Koraseg: calls $1.76
*** TURN *** [Ah 6h 5d] [5s]
*** RIVER *** [Ah 6h 5d 5s] [Kh]
*** SHOW DOWN ***
Koraseg: shows [3s 2s] (a pair of Fives)
Hard10510: shows [Ad 9c] (two pair, Aces and Fives)
Hard10510 collected $21.09 from pot
*** SUMMARY ***
Total pot $21.52 | Rake $0.43
Board [Ah 6h 5d 5s Kh]
Seat 3: Hard10510 (button) (small blind) showed [Ad 9c] and won ($21.09) with two pair, Aces and Fives
Seat 4: Koraseg (big blind) showed [3s 2s] and lost with a pair of Fives


PokerStars Hand #156518463210:  Hold'em Limit ($3/$6 USD) - 2016/07/27 14:40:43 ET
Table 'Ulla II' 6-max Seat #4 is the button
Seat 4: Koraseg ($154.39 in chips)
Seat 5: hairy1961 ($23.23 in chips)
Koraseg: posts small blind $1
hairy1961: posts big blind $3
*** HOLE CARDS ***
Koraseg: raises $3 to $6
hairy1961: folds
Uncalled bet ($3) returned to Koraseg
Koraseg collected $6 from pot
Koraseg: doesn't show hand
*** SUMMARY ***
Total pot $6 | Rake $0
Seat 4: Koraseg (button) (small blind) collected ($6)
Seat 5: hairy1961 (big blind) folded before Flop


PokerStars Hand #156518459150:  Hold'em Limit ($3/$6 USD) - 2016/07/27 14:40:37 ET
Table 'Ulla II' 6-max Seat #5 is the button
Seat 4: Koraseg ($153.39 in chips)
Seat 5: hairy1961 ($24.23 in chips)
hairy1961: posts small blind $1
Koraseg: posts big blind $3
*** HOLE CARDS ***
hairy1961: folds
Uncalled bet ($2) returned to Koraseg
Koraseg collected $2 from pot
Koraseg: doesn't show hand
Ag3r0n joins the table at seat #6
*** SUMMARY ***
Total pot $2 | Rake $0
Seat 4: Koraseg (big blind) collected ($2)
Seat 5: hairy1961 (button) (small blind) folded before Flop


PokerStars Hand #156518455566:  Hold'em Limit ($3/$6 USD) - 2016/07/27 14:40:32 ET
Table 'Ulla II' 6-max Seat #4 is the button
Seat 4: Koraseg ($154.39 in chips)
Seat 5: hairy1961 ($23.23 in chips)
Koraseg: posts small blind $1
hairy1961: posts big blind $3
*** HOLE CARDS ***
Koraseg: folds
Uncalled bet ($2) returned to hairy1961
hairy1961 collected $2 from pot
*** SUMMARY ***
Total pot $2 | Rake $0
Seat 4: Koraseg (button) (small blind) folded before Flop
Seat 5: hairy1961 (big blind) collected ($2)


