PokerStars Hand #146097277821:  Hold'em Limit ($3/$6 USD) - 2015/12/29 0:43:13 ET
Table 'Ulrike' 6-max Seat #2 is the button
Seat 1: Velbor107 ($305.76 in chips)
Seat 2: conkris ($108.68 in chips)
conkris: posts small blind $1
Velbor107: posts big blind $3
*** HOLE CARDS ***
conkris: folds
Uncalled bet ($2) returned to Velbor107
Velbor107 collected $2 from pot
*** SUMMARY ***
Total pot $2 | Rake $0
Seat 1: Velbor107 (big blind) collected ($2)
Seat 2: conkris (button) (small blind) folded before Flop


PokerStars Hand #146097274310:  Hold'em Limit ($3/$6 USD) - 2015/12/29 0:43:00 ET
Table 'Ulrike' 6-max Seat #1 is the button
Seat 1: Velbor107 ($300 in chips)
Seat 2: conkris ($114.68 in chips)
Velbor107: posts small blind $1
conkris: posts big blind $3
*** HOLE CARDS ***
Velbor107: raises $3 to $6
conkris: calls $3
*** FLOP *** [Ad 7d 7s]
conkris: checks
Velbor107: bets $3
conkris: folds
Uncalled bet ($3) returned to Velbor107
Velbor107 collected $11.76 from pot
*** SUMMARY ***
Total pot $12 | Rake $0.24
Board [Ad 7d 7s]
Seat 1: Velbor107 (button) (small blind) collected ($11.76)
Seat 2: conkris (big blind) folded on the Flop


PokerStars Hand #146097279234:  Hold'em Limit ($3/$6 USD) - 2015/12/29 0:43:18 ET
Table 'Ulrike' 6-max Seat #1 is the button
Seat 1: Velbor107 ($306.76 in chips)
Seat 2: conkris ($107.68 in chips)
Velbor107: posts small blind $1
conkris: posts big blind $3
*** HOLE CARDS ***
Velbor107: raises $3 to $6
conkris: calls $3
*** FLOP *** [5s Jd Qc]
conkris: checks
Velbor107: bets $3
conkris: calls $3
*** TURN *** [5s Jd Qc] [Ac]
conkris: checks
Velbor107: checks
*** RIVER *** [5s Jd Qc Ac] [8c]
conkris: bets $6
Velbor107: calls $6
*** SHOW DOWN ***
conkris: shows [Tc Qh] (a pair of Queens)
Velbor107: mucks hand
conkris collected $29.50 from pot
*** SUMMARY ***
Total pot $30 | Rake $0.50
Board [5s Jd Qc Ac 8c]
Seat 1: Velbor107 (button) (small blind) mucked
Seat 2: conkris (big blind) showed [Tc Qh] and won ($29.50) with a pair of Queens


PokerStars Hand #146097285405:  Hold'em Limit ($3/$6 USD) - 2015/12/29 0:43:39 ET
Table 'Ulrike' 6-max Seat #2 is the button
Seat 1: Velbor107 ($291.76 in chips)
Seat 2: conkris ($122.18 in chips)
conkris: posts small blind $1
Velbor107: posts big blind $3
*** HOLE CARDS ***
conkris: folds
Uncalled bet ($2) returned to Velbor107
Velbor107 collected $2 from pot
*** SUMMARY ***
Total pot $2 | Rake $0
Seat 1: Velbor107 (big blind) collected ($2)
Seat 2: conkris (button) (small blind) folded before Flop


PokerStars Hand #146097286824:  Hold'em Limit ($3/$6 USD) - 2015/12/29 0:43:44 ET
Table 'Ulrike' 6-max Seat #1 is the button
Seat 1: Velbor107 ($292.76 in chips)
Seat 2: conkris ($121.18 in chips)
Velbor107: posts small blind $1
conkris: posts big blind $3
*** HOLE CARDS ***
Velbor107: raises $3 to $6
conkris: raises $3 to $9
Velbor107: calls $3
*** FLOP *** [6d Qd Ks]
conkris: bets $3
Velbor107: calls $3
*** TURN *** [6d Qd Ks] [4c]
conkris: bets $6
Velbor107: raises $6 to $12
conkris: calls $6
*** RIVER *** [6d Qd Ks 4c] [5d]
conkris: checks
Velbor107: bets $6
conkris: calls $6
*** SHOW DOWN ***
Velbor107: shows [4s Kd] (two pair, Kings and Fours)
conkris: mucks hand
Velbor107 collected $59.50 from pot
*** SUMMARY ***
Total pot $60 | Rake $0.50
Board [6d Qd Ks 4c 5d]
Seat 1: Velbor107 (button) (small blind) showed [4s Kd] and won ($59.50) with two pair, Kings and Fours
Seat 2: conkris (big blind) mucked


PokerStars Hand #146097293751:  Hold'em Limit ($3/$6 USD) - 2015/12/29 0:44:09 ET
Table 'Ulrike' 6-max Seat #2 is the button
Seat 1: Velbor107 ($322.26 in chips)
Seat 2: conkris ($91.18 in chips)
conkris: posts small blind $1
Velbor107: posts big blind $3
*** HOLE CARDS ***
conkris: raises $3 to $6
Velbor107: calls $3
*** FLOP *** [9s Th 9h]
Velbor107: checks
conkris: bets $3
Velbor107: raises $3 to $6
conkris: calls $3
*** TURN *** [9s Th 9h] [Td]
Velbor107: bets $6
conkris: calls $6
*** RIVER *** [9s Th 9h Td] [5h]
Velbor107: bets $6
conkris: calls $6
*** SHOW DOWN ***
Velbor107: shows [7c 9d] (a full house, Nines full of Tens)
conkris: mucks hand
Velbor107 collected $47.50 from pot
*** SUMMARY ***
Total pot $48 | Rake $0.50
Board [9s Th 9h Td 5h]
Seat 1: Velbor107 (big blind) showed [7c 9d] and won ($47.50) with a full house, Nines full of Tens
Seat 2: conkris (button) (small blind) mucked


PokerStars Hand #146097306363:  Hold'em Limit ($3/$6 USD) - 2015/12/29 0:44:54 ET
Table 'Ulrike' 6-max Seat #2 is the button
Seat 1: Velbor107 ($351.52 in chips)
Seat 2: conkris ($61.18 in chips)
conkris: posts small blind $1
Velbor107: posts big blind $3
*** HOLE CARDS ***
conkris: folds
Uncalled bet ($2) returned to Velbor107
Velbor107 collected $2 from pot
*** SUMMARY ***
Total pot $2 | Rake $0
Seat 1: Velbor107 (big blind) collected ($2)
Seat 2: conkris (button) (small blind) folded before Flop


PokerStars Hand #146097303212:  Hold'em Limit ($3/$6 USD) - 2015/12/29 0:44:43 ET
Table 'Ulrike' 6-max Seat #1 is the button
Seat 1: Velbor107 ($345.76 in chips)
Seat 2: conkris ($67.18 in chips)
Velbor107: posts small blind $1
conkris: posts big blind $3
*** HOLE CARDS ***
Velbor107: raises $3 to $6
conkris: calls $3
*** FLOP *** [Td 2d Kh]
conkris: checks
Velbor107: bets $3
conkris: folds
Uncalled bet ($3) returned to Velbor107
Velbor107 collected $11.76 from pot
*** SUMMARY ***
Total pot $12 | Rake $0.24
Board [Td 2d Kh]
Seat 1: Velbor107 (button) (small blind) collected ($11.76)
Seat 2: conkris (big blind) folded on the Flop


PokerStars Hand #146097307757:  Hold'em Limit ($3/$6 USD) - 2015/12/29 0:44:59 ET
Table 'Ulrike' 6-max Seat #1 is the button
Seat 1: Velbor107 ($352.52 in chips)
Seat 2: conkris ($60.18 in chips)
Velbor107: posts small blind $1
conkris: posts big blind $3
*** HOLE CARDS ***
Velbor107: folds
Uncalled bet ($2) returned to conkris
conkris collected $2 from pot
conkris: doesn't show hand
*** SUMMARY ***
Total pot $2 | Rake $0
Seat 1: Velbor107 (button) (small blind) folded before Flop
Seat 2: conkris (big blind) collected ($2)


PokerStars Hand #146097310802:  Hold'em Limit ($3/$6 USD) - 2015/12/29 0:45:10 ET
Table 'Ulrike' 6-max Seat #1 is the button
Seat 1: Velbor107 ($352.52 in chips)
Seat 2: conkris ($60.18 in chips)
Velbor107: posts small blind $1
conkris: posts big blind $3
*** HOLE CARDS ***
Velbor107: raises $3 to $6
conkris: calls $3
*** FLOP *** [7s Qs Td]
conkris: checks
Velbor107: checks
*** TURN *** [7s Qs Td] [3d]
conkris: bets $6
Velbor107: folds
Uncalled bet ($6) returned to conkris
conkris collected $11.76 from pot
conkris: doesn't show hand
*** SUMMARY ***
Total pot $12 | Rake $0.24
Board [7s Qs Td 3d]
Seat 1: Velbor107 (button) (small blind) folded on the Turn
Seat 2: conkris (big blind) collected ($11.76)


PokerStars Hand #146097309400:  Hold'em Limit ($3/$6 USD) - 2015/12/29 0:45:05 ET
Table 'Ulrike' 6-max Seat #2 is the button
Seat 1: Velbor107 ($351.52 in chips)
Seat 2: conkris ($61.18 in chips)
conkris: posts small blind $1
Velbor107: posts big blind $3
*** HOLE CARDS ***
conkris: folds
Uncalled bet ($2) returned to Velbor107
Velbor107 collected $2 from pot
*** SUMMARY ***
Total pot $2 | Rake $0
Seat 1: Velbor107 (big blind) collected ($2)
Seat 2: conkris (button) (small blind) folded before Flop


PokerStars Hand #146097321222:  Hold'em Limit ($3/$6 USD) - 2015/12/29 0:45:47 ET
Table 'Ulrike' 6-max Seat #2 is the button
Seat 1: Velbor107 ($346.52 in chips)
Seat 2: conkris ($65.94 in chips)
conkris: posts small blind $1
Velbor107: posts big blind $3
*** HOLE CARDS ***
conkris: calls $2
Velbor107: checks
*** FLOP *** [3h 2d 6c]
Velbor107: checks
conkris: checks
*** TURN *** [3h 2d 6c] [Tc]
Velbor107: checks
conkris: checks
*** RIVER *** [3h 2d 6c Tc] [2h]
Velbor107: checks
conkris: checks
*** SHOW DOWN ***
Velbor107: shows [9s 7c] (a pair of Deuces)
conkris: shows [9h 8d] (a pair of Deuces - Ten+Nine+Eight kicker)
conkris collected $5.88 from pot
*** SUMMARY ***
Total pot $6 | Rake $0.12
Board [3h 2d 6c Tc 2h]
Seat 1: Velbor107 (big blind) showed [9s 7c] and lost with a pair of Deuces
Seat 2: conkris (button) (small blind) showed [9h 8d] and won ($5.88) with a pair of Deuces


PokerStars Hand #146097332091:  Hold'em Limit ($3/$6 USD) - 2015/12/29 0:46:26 ET
Table 'Ulrike' 6-max Seat #1 is the button
Seat 1: Velbor107 ($343.52 in chips)
Seat 2: conkris ($68.82 in chips)
Velbor107: posts small blind $1
conkris: posts big blind $3
*** HOLE CARDS ***
Velbor107: raises $3 to $6
conkris: folds
Uncalled bet ($3) returned to Velbor107
Velbor107 collected $6 from pot
*** SUMMARY ***
Total pot $6 | Rake $0
Seat 1: Velbor107 (button) (small blind) collected ($6)
Seat 2: conkris (big blind) folded before Flop


PokerStars Hand #146097334847:  Hold'em Limit ($3/$6 USD) - 2015/12/29 0:46:36 ET
Table 'Ulrike' 6-max Seat #2 is the button
Seat 1: Velbor107 ($346.52 in chips)
Seat 2: conkris ($65.82 in chips)
conkris: posts small blind $1
Velbor107: posts big blind $3
*** HOLE CARDS ***
conkris: calls $2
Velbor107: raises $3 to $6
conkris: calls $3
*** FLOP *** [7c 2c 7d]
Velbor107: bets $3
conkris: calls $3
*** TURN *** [7c 2c 7d] [Ah]
Velbor107: checks
conkris: checks
*** RIVER *** [7c 2c 7d Ah] [8s]
Velbor107: checks
conkris: checks
*** SHOW DOWN ***
Velbor107: shows [Kc Qh] (a pair of Sevens)
conkris: mucks hand
Velbor107 collected $17.64 from pot
*** SUMMARY ***
Total pot $18 | Rake $0.36
Board [7c 2c 7d Ah 8s]
Seat 1: Velbor107 (big blind) showed [Kc Qh] and won ($17.64) with a pair of Sevens
Seat 2: conkris (button) (small blind) mucked


PokerStars Hand #146097340796:  Hold'em Limit ($3/$6 USD) - 2015/12/29 0:46:57 ET
Table 'Ulrike' 6-max Seat #1 is the button
Seat 1: Velbor107 ($355.16 in chips)
Seat 2: conkris ($56.82 in chips)
Velbor107: posts small blind $1
conkris: posts big blind $3
*** HOLE CARDS ***
Velbor107: folds
Uncalled bet ($2) returned to conkris
conkris collected $2 from pot
conkris: doesn't show hand
*** SUMMARY ***
Total pot $2 | Rake $0
Seat 1: Velbor107 (button) (small blind) folded before Flop
Seat 2: conkris (big blind) collected ($2)


PokerStars Hand #146097342919:  Hold'em Limit ($3/$6 USD) - 2015/12/29 0:47:05 ET
Table 'Ulrike' 6-max Seat #2 is the button
Seat 1: Velbor107 ($354.16 in chips)
Seat 2: conkris ($57.82 in chips)
conkris: posts small blind $1
Velbor107: posts big blind $3
*** HOLE CARDS ***
conkris: raises $3 to $6
Velbor107: calls $3
*** FLOP *** [Ah Jh Ts]
Velbor107: checks
conkris: bets $3
Velbor107: calls $3
*** TURN *** [Ah Jh Ts] [6d]
Velbor107: checks
conkris: checks
*** RIVER *** [Ah Jh Ts 6d] [3s]
Velbor107: bets $6
conkris: folds
Uncalled bet ($6) returned to Velbor107
Velbor107 collected $17.64 from pot
*** SUMMARY ***
Total pot $18 | Rake $0.36
Board [Ah Jh Ts 6d 3s]
Seat 1: Velbor107 (big blind) collected ($17.64)
Seat 2: conkris (button) (small blind) folded on the River


PokerStars Hand #146097351360:  Hold'em Limit ($3/$6 USD) - 2015/12/29 0:47:34 ET
Table 'Ulrike' 6-max Seat #1 is the button
Seat 1: Velbor107 ($362.80 in chips)
Seat 2: conkris ($48.82 in chips)
Velbor107: posts small blind $1
conkris: posts big blind $3
*** HOLE CARDS ***
Velbor107: raises $3 to $6
conkris: calls $3
*** FLOP *** [4d 3h Kc]
conkris: checks
Velbor107: bets $3
conkris: calls $3
*** TURN *** [4d 3h Kc] [8h]
conkris: checks
Velbor107: checks
*** RIVER *** [4d 3h Kc 8h] [Jd]
conkris: bets $6
Velbor107: calls $6
*** SHOW DOWN ***
conkris: shows [6h 5d] (high card King)
Velbor107: shows [Js 9d] (a pair of Jacks)
Velbor107 collected $29.50 from pot
*** SUMMARY ***
Total pot $30 | Rake $0.50
Board [4d 3h Kc 8h Jd]
Seat 1: Velbor107 (button) (small blind) showed [Js 9d] and won ($29.50) with a pair of Jacks
Seat 2: conkris (big blind) showed [6h 5d] and lost with high card King


PokerStars Hand #146097363450:  Hold'em Limit ($3/$6 USD) - 2015/12/29 0:48:17 ET
Table 'Ulrike' 6-max Seat #1 is the button
Seat 1: Velbor107 ($378.30 in chips)
Seat 2: conkris ($32.82 in chips)
Velbor107: posts small blind $1
conkris: posts big blind $3
*** HOLE CARDS ***
Velbor107: folds
Uncalled bet ($2) returned to conkris
conkris collected $2 from pot
conkris: doesn't show hand
*** SUMMARY ***
Total pot $2 | Rake $0
Seat 1: Velbor107 (button) (small blind) folded before Flop
Seat 2: conkris (big blind) collected ($2)


PokerStars Hand #146097373330:  Hold'em Limit ($3/$6 USD) - 2015/12/29 0:48:51 ET
Table 'Ulrike' 6-max Seat #1 is the button
Seat 1: Velbor107 ($385.94 in chips)
Seat 2: conkris ($24.82 in chips)
Velbor107: posts small blind $1
conkris: posts big blind $3
*** HOLE CARDS ***
Velbor107: raises $3 to $6
conkris: raises $3 to $9
Velbor107: calls $3
*** FLOP *** [9c Kc 5c]
conkris: bets $3
Velbor107: folds
Uncalled bet ($3) returned to conkris
conkris collected $17.64 from pot
conkris: doesn't show hand
*** SUMMARY ***
Total pot $18 | Rake $0.36
Board [9c Kc 5c]
Seat 1: Velbor107 (button) (small blind) folded on the Flop
Seat 2: conkris (big blind) collected ($17.64)


PokerStars Hand #146097366117:  Hold'em Limit ($3/$6 USD) - 2015/12/29 0:48:26 ET
Table 'Ulrike' 6-max Seat #2 is the button
Seat 1: Velbor107 ($377.30 in chips)
Seat 2: conkris ($33.82 in chips)
conkris: posts small blind $1
Velbor107: posts big blind $3
*** HOLE CARDS ***
conkris: raises $3 to $6
Velbor107: calls $3
*** FLOP *** [2d 8d Ks]
Velbor107: checks
conkris: bets $3
Velbor107: calls $3
*** TURN *** [2d 8d Ks] [Jd]
Velbor107: checks
conkris: checks
*** RIVER *** [2d 8d Ks Jd] [Qs]
Velbor107: checks
conkris: checks
*** SHOW DOWN ***
Velbor107: shows [Js 9d] (a pair of Jacks)
conkris: mucks hand
Velbor107 collected $17.64 from pot
*** SUMMARY ***
Total pot $18 | Rake $0.36
Board [2d 8d Ks Jd Qs]
Seat 1: Velbor107 (big blind) showed [Js 9d] and won ($17.64) with a pair of Jacks
Seat 2: conkris (button) (small blind) mucked


PokerStars Hand #146097361507:  Hold'em Limit ($3/$6 USD) - 2015/12/29 0:48:10 ET
Table 'Ulrike' 6-max Seat #2 is the button
Seat 1: Velbor107 ($377.30 in chips)
Seat 2: conkris ($33.82 in chips)
conkris: posts small blind $1
Velbor107: posts big blind $3
*** HOLE CARDS ***
conkris: folds
Uncalled bet ($2) returned to Velbor107
Velbor107 collected $2 from pot
*** SUMMARY ***
Total pot $2 | Rake $0
Seat 1: Velbor107 (big blind) collected ($2)
Seat 2: conkris (button) (small blind) folded before Flop


PokerStars Hand #146097381873:  Hold'em Limit ($3/$6 USD) - 2015/12/29 0:49:22 ET
Table 'Ulrike' 6-max Seat #1 is the button
Seat 1: Velbor107 ($381.94 in chips)
Seat 2: conkris ($28.46 in chips)
Velbor107: posts small blind $1
conkris: posts big blind $3
*** HOLE CARDS ***
Velbor107: raises $3 to $6
conkris: folds
Uncalled bet ($3) returned to Velbor107
Velbor107 collected $6 from pot
*** SUMMARY ***
Total pot $6 | Rake $0
Seat 1: Velbor107 (button) (small blind) collected ($6)
Seat 2: conkris (big blind) folded before Flop


PokerStars Hand #146097380433:  Hold'em Limit ($3/$6 USD) - 2015/12/29 0:49:17 ET
Table 'Ulrike' 6-max Seat #2 is the button
Seat 1: Velbor107 ($380.94 in chips)
Seat 2: conkris ($29.46 in chips)
conkris: posts small blind $1
Velbor107: posts big blind $3
*** HOLE CARDS ***
conkris: folds
Uncalled bet ($2) returned to Velbor107
Velbor107 collected $2 from pot
*** SUMMARY ***
Total pot $2 | Rake $0
Seat 1: Velbor107 (big blind) collected ($2)
Seat 2: conkris (button) (small blind) folded before Flop


PokerStars Hand #146097378925:  Hold'em Limit ($3/$6 USD) - 2015/12/29 0:49:11 ET
Table 'Ulrike' 6-max Seat #1 is the button
Seat 1: Velbor107 ($377.94 in chips)
Seat 2: conkris ($32.46 in chips)
Velbor107: posts small blind $1
conkris: posts big blind $3
*** HOLE CARDS ***
Velbor107: raises $3 to $6
conkris: folds
Uncalled bet ($3) returned to Velbor107
Velbor107 collected $6 from pot
*** SUMMARY ***
Total pot $6 | Rake $0
Seat 1: Velbor107 (button) (small blind) collected ($6)
Seat 2: conkris (big blind) folded before Flop


PokerStars Hand #146097377558:  Hold'em Limit ($3/$6 USD) - 2015/12/29 0:49:06 ET
Table 'Ulrike' 6-max Seat #2 is the button
Seat 1: Velbor107 ($376.94 in chips)
Seat 2: conkris ($33.46 in chips)
conkris: posts small blind $1
Velbor107: posts big blind $3
*** HOLE CARDS ***
conkris: folds
Uncalled bet ($2) returned to Velbor107
Velbor107 collected $2 from pot
*** SUMMARY ***
Total pot $2 | Rake $0
Seat 1: Velbor107 (big blind) collected ($2)
Seat 2: conkris (button) (small blind) folded before Flop


PokerStars Hand #146097399099:  Hold'em Limit ($3/$6 USD) - 2015/12/29 0:50:23 ET
Table 'Ulrike' 6-max Seat #1 is the button
Seat 1: Velbor107 ($378.94 in chips)
Seat 2: conkris ($31.22 in chips)
Velbor107: posts small blind $1
conkris: posts big blind $3
*** HOLE CARDS ***
Velbor107: raises $3 to $6
conkris: raises $3 to $9
Velbor107: calls $3
*** FLOP *** [As 7c Td]
conkris: bets $3
Velbor107: calls $3
*** TURN *** [As 7c Td] [3d]
conkris: bets $6
Velbor107: calls $6
*** RIVER *** [As 7c Td 3d] [4s]
conkris: bets $6
Velbor107: calls $6
*** SHOW DOWN ***
conkris: shows [6h Ac] (a pair of Aces)
Velbor107: mucks hand
conkris collected $47.50 from pot
*** SUMMARY ***
Total pot $48 | Rake $0.50
Board [As 7c Td 3d 4s]
Seat 1: Velbor107 (button) (small blind) mucked
Seat 2: conkris (big blind) showed [6h Ac] and won ($47.50) with a pair of Aces


PokerStars Hand #146097383589:  Hold'em Limit ($3/$6 USD) - 2015/12/29 0:49:28 ET
Table 'Ulrike' 6-max Seat #2 is the button
Seat 1: Velbor107 ($384.94 in chips)
Seat 2: conkris ($25.46 in chips)
conkris: posts small blind $1
Velbor107: posts big blind $3
*** HOLE CARDS ***
conkris: raises $3 to $6
Velbor107: calls $3
*** FLOP *** [8s Ts 3c]
Velbor107: checks
conkris: bets $3
Velbor107: folds
Uncalled bet ($3) returned to conkris
conkris collected $11.76 from pot
conkris: doesn't show hand
*** SUMMARY ***
Total pot $12 | Rake $0.24
Board [8s Ts 3c]
Seat 1: Velbor107 (big blind) folded on the Flop
Seat 2: conkris (button) (small blind) collected ($11.76)


PokerStars Hand #146097422839:  Hold'em Limit ($3/$6 USD) - 2015/12/29 0:51:49 ET
Table 'Ulrike' 6-max Seat #2 is the button
Seat 1: Velbor107 ($358.94 in chips)
Seat 2: conkris ($50.72 in chips)
conkris: posts small blind $1
Velbor107: posts big blind $3
*** HOLE CARDS ***
conkris: raises $3 to $6
Velbor107: folds
Uncalled bet ($3) returned to conkris
conkris collected $6 from pot
conkris: doesn't show hand
*** SUMMARY ***
Total pot $6 | Rake $0
Seat 1: Velbor107 (big blind) folded before Flop
Seat 2: conkris (button) (small blind) collected ($6)


PokerStars Hand #146097421512:  Hold'em Limit ($3/$6 USD) - 2015/12/29 0:51:44 ET
Table 'Ulrike' 6-max Seat #1 is the button
Seat 1: Velbor107 ($359.94 in chips)
Seat 2: conkris ($49.72 in chips)
Velbor107: posts small blind $1
conkris: posts big blind $3
*** HOLE CARDS ***
Velbor107: folds
Uncalled bet ($2) returned to conkris
conkris collected $2 from pot
conkris: doesn't show hand
*** SUMMARY ***
Total pot $2 | Rake $0
Seat 1: Velbor107 (button) (small blind) folded before Flop
Seat 2: conkris (big blind) collected ($2)


PokerStars Hand #146097420147:  Hold'em Limit ($3/$6 USD) - 2015/12/29 0:51:39 ET
Table 'Ulrike' 6-max Seat #2 is the button
Seat 1: Velbor107 ($358.94 in chips)
Seat 2: conkris ($50.72 in chips)
conkris: posts small blind $1
Velbor107: posts big blind $3
*** HOLE CARDS ***
conkris: folds
Uncalled bet ($2) returned to Velbor107
Velbor107 collected $2 from pot
*** SUMMARY ***
Total pot $2 | Rake $0
Seat 1: Velbor107 (big blind) collected ($2)
Seat 2: conkris (button) (small blind) folded before Flop


PokerStars Hand #146097418649:  Hold'em Limit ($3/$6 USD) - 2015/12/29 0:51:33 ET
Table 'Ulrike' 6-max Seat #1 is the button
Seat 1: Velbor107 ($355.94 in chips)
Seat 2: conkris ($53.72 in chips)
Velbor107: posts small blind $1
conkris: posts big blind $3
*** HOLE CARDS ***
Velbor107: raises $3 to $6
conkris: folds
Uncalled bet ($3) returned to Velbor107
Velbor107 collected $6 from pot
*** SUMMARY ***
Total pot $6 | Rake $0
Seat 1: Velbor107 (button) (small blind) collected ($6)
Seat 2: conkris (big blind) folded before Flop


PokerStars Hand #146097417142:  Hold'em Limit ($3/$6 USD) - 2015/12/29 0:51:28 ET
Table 'Ulrike' 6-max Seat #2 is the button
Seat 1: Velbor107 ($354.94 in chips)
Seat 2: conkris ($54.72 in chips)
conkris: posts small blind $1
Velbor107: posts big blind $3
*** HOLE CARDS ***
conkris: folds
Uncalled bet ($2) returned to Velbor107
Velbor107 collected $2 from pot
*** SUMMARY ***
Total pot $2 | Rake $0
Seat 1: Velbor107 (big blind) collected ($2)
Seat 2: conkris (button) (small blind) folded before Flop


PokerStars Hand #146097415619:  Hold'em Limit ($3/$6 USD) - 2015/12/29 0:51:23 ET
Table 'Ulrike' 6-max Seat #1 is the button
Seat 1: Velbor107 ($351.94 in chips)
Seat 2: conkris ($57.72 in chips)
Velbor107: posts small blind $1
conkris: posts big blind $3
*** HOLE CARDS ***
Velbor107: raises $3 to $6
conkris: folds
Uncalled bet ($3) returned to Velbor107
Velbor107 collected $6 from pot
*** SUMMARY ***
Total pot $6 | Rake $0
Seat 1: Velbor107 (button) (small blind) collected ($6)
Seat 2: conkris (big blind) folded before Flop


PokerStars Hand #146097413650:  Hold'em Limit ($3/$6 USD) - 2015/12/29 0:51:16 ET
Table 'Ulrike' 6-max Seat #2 is the button
Seat 1: Velbor107 ($354.94 in chips)
Seat 2: conkris ($54.72 in chips)
conkris: posts small blind $1
Velbor107: posts big blind $3
*** HOLE CARDS ***
conkris: raises $3 to $6
Velbor107: folds
Uncalled bet ($3) returned to conkris
conkris collected $6 from pot
conkris: doesn't show hand
*** SUMMARY ***
Total pot $6 | Rake $0
Seat 1: Velbor107 (big blind) folded before Flop
Seat 2: conkris (button) (small blind) collected ($6)


PokerStars Hand #146097427121:  Hold'em Limit ($3/$6 USD) - 2015/12/29 0:52:04 ET
Table 'Ulrike' 6-max Seat #2 is the button
Seat 1: Velbor107 ($358.94 in chips)
Seat 2: conkris ($50.72 in chips)
conkris: posts small blind $1
Velbor107: posts big blind $3
*** HOLE CARDS ***
conkris: raises $3 to $6
Velbor107: folds
Uncalled bet ($3) returned to conkris
conkris collected $6 from pot
conkris: doesn't show hand
*** SUMMARY ***
Total pot $6 | Rake $0
Seat 1: Velbor107 (big blind) folded before Flop
Seat 2: conkris (button) (small blind) collected ($6)


PokerStars Hand #146097424714:  Hold'em Limit ($3/$6 USD) - 2015/12/29 0:51:56 ET
Table 'Ulrike' 6-max Seat #1 is the button
Seat 1: Velbor107 ($355.94 in chips)
Seat 2: conkris ($53.72 in chips)
Velbor107: posts small blind $1
conkris: posts big blind $3
*** HOLE CARDS ***
Velbor107: raises $3 to $6
conkris: folds
Uncalled bet ($3) returned to Velbor107
Velbor107 collected $6 from pot
*** SUMMARY ***
Total pot $6 | Rake $0
Seat 1: Velbor107 (button) (small blind) collected ($6)
Seat 2: conkris (big blind) folded before Flop


PokerStars Hand #146097412400:  Hold'em Limit ($3/$6 USD) - 2015/12/29 0:51:11 ET
Table 'Ulrike' 6-max Seat #1 is the button
Seat 1: Velbor107 ($355.94 in chips)
Seat 2: conkris ($53.72 in chips)
Velbor107: posts small blind $1
conkris: posts big blind $3
*** HOLE CARDS ***
Velbor107: folds
Uncalled bet ($2) returned to conkris
conkris collected $2 from pot
conkris: doesn't show hand
*** SUMMARY ***
Total pot $2 | Rake $0
Seat 1: Velbor107 (button) (small blind) folded before Flop
Seat 2: conkris (big blind) collected ($2)


PokerStars Hand #146097410873:  Hold'em Limit ($3/$6 USD) - 2015/12/29 0:51:05 ET
Table 'Ulrike' 6-max Seat #2 is the button
Seat 1: Velbor107 ($354.94 in chips)
Seat 2: conkris ($54.72 in chips)
conkris: posts small blind $1
Velbor107: posts big blind $3
*** HOLE CARDS ***
conkris: folds
Uncalled bet ($2) returned to Velbor107
Velbor107 collected $2 from pot
*** SUMMARY ***
Total pot $2 | Rake $0
Seat 1: Velbor107 (big blind) collected ($2)
Seat 2: conkris (button) (small blind) folded before Flop


PokerStars Hand #146097435782:  Hold'em Limit ($3/$6 USD) - 2015/12/29 0:52:36 ET
Table 'Ulrike' 6-max Seat #1 is the button
Seat 1: Velbor107 ($348.94 in chips)
Seat 2: conkris ($60.48 in chips)
Velbor107: posts small blind $1
conkris: posts big blind $3
*** HOLE CARDS ***
Velbor107: raises $3 to $6
conkris: calls $3
*** FLOP *** [7s 5s 3d]
conkris: checks
Velbor107: bets $3
conkris: calls $3
*** TURN *** [7s 5s 3d] [9s]
conkris: checks
Velbor107: bets $6
conkris: folds
Uncalled bet ($6) returned to Velbor107
Velbor107 collected $17.64 from pot
*** SUMMARY ***
Total pot $18 | Rake $0.36
Board [7s 5s 3d 9s]
Seat 1: Velbor107 (button) (small blind) collected ($17.64)
Seat 2: conkris (big blind) folded on the Turn


PokerStars Hand #146097434387:  Hold'em Limit ($3/$6 USD) - 2015/12/29 0:52:31 ET
Table 'Ulrike' 6-max Seat #2 is the button
Seat 1: Velbor107 ($347.94 in chips)
Seat 2: conkris ($61.48 in chips)
conkris: posts small blind $1
Velbor107: posts big blind $3
*** HOLE CARDS ***
conkris: folds
Uncalled bet ($2) returned to Velbor107
Velbor107 collected $2 from pot
*** SUMMARY ***
Total pot $2 | Rake $0
Seat 1: Velbor107 (big blind) collected ($2)
Seat 2: conkris (button) (small blind) folded before Flop


PokerStars Hand #146097433139:  Hold'em Limit ($3/$6 USD) - 2015/12/29 0:52:26 ET
Table 'Ulrike' 6-max Seat #1 is the button
Seat 1: Velbor107 ($348.94 in chips)
Seat 2: conkris ($60.48 in chips)
Velbor107: posts small blind $1
conkris: posts big blind $3
*** HOLE CARDS ***
Velbor107: folds
Uncalled bet ($2) returned to conkris
conkris collected $2 from pot
conkris: doesn't show hand
*** SUMMARY ***
Total pot $2 | Rake $0
Seat 1: Velbor107 (button) (small blind) folded before Flop
Seat 2: conkris (big blind) collected ($2)


PokerStars Hand #146097429753:  Hold'em Limit ($3/$6 USD) - 2015/12/29 0:52:14 ET
Table 'Ulrike' 6-max Seat #2 is the button
Seat 1: Velbor107 ($354.94 in chips)
Seat 2: conkris ($54.72 in chips)
conkris: posts small blind $1
Velbor107: posts big blind $3
*** HOLE CARDS ***
conkris: raises $3 to $6
Velbor107: calls $3
*** FLOP *** [Jd Ah 9d]
Velbor107: checks
conkris: bets $3
Velbor107: folds
Uncalled bet ($3) returned to conkris
conkris collected $11.76 from pot
conkris: doesn't show hand
*** SUMMARY ***
Total pot $12 | Rake $0.24
Board [Jd Ah 9d]
Seat 1: Velbor107 (big blind) folded on the Flop
Seat 2: conkris (button) (small blind) collected ($11.76)


PokerStars Hand #146097428542:  Hold'em Limit ($3/$6 USD) - 2015/12/29 0:52:10 ET
Table 'Ulrike' 6-max Seat #1 is the button
Seat 1: Velbor107 ($355.94 in chips)
Seat 2: conkris ($53.72 in chips)
Velbor107: posts small blind $1
conkris: posts big blind $3
*** HOLE CARDS ***
Velbor107: folds
Uncalled bet ($2) returned to conkris
conkris collected $2 from pot
conkris: doesn't show hand
*** SUMMARY ***
Total pot $2 | Rake $0
Seat 1: Velbor107 (button) (small blind) folded before Flop
Seat 2: conkris (big blind) collected ($2)


PokerStars Hand #146097456379:  Hold'em Limit ($3/$6 USD) - 2015/12/29 0:53:51 ET
Table 'Ulrike' 6-max Seat #1 is the button
Seat 1: Velbor107 ($352.58 in chips)
Seat 2: conkris ($56.12 in chips)
Velbor107: posts small blind $1
conkris: posts big blind $3
*** HOLE CARDS ***
Velbor107: folds
Uncalled bet ($2) returned to conkris
conkris collected $2 from pot
conkris: doesn't show hand
*** SUMMARY ***
Total pot $2 | Rake $0
Seat 1: Velbor107 (button) (small blind) folded before Flop
Seat 2: conkris (big blind) collected ($2)


PokerStars Hand #146097455068:  Hold'em Limit ($3/$6 USD) - 2015/12/29 0:53:46 ET
Table 'Ulrike' 6-max Seat #2 is the button
Seat 1: Velbor107 ($351.58 in chips)
Seat 2: conkris ($57.12 in chips)
conkris: posts small blind $1
Velbor107: posts big blind $3
*** HOLE CARDS ***
conkris: folds
Uncalled bet ($2) returned to Velbor107
Velbor107 collected $2 from pot
*** SUMMARY ***
Total pot $2 | Rake $0
Seat 1: Velbor107 (big blind) collected ($2)
Seat 2: conkris (button) (small blind) folded before Flop


PokerStars Hand #146097453361:  Hold'em Limit ($3/$6 USD) - 2015/12/29 0:53:40 ET
Table 'Ulrike' 6-max Seat #1 is the button
Seat 1: Velbor107 ($348.58 in chips)
Seat 2: conkris ($60.12 in chips)
Velbor107: posts small blind $1
conkris: posts big blind $3
*** HOLE CARDS ***
Velbor107: raises $3 to $6
conkris: folds
Uncalled bet ($3) returned to Velbor107
Velbor107 collected $6 from pot
*** SUMMARY ***
Total pot $6 | Rake $0
Seat 1: Velbor107 (button) (small blind) collected ($6)
Seat 2: conkris (big blind) folded before Flop


PokerStars Hand #146097441600:  Hold'em Limit ($3/$6 USD) - 2015/12/29 0:52:57 ET
Table 'Ulrike' 6-max Seat #2 is the button
Seat 1: Velbor107 ($357.58 in chips)
Seat 2: conkris ($51.48 in chips)
conkris: posts small blind $1
Velbor107: posts big blind $3
*** HOLE CARDS ***
conkris: raises $3 to $6
Velbor107: calls $3
*** FLOP *** [8c 8d 4s]
Velbor107: checks
conkris: bets $3
Velbor107: calls $3
*** TURN *** [8c 8d 4s] [Ah]
Velbor107: checks
conkris: bets $6
Velbor107: folds
Uncalled bet ($6) returned to conkris
conkris collected $17.64 from pot
conkris: doesn't show hand
*** SUMMARY ***
Total pot $18 | Rake $0.36
Board [8c 8d 4s Ah]
Seat 1: Velbor107 (big blind) folded on the Turn
Seat 2: conkris (button) (small blind) collected ($17.64)


PokerStars Hand #146097464300:  Hold'em Limit ($3/$6 USD) - 2015/12/29 0:54:19 ET
Table 'Ulrike' 6-max Seat #2 is the button
Seat 1: Velbor107 ($348.58 in chips)
Seat 2: conkris ($59.88 in chips)
conkris: posts small blind $1
Velbor107: posts big blind $3
*** HOLE CARDS ***
conkris: folds
Uncalled bet ($2) returned to Velbor107
Velbor107 collected $2 from pot
*** SUMMARY ***
Total pot $2 | Rake $0
Seat 1: Velbor107 (big blind) collected ($2)
Seat 2: conkris (button) (small blind) folded before Flop


PokerStars Hand #146097462399:  Hold'em Limit ($3/$6 USD) - 2015/12/29 0:54:12 ET
Table 'Ulrike' 6-max Seat #1 is the button
Seat 1: Velbor107 ($345.58 in chips)
Seat 2: conkris ($62.88 in chips)
Velbor107: posts small blind $1
conkris: posts big blind $3
*** HOLE CARDS ***
Velbor107: raises $3 to $6
conkris: folds
Uncalled bet ($3) returned to Velbor107
Velbor107 collected $6 from pot
*** SUMMARY ***
Total pot $6 | Rake $0
Seat 1: Velbor107 (button) (small blind) collected ($6)
Seat 2: conkris (big blind) folded before Flop


PokerStars Hand #146097457649:  Hold'em Limit ($3/$6 USD) - 2015/12/29 0:53:55 ET
Table 'Ulrike' 6-max Seat #2 is the button
Seat 1: Velbor107 ($351.58 in chips)
Seat 2: conkris ($57.12 in chips)
conkris: posts small blind $1
Velbor107: posts big blind $3
*** HOLE CARDS ***
conkris: raises $3 to $6
Velbor107: calls $3
*** FLOP *** [Ac 3s 5d]
Velbor107: checks
conkris: bets $3
Velbor107: folds
Uncalled bet ($3) returned to conkris
conkris collected $11.76 from pot
conkris: doesn't show hand
*** SUMMARY ***
Total pot $12 | Rake $0.24
Board [Ac 3s 5d]
Seat 1: Velbor107 (big blind) folded on the Flop
Seat 2: conkris (button) (small blind) collected ($11.76)


PokerStars Hand #146097476289:  Hold'em Limit ($3/$6 USD) - 2015/12/29 0:55:02 ET
Table 'Ulrike' 6-max Seat #2 is the button
Seat 1: Velbor107 ($316.58 in chips)
Seat 2: conkris ($91.38 in chips)
conkris: posts small blind $1
Velbor107: posts big blind $3
*** HOLE CARDS ***
conkris: folds
Uncalled bet ($2) returned to Velbor107
Velbor107 collected $2 from pot
*** SUMMARY ***
Total pot $2 | Rake $0
Seat 1: Velbor107 (big blind) collected ($2)
Seat 2: conkris (button) (small blind) folded before Flop


PokerStars Hand #146097465840:  Hold'em Limit ($3/$6 USD) - 2015/12/29 0:54:25 ET
Table 'Ulrike' 6-max Seat #1 is the button
Seat 1: Velbor107 ($349.58 in chips)
Seat 2: conkris ($58.88 in chips)
Velbor107: posts small blind $1
conkris: posts big blind $3
*** HOLE CARDS ***
Velbor107: raises $3 to $6
conkris: calls $3
*** FLOP *** [Td 8h Jh]
conkris: checks
Velbor107: bets $3
conkris: calls $3
*** TURN *** [Td 8h Jh] [8c]
conkris: checks
Velbor107: bets $6
conkris: raises $6 to $12
Velbor107: calls $6
*** RIVER *** [Td 8h Jh 8c] [5d]
conkris: bets $6
Velbor107: raises $6 to $12
conkris: calls $6
*** SHOW DOWN ***
Velbor107: shows [3h 7h] (a pair of Eights)
conkris: shows [Th Jc] (two pair, Jacks and Tens)
conkris collected $65.50 from pot
*** SUMMARY ***
Total pot $66 | Rake $0.50
Board [Td 8h Jh 8c 5d]
Seat 1: Velbor107 (button) (small blind) showed [3h 7h] and lost with a pair of Eights
Seat 2: conkris (big blind) showed [Th Jc] and won ($65.50) with two pair, Jacks and Tens


PokerStars Hand #146097483145:  Hold'em Limit ($3/$6 USD) - 2015/12/29 0:55:30 ET
Table 'Ulrike' 6-max Seat #2 is the button
Seat 1: Velbor107 ($338.08 in chips)
Seat 2: conkris ($69.38 in chips)
conkris: posts small blind $1
Velbor107: posts big blind $3
*** HOLE CARDS ***
conkris: raises $3 to $6
Velbor107: calls $3
*** FLOP *** [Qh 8d 2s]
Velbor107: checks
conkris: bets $3
Velbor107: raises $3 to $6
conkris: calls $3
*** TURN *** [Qh 8d 2s] [6d]
Velbor107: bets $6
conkris: folds
Uncalled bet ($6) returned to Velbor107
Velbor107 collected $23.52 from pot
*** SUMMARY ***
Total pot $24 | Rake $0.48
Board [Qh 8d 2s 6d]
Seat 1: Velbor107 (big blind) collected ($23.52)
Seat 2: conkris (button) (small blind) folded on the Turn


PokerStars Hand #146097477569:  Hold'em Limit ($3/$6 USD) - 2015/12/29 0:55:07 ET
Table 'Ulrike' 6-max Seat #1 is the button
Seat 1: Velbor107 ($317.58 in chips)
Seat 2: conkris ($90.38 in chips)
Velbor107: posts small blind $1
conkris: posts big blind $3
*** HOLE CARDS ***
Velbor107: raises $3 to $6
conkris: calls $3
*** FLOP *** [Qh 7s Td]
conkris: checks
Velbor107: bets $3
conkris: calls $3
*** TURN *** [Qh 7s Td] [9d]
conkris: checks
Velbor107: bets $6
conkris: calls $6
*** RIVER *** [Qh 7s Td 9d] [Qs]
conkris: checks
Velbor107: bets $6
conkris: calls $6
*** SHOW DOWN ***
Velbor107: shows [4d Qd] (three of a kind, Queens)
conkris: mucks hand
Velbor107 collected $41.50 from pot
*** SUMMARY ***
Total pot $42 | Rake $0.50
Board [Qh 7s Td 9d Qs]
Seat 1: Velbor107 (button) (small blind) showed [4d Qd] and won ($41.50) with three of a kind, Queens
Seat 2: conkris (big blind) mucked


PokerStars Hand #146097494057:  Hold'em Limit ($3/$6 USD) - 2015/12/29 0:56:15 ET
Table 'Ulrike' 6-max Seat #2 is the button
Seat 1: Velbor107 ($340.60 in chips)
Seat 2: conkris ($66.02 in chips)
conkris: posts small blind $1
Velbor107: posts big blind $3
*** HOLE CARDS ***
conkris: folds
Uncalled bet ($2) returned to Velbor107
Velbor107 collected $2 from pot
*** SUMMARY ***
Total pot $2 | Rake $0
Seat 1: Velbor107 (big blind) collected ($2)
Seat 2: conkris (button) (small blind) folded before Flop


PokerStars Hand #146097489287:  Hold'em Limit ($3/$6 USD) - 2015/12/29 0:55:55 ET
Table 'Ulrike' 6-max Seat #1 is the button
Seat 1: Velbor107 ($349.60 in chips)
Seat 2: conkris ($57.38 in chips)
Velbor107: posts small blind $1
conkris: posts big blind $3
*** HOLE CARDS ***
Velbor107: raises $3 to $6
conkris: calls $3
*** FLOP *** [7d 2c Jd]
conkris: checks
Velbor107: bets $3
conkris: calls $3
*** TURN *** [7d 2c Jd] [6h]
conkris: checks
Velbor107: checks
*** RIVER *** [7d 2c Jd 6h] [Ad]
conkris: checks
Velbor107: checks
*** SHOW DOWN ***
conkris: shows [8d Jc] (a pair of Jacks)
Velbor107: mucks hand
conkris collected $17.64 from pot
*** SUMMARY ***
Total pot $18 | Rake $0.36
Board [7d 2c Jd 6h Ad]
Seat 1: Velbor107 (button) (small blind) mucked
Seat 2: conkris (big blind) showed [8d Jc] and won ($17.64) with a pair of Jacks


PokerStars Hand #146097499461:  Hold'em Limit ($3/$6 USD) - 2015/12/29 0:56:37 ET
Table 'Ulrike' 6-max Seat #2 is the button
Seat 1: Velbor107 ($344.60 in chips)
Seat 2: conkris ($62.02 in chips)
conkris: posts small blind $1
Velbor107: posts big blind $3
*** HOLE CARDS ***
conkris: folds
Uncalled bet ($2) returned to Velbor107
Velbor107 collected $2 from pot
*** SUMMARY ***
Total pot $2 | Rake $0
Seat 1: Velbor107 (big blind) collected ($2)
Seat 2: conkris (button) (small blind) folded before Flop


PokerStars Hand #146097497999:  Hold'em Limit ($3/$6 USD) - 2015/12/29 0:56:31 ET
Table 'Ulrike' 6-max Seat #1 is the button
Seat 1: Velbor107 ($345.60 in chips)
Seat 2: conkris ($61.02 in chips)
Velbor107: posts small blind $1
conkris: posts big blind $3
*** HOLE CARDS ***
Velbor107: folds
Uncalled bet ($2) returned to conkris
conkris collected $2 from pot
conkris: doesn't show hand
*** SUMMARY ***
Total pot $2 | Rake $0
Seat 1: Velbor107 (button) (small blind) folded before Flop
Seat 2: conkris (big blind) collected ($2)


PokerStars Hand #146097496693:  Hold'em Limit ($3/$6 USD) - 2015/12/29 0:56:26 ET
Table 'Ulrike' 6-max Seat #2 is the button
Seat 1: Velbor107 ($344.60 in chips)
Seat 2: conkris ($62.02 in chips)
conkris: posts small blind $1
Velbor107: posts big blind $3
*** HOLE CARDS ***
conkris: folds
Uncalled bet ($2) returned to Velbor107
Velbor107 collected $2 from pot
*** SUMMARY ***
Total pot $2 | Rake $0
Seat 1: Velbor107 (big blind) collected ($2)
Seat 2: conkris (button) (small blind) folded before Flop


PokerStars Hand #146097495287:  Hold'em Limit ($3/$6 USD) - 2015/12/29 0:56:20 ET
Table 'Ulrike' 6-max Seat #1 is the button
Seat 1: Velbor107 ($341.60 in chips)
Seat 2: conkris ($65.02 in chips)
Velbor107: posts small blind $1
conkris: posts big blind $3
*** HOLE CARDS ***
Velbor107: raises $3 to $6
conkris: folds
Uncalled bet ($3) returned to Velbor107
Velbor107 collected $6 from pot
*** SUMMARY ***
Total pot $6 | Rake $0
Seat 1: Velbor107 (button) (small blind) collected ($6)
Seat 2: conkris (big blind) folded before Flop


PokerStars Hand #146097516982:  Hold'em Limit ($3/$6 USD) - 2015/12/29 0:57:49 ET
Table 'Ulrike' 6-max Seat #2 is the button
Seat 1: Velbor107 ($297.60 in chips)
Seat 2: conkris ($108.02 in chips)
conkris: posts small blind $1
Velbor107: posts big blind $3
*** HOLE CARDS ***
conkris: folds
Uncalled bet ($2) returned to Velbor107
Velbor107 collected $2 from pot
*** SUMMARY ***
Total pot $2 | Rake $0
Seat 1: Velbor107 (big blind) collected ($2)
Seat 2: conkris (button) (small blind) folded before Flop


PokerStars Hand #146097515584:  Hold'em Limit ($3/$6 USD) - 2015/12/29 0:57:44 ET
Table 'Ulrike' 6-max Seat #1 is the button
Seat 1: Velbor107 ($298.60 in chips)
Seat 2: conkris ($107.02 in chips)
Velbor107: posts small blind $1
conkris: posts big blind $3
*** HOLE CARDS ***
Velbor107: folds
Uncalled bet ($2) returned to conkris
conkris collected $2 from pot
conkris: doesn't show hand
*** SUMMARY ***
Total pot $2 | Rake $0
Seat 1: Velbor107 (button) (small blind) folded before Flop
Seat 2: conkris (big blind) collected ($2)


PokerStars Hand #146097509235:  Hold'em Limit ($3/$6 USD) - 2015/12/29 0:57:17 ET
Table 'Ulrike' 6-max Seat #1 is the button
Seat 1: Velbor107 ($319.60 in chips)
Seat 2: conkris ($86.52 in chips)
Velbor107: posts small blind $1
conkris: posts big blind $3
*** HOLE CARDS ***
Velbor107: raises $3 to $6
conkris: folds
Uncalled bet ($3) returned to Velbor107
Velbor107 collected $6 from pot
*** SUMMARY ***
Total pot $6 | Rake $0
Seat 1: Velbor107 (button) (small blind) collected ($6)
Seat 2: conkris (big blind) folded before Flop


PokerStars Hand #146097508007:  Hold'em Limit ($3/$6 USD) - 2015/12/29 0:57:12 ET
Table 'Ulrike' 6-max Seat #2 is the button
Seat 1: Velbor107 ($318.60 in chips)
Seat 2: conkris ($87.52 in chips)
conkris: posts small blind $1
Velbor107: posts big blind $3
*** HOLE CARDS ***
conkris: folds
Uncalled bet ($2) returned to Velbor107
Velbor107 collected $2 from pot
*** SUMMARY ***
Total pot $2 | Rake $0
Seat 1: Velbor107 (big blind) collected ($2)
Seat 2: conkris (button) (small blind) folded before Flop


PokerStars Hand #146097500633:  Hold'em Limit ($3/$6 USD) - 2015/12/29 0:56:42 ET
Table 'Ulrike' 6-max Seat #1 is the button
Seat 1: Velbor107 ($345.60 in chips)
Seat 2: conkris ($61.02 in chips)
Velbor107: posts small blind $1
conkris: posts big blind $3
*** HOLE CARDS ***
Velbor107: raises $3 to $6
conkris: calls $3
*** FLOP *** [6h 4d Jc]
conkris: checks
Velbor107: bets $3
conkris: calls $3
*** TURN *** [6h 4d Jc] [3h]
conkris: checks
Velbor107: bets $6
conkris: raises $6 to $12
Velbor107: calls $6
*** RIVER *** [6h 4d Jc 3h] [As]
conkris: bets $6
Velbor107: calls $6
*** SHOW DOWN ***
conkris: shows [Ah Ac] (three of a kind, Aces)
Velbor107: mucks hand
conkris collected $53.50 from pot
*** SUMMARY ***
Total pot $54 | Rake $0.50
Board [6h 4d Jc 3h As]
Seat 1: Velbor107 (button) (small blind) mucked
Seat 2: conkris (big blind) showed [Ah Ac] and won ($53.50) with three of a kind, Aces


PokerStars Hand #146097518172:  Hold'em Limit ($3/$6 USD) - 2015/12/29 0:57:54 ET
Table 'Ulrike' 6-max Seat #1 is the button
Seat 1: Velbor107 ($298.60 in chips)
Seat 2: conkris ($107.02 in chips)
Velbor107: posts small blind $1
conkris: posts big blind $3
*** HOLE CARDS ***
Velbor107: raises $3 to $6
conkris: calls $3
*** FLOP *** [Th 8s 3s]
conkris: checks
Velbor107: bets $3
conkris: folds
Uncalled bet ($3) returned to Velbor107
Velbor107 collected $11.76 from pot
*** SUMMARY ***
Total pot $12 | Rake $0.24
Board [Th 8s 3s]
Seat 1: Velbor107 (button) (small blind) collected ($11.76)
Seat 2: conkris (big blind) folded on the Flop


PokerStars Hand #146097535669:  Hold'em Limit ($3/$6 USD) - 2015/12/29 0:59:06 ET
Table 'Ulrike' 6-max Seat #1 is the button
Seat 1: Velbor107 ($302.36 in chips)
Seat 2: conkris ($102.42 in chips)
Velbor107: posts small blind $1
conkris: posts big blind $3
*** HOLE CARDS ***
Velbor107: raises $3 to $6
conkris: folds
Uncalled bet ($3) returned to Velbor107
Velbor107 collected $6 from pot
*** SUMMARY ***
Total pot $6 | Rake $0
Seat 1: Velbor107 (button) (small blind) collected ($6)
Seat 2: conkris (big blind) folded before Flop


PokerStars Hand #146097534382:  Hold'em Limit ($3/$6 USD) - 2015/12/29 0:59:01 ET
Table 'Ulrike' 6-max Seat #2 is the button
Seat 1: Velbor107 ($301.36 in chips)
Seat 2: conkris ($103.42 in chips)
conkris: posts small blind $1
Velbor107: posts big blind $3
*** HOLE CARDS ***
conkris: folds
Uncalled bet ($2) returned to Velbor107
Velbor107 collected $2 from pot
*** SUMMARY ***
Total pot $2 | Rake $0
Seat 1: Velbor107 (big blind) collected ($2)
Seat 2: conkris (button) (small blind) folded before Flop


PokerStars Hand #146097531626:  Hold'em Limit ($3/$6 USD) - 2015/12/29 0:58:50 ET
Table 'Ulrike' 6-max Seat #1 is the button
Seat 1: Velbor107 ($310.36 in chips)
Seat 2: conkris ($94.78 in chips)
Velbor107: posts small blind $1
conkris: posts big blind $3
*** HOLE CARDS ***
Velbor107: raises $3 to $6
conkris: raises $3 to $9
Velbor107: calls $3
*** FLOP *** [Ts 7d Kh]
conkris: bets $3
Velbor107: folds
Uncalled bet ($3) returned to conkris
conkris collected $17.64 from pot
conkris: doesn't show hand
*** SUMMARY ***
Total pot $18 | Rake $0.36
Board [Ts 7d Kh]
Seat 1: Velbor107 (button) (small blind) folded on the Flop
Seat 2: conkris (big blind) collected ($17.64)


PokerStars Hand #146097530460:  Hold'em Limit ($3/$6 USD) - 2015/12/29 0:58:45 ET
Table 'Ulrike' 6-max Seat #2 is the button
Seat 1: Velbor107 ($309.36 in chips)
Seat 2: conkris ($95.78 in chips)
conkris: posts small blind $1
Velbor107: posts big blind $3
*** HOLE CARDS ***
conkris: folds
Uncalled bet ($2) returned to Velbor107
Velbor107 collected $2 from pot
*** SUMMARY ***
Total pot $2 | Rake $0
Seat 1: Velbor107 (big blind) collected ($2)
Seat 2: conkris (button) (small blind) folded before Flop


PokerStars Hand #146097528399:  Hold'em Limit ($3/$6 USD) - 2015/12/29 0:58:36 ET
Table 'Ulrike' 6-max Seat #1 is the button
Seat 1: Velbor107 ($306.36 in chips)
Seat 2: conkris ($98.78 in chips)
Velbor107: posts small blind $1
conkris: posts big blind $3
*** HOLE CARDS ***
Velbor107: raises $3 to $6
conkris: folds
Uncalled bet ($3) returned to Velbor107
Velbor107 collected $6 from pot
*** SUMMARY ***
Total pot $6 | Rake $0
Seat 1: Velbor107 (button) (small blind) collected ($6)
Seat 2: conkris (big blind) folded before Flop


PokerStars Hand #146097527195:  Hold'em Limit ($3/$6 USD) - 2015/12/29 0:58:31 ET
Table 'Ulrike' 6-max Seat #2 is the button
Seat 1: Velbor107 ($305.36 in chips)
Seat 2: conkris ($99.78 in chips)
conkris: posts small blind $1
Velbor107: posts big blind $3
*** HOLE CARDS ***
conkris: folds
Uncalled bet ($2) returned to Velbor107
Velbor107 collected $2 from pot
*** SUMMARY ***
Total pot $2 | Rake $0
Seat 1: Velbor107 (big blind) collected ($2)
Seat 2: conkris (button) (small blind) folded before Flop


PokerStars Hand #146097525665:  Hold'em Limit ($3/$6 USD) - 2015/12/29 0:58:25 ET
Table 'Ulrike' 6-max Seat #1 is the button
Seat 1: Velbor107 ($302.36 in chips)
Seat 2: conkris ($102.78 in chips)
Velbor107: posts small blind $1
conkris: posts big blind $3
*** HOLE CARDS ***
Velbor107: raises $3 to $6
conkris: folds
Uncalled bet ($3) returned to Velbor107
Velbor107 collected $6 from pot
*** SUMMARY ***
Total pot $6 | Rake $0
Seat 1: Velbor107 (button) (small blind) collected ($6)
Seat 2: conkris (big blind) folded before Flop


PokerStars Hand #146097524538:  Hold'em Limit ($3/$6 USD) - 2015/12/29 0:58:20 ET
Table 'Ulrike' 6-max Seat #2 is the button
Seat 1: Velbor107 ($301.36 in chips)
Seat 2: conkris ($103.78 in chips)
conkris: posts small blind $1
Velbor107: posts big blind $3
*** HOLE CARDS ***
conkris: folds
Uncalled bet ($2) returned to Velbor107
Velbor107 collected $2 from pot
*** SUMMARY ***
Total pot $2 | Rake $0
Seat 1: Velbor107 (big blind) collected ($2)
Seat 2: conkris (button) (small blind) folded before Flop


PokerStars Hand #146097522995:  Hold'em Limit ($3/$6 USD) - 2015/12/29 0:58:14 ET
Table 'Ulrike' 6-max Seat #1 is the button
Seat 1: Velbor107 ($298.36 in chips)
Seat 2: conkris ($106.78 in chips)
Velbor107: posts small blind $1
conkris: posts big blind $3
*** HOLE CARDS ***
Velbor107: raises $3 to $6
conkris: folds
Uncalled bet ($3) returned to Velbor107
Velbor107 collected $6 from pot
*** SUMMARY ***
Total pot $6 | Rake $0
Seat 1: Velbor107 (button) (small blind) collected ($6)
Seat 2: conkris (big blind) folded before Flop


PokerStars Hand #146097520641:  Hold'em Limit ($3/$6 USD) - 2015/12/29 0:58:04 ET
Table 'Ulrike' 6-max Seat #2 is the button
Seat 1: Velbor107 ($304.36 in chips)
Seat 2: conkris ($101.02 in chips)
conkris: posts small blind $1
Velbor107: posts big blind $3
*** HOLE CARDS ***
conkris: raises $3 to $6
Velbor107: calls $3
*** FLOP *** [Js 8c Ad]
Velbor107: checks
conkris: bets $3
Velbor107: folds
Uncalled bet ($3) returned to conkris
conkris collected $11.76 from pot
conkris: doesn't show hand
*** SUMMARY ***
Total pot $12 | Rake $0.24
Board [Js 8c Ad]
Seat 1: Velbor107 (big blind) folded on the Flop
Seat 2: conkris (button) (small blind) collected ($11.76)


PokerStars Hand #146097541749:  Hold'em Limit ($3/$6 USD) - 2015/12/29 0:59:31 ET
Table 'Ulrike' 6-max Seat #2 is the button
Seat 1: Velbor107 ($317 in chips)
Seat 2: conkris ($87.42 in chips)
conkris: posts small blind $1
Velbor107: posts big blind $3
*** HOLE CARDS ***
conkris: raises $3 to $6
Velbor107: raises $3 to $9
conkris: raises $3 to $12
Betting is capped
Velbor107: calls $3
*** FLOP *** [7h 8s 6h]
Velbor107: checks
conkris: bets $3
Velbor107: raises $3 to $6
conkris: raises $3 to $9
Velbor107: raises $3 to $12
Betting is capped
conkris: calls $3
*** TURN *** [7h 8s 6h] [Jh]
Velbor107: bets $6
conkris: calls $6
*** RIVER *** [7h 8s 6h Jh] [Ks]
Velbor107: bets $6
conkris: calls $6
*** SHOW DOWN ***
Velbor107: shows [7c 7s] (three of a kind, Sevens)
conkris: mucks hand
Velbor107 collected $71.50 from pot
*** SUMMARY ***
Total pot $72 | Rake $0.50
Board [7h 8s 6h Jh Ks]
Seat 1: Velbor107 (big blind) showed [7c 7s] and won ($71.50) with three of a kind, Sevens
Seat 2: conkris (button) (small blind) mucked


PokerStars Hand #146097540208:  Hold'em Limit ($3/$6 USD) - 2015/12/29 0:59:25 ET
Table 'Ulrike' 6-max Seat #1 is the button
Seat 1: Velbor107 ($314 in chips)
Seat 2: conkris ($90.42 in chips)
Velbor107: posts small blind $1
conkris: posts big blind $3
*** HOLE CARDS ***
Velbor107: raises $3 to $6
conkris: folds
Uncalled bet ($3) returned to Velbor107
Velbor107 collected $6 from pot
*** SUMMARY ***
Total pot $6 | Rake $0
Seat 1: Velbor107 (button) (small blind) collected ($6)
Seat 2: conkris (big blind) folded before Flop


PokerStars Hand #146097537175:  Hold'em Limit ($3/$6 USD) - 2015/12/29 0:59:12 ET
Table 'Ulrike' 6-max Seat #2 is the button
Seat 1: Velbor107 ($305.36 in chips)
Seat 2: conkris ($99.42 in chips)
conkris: posts small blind $1
Velbor107: posts big blind $3
*** HOLE CARDS ***
conkris: raises $3 to $6
Velbor107: raises $3 to $9
conkris: calls $3
*** FLOP *** [2c As Ad]
Velbor107: bets $3
conkris: folds
Uncalled bet ($3) returned to Velbor107
Velbor107 collected $17.64 from pot
*** SUMMARY ***
Total pot $18 | Rake $0.36
Board [2c As Ad]
Seat 1: Velbor107 (big blind) collected ($17.64)
Seat 2: conkris (button) (small blind) folded on the Flop


PokerStars Hand #146097547602:  Hold'em Limit ($3/$6 USD) - 2015/12/29 0:59:55 ET
Table 'Ulrike' 6-max Seat #1 is the button
Seat 1: Velbor107 ($352.50 in chips)
Seat 2: conkris ($51.42 in chips)
Velbor107: posts small blind $1
conkris: posts big blind $3
*** HOLE CARDS ***
Velbor107: raises $3 to $6
conkris: raises $3 to $9
Velbor107: calls $3
*** FLOP *** [7h 3s Qc]
conkris: bets $3
Velbor107: calls $3
*** TURN *** [7h 3s Qc] [Ah]
conkris: bets $6
Velbor107: raises $6 to $12
conkris: raises $6 to $18
Velbor107: raises $6 to $24
Betting is capped
conkris: calls $6
*** RIVER *** [7h 3s Qc Ah] [2s]
conkris: bets $6
Velbor107: raises $6 to $12
conkris: raises $3.42 to $15.42 and is all-in
Velbor107: calls $3.42
*** SHOW DOWN ***
conkris: shows [Th Qh] (a pair of Queens)
Velbor107: shows [Qs Qd] (three of a kind, Queens)
Velbor107 collected $102.34 from pot
*** SUMMARY ***
Total pot $102.84 | Rake $0.50
Board [7h 3s Qc Ah 2s]
Seat 1: Velbor107 (button) (small blind) showed [Qs Qd] and won ($102.34) with three of a kind, Queens
Seat 2: conkris (big blind) showed [Th Qh] and lost with a pair of Queens


