PokerStars Hand #145791055223:  Hold'em Limit ($3/$6 USD) - 2015/12/23 9:18:58 ET
Table 'Ulula' 2-max Seat #1 is the button
Seat 1: elifnur2008 ($91 in chips)
Seat 2: savas560 ($40.27 in chips)
elifnur2008: posts small blind $1
savas560: posts big blind $3
*** HOLE CARDS ***
elifnur2008: folds
Uncalled bet ($2) returned to savas560
savas560 collected $2 from pot
savas560: doesn't show hand
*** SUMMARY ***
Total pot $2 | Rake $0
Seat 1: elifnur2008 (button) (small blind) folded before Flop
Seat 2: savas560 (big blind) collected ($2)


PokerStars Hand #145791074314:  Hold'em Limit ($3/$6 USD) - 2015/12/23 9:19:26 ET
Table 'Ulula' 2-max Seat #2 is the button
Seat 1: elifnur2008 ($115.50 in chips)
Seat 2: savas560 ($15.27 in chips)
savas560: posts small blind $1
elifnur2008: posts big blind $3
*** HOLE CARDS ***
savas560: folds
Uncalled bet ($2) returned to elifnur2008
elifnur2008 collected $2 from pot
elifnur2008: doesn't show hand
*** SUMMARY ***
Total pot $2 | Rake $0
Seat 1: elifnur2008 (big blind) collected ($2)
Seat 2: savas560 (button) (small blind) folded before Flop


PokerStars Hand #145791071090:  Hold'em Limit ($3/$6 USD) - 2015/12/23 9:19:22 ET
Table 'Ulula' 2-max Seat #1 is the button
Seat 1: elifnur2008 ($116.50 in chips)
Seat 2: savas560 ($14.27 in chips)
elifnur2008: posts small blind $1
savas560: posts big blind $3
*** HOLE CARDS ***
elifnur2008: folds
Uncalled bet ($2) returned to savas560
savas560 collected $2 from pot
savas560: doesn't show hand
*** SUMMARY ***
Total pot $2 | Rake $0
Seat 1: elifnur2008 (button) (small blind) folded before Flop
Seat 2: savas560 (big blind) collected ($2)


PokerStars Hand #145791058919:  Hold'em Limit ($3/$6 USD) - 2015/12/23 9:19:03 ET
Table 'Ulula' 2-max Seat #2 is the button
Seat 1: elifnur2008 ($90 in chips)
Seat 2: savas560 ($41.27 in chips)
savas560: posts small blind $1
elifnur2008: posts big blind $3
*** HOLE CARDS ***
savas560: raises $3 to $6
elifnur2008: calls $3
*** FLOP *** [4h Th 4d]
elifnur2008: checks
savas560: bets $3
elifnur2008: calls $3
*** TURN *** [4h Th 4d] [Jc]
elifnur2008: checks
savas560: bets $6
elifnur2008: raises $6 to $12
savas560: calls $6
*** RIVER *** [4h Th 4d Jc] [9c]
elifnur2008: bets $6
savas560: calls $6
*** SHOW DOWN ***
elifnur2008: shows [6h Td] (two pair, Tens and Fours)
savas560: mucks hand
elifnur2008 collected $53.50 from pot
*** SUMMARY ***
Total pot $54 | Rake $0.50
Board [4h Th 4d Jc 9c]
Seat 1: elifnur2008 (big blind) showed [6h Td] and won ($53.50) with two pair, Tens and Fours
Seat 2: savas560 (button) (small blind) mucked


PokerStars Hand #145791078102:  Hold'em Limit ($3/$6 USD) - 2015/12/23 9:19:32 ET
Table 'Ulula' 2-max Seat #1 is the button
Seat 1: elifnur2008 ($116.50 in chips)
Seat 2: savas560 ($14.27 in chips)
elifnur2008: posts small blind $1
savas560: posts big blind $3
*** HOLE CARDS ***
elifnur2008: raises $3 to $6
savas560: raises $3 to $9
elifnur2008: calls $3
*** FLOP *** [2s 8d 6s]
savas560: checks
elifnur2008: checks
*** TURN *** [2s 8d 6s] [3d]
savas560: checks
elifnur2008: bets $6
savas560: folds
Uncalled bet ($6) returned to elifnur2008
elifnur2008 collected $17.64 from pot
elifnur2008: doesn't show hand
*** SUMMARY ***
Total pot $18 | Rake $0.36
Board [2s 8d 6s 3d]
Seat 1: elifnur2008 (button) (small blind) collected ($17.64)
Seat 2: savas560 (big blind) folded on the Turn


PokerStars Hand #145791092395:  Hold'em Limit ($3/$6 USD) - 2015/12/23 9:19:53 ET
Table 'Ulula' 2-max Seat #2 is the button
Seat 1: elifnur2008 ($125.14 in chips)
Seat 2: savas560 ($5.27 in chips)
savas560: posts small blind $1
elifnur2008: posts big blind $3
*** HOLE CARDS ***
savas560: raises $2.27 to $5.27 and is all-in
elifnur2008: calls $2.27
*** FLOP *** [6d 2h Tc]
*** TURN *** [6d 2h Tc] [Jd]
*** RIVER *** [6d 2h Tc Jd] [7s]
*** SHOW DOWN ***
elifnur2008: shows [Ac 8d] (high card Ace)
savas560: shows [4h Ks] (high card King)
elifnur2008 collected $10.33 from pot
*** SUMMARY ***
Total pot $10.54 | Rake $0.21
Board [6d 2h Tc Jd 7s]
Seat 1: elifnur2008 (big blind) showed [Ac 8d] and won ($10.33) with high card Ace
Seat 2: savas560 (button) (small blind) showed [4h Ks] and lost with high card King


