PokerStars Hand #162262945426:  Hold'em Limit ($3/$6 USD) - 2016/12/01 17:47:06 ET
Table 'Ulula' 6-max Seat #3 is the button
Seat 1: assitoni ($86.50 in chips)
Seat 3: Aragorn ll ($18.54 in chips)
Aragorn ll: posts small blind $1
assitoni: posts big blind $3
*** HOLE CARDS ***
Aragorn ll: folds
Uncalled bet ($2) returned to assitoni
assitoni collected $2 from pot
assitoni: doesn't show hand
*** SUMMARY ***
Total pot $2 | Rake $0
Seat 1: assitoni (big blind) collected ($2)
Seat 3: Aragorn ll (button) (small blind) folded before Flop


PokerStars Hand #162262915648:  Hold'em Limit ($3/$6 USD) - 2016/12/01 17:46:34 ET
Table 'Ulula' 6-max Seat #1 is the button
Seat 1: assitoni ($72 in chips)
Seat 3: Aragorn ll ($33.54 in chips)
assitoni: posts small blind $1
Aragorn ll: posts big blind $3
*** HOLE CARDS ***
assitoni: raises $3 to $6
Aragorn ll: calls $3
*** FLOP *** [Jh 2s 2c]
Aragorn ll: bets $3
assitoni: calls $3
*** TURN *** [Jh 2s 2c] [Jc]
Aragorn ll: bets $6
assitoni: raises $6 to $12
Aragorn ll: folds
Uncalled bet ($6) returned to assitoni
assitoni collected $29.50 from pot
assitoni: doesn't show hand
*** SUMMARY ***
Total pot $30 | Rake $0.50
Board [Jh 2s 2c Jc]
Seat 1: assitoni (button) (small blind) collected ($29.50)
Seat 3: Aragorn ll (big blind) folded on the Turn


PokerStars Hand #162262949964:  Hold'em Limit ($3/$6 USD) - 2016/12/01 17:47:11 ET
Table 'Ulula' 6-max Seat #1 is the button
Seat 1: assitoni ($87.50 in chips)
Seat 3: Aragorn ll ($17.54 in chips)
assitoni: posts small blind $1
Aragorn ll: posts big blind $3
*** HOLE CARDS ***
assitoni: folds
Uncalled bet ($2) returned to Aragorn ll
Aragorn ll collected $2 from pot
Aragorn ll: doesn't show hand
*** SUMMARY ***
Total pot $2 | Rake $0
Seat 1: assitoni (button) (small blind) folded before Flop
Seat 3: Aragorn ll (big blind) collected ($2)


PokerStars Hand #162262957593:  Hold'em Limit ($3/$6 USD) - 2016/12/01 17:47:20 ET
Table 'Ulula' 6-max Seat #3 is the button
Seat 1: assitoni ($86.50 in chips)
Seat 3: Aragorn ll ($18.54 in chips)
Aragorn ll: posts small blind $1
assitoni: posts big blind $3
*** HOLE CARDS ***
Aragorn ll: raises $3 to $6
ANTIP884 joins the table at seat #6
assitoni: folds
Uncalled bet ($3) returned to Aragorn ll
Aragorn ll collected $6 from pot
Aragorn ll: doesn't show hand
*** SUMMARY ***
Total pot $6 | Rake $0
Seat 1: assitoni (big blind) folded before Flop
Seat 3: Aragorn ll (button) (small blind) collected ($6)


