PokerStars Hand #146438439703:  Hold'em Limit ($3/$6 USD) - 2016/01/04 4:48:56 ET
Table 'Ulula' 2-max Seat #2 is the button
Seat 1: VolkovDmitri ($120 in chips)
Seat 2: jl45259071 ($95.75 in chips)
jl45259071: posts small blind $1
VolkovDmitri: posts big blind $3
*** HOLE CARDS ***
jl45259071: raises $3 to $6
VolkovDmitri: calls $3
*** FLOP *** [Kh 3h 4c]
VolkovDmitri: checks
jl45259071: bets $3
VolkovDmitri: raises $3 to $6
jl45259071: calls $3
*** TURN *** [Kh 3h 4c] [Qs]
VolkovDmitri: checks
jl45259071: checks
*** RIVER *** [Kh 3h 4c Qs] [9h]
VolkovDmitri: checks
jl45259071: checks
*** SHOW DOWN ***
VolkovDmitri: shows [6h 8d] (high card King)
jl45259071: shows [5c 5d] (a pair of Fives)
jl45259071 collected $23.52 from pot
*** SUMMARY ***
Total pot $24 | Rake $0.48
Board [Kh 3h 4c Qs 9h]
Seat 1: VolkovDmitri (big blind) showed [6h 8d] and lost with high card King
Seat 2: jl45259071 (button) (small blind) showed [5c 5d] and won ($23.52) with a pair of Fives


PokerStars Hand #146438466442:  Hold'em Limit ($3/$6 USD) - 2016/01/04 4:49:58 ET
Table 'Ulula' 2-max Seat #1 is the button
Seat 1: VolkovDmitri ($128.64 in chips)
Seat 2: jl45259071 ($99.27 in chips)
VolkovDmitri: posts small blind $1
jl45259071: posts big blind $3
*** HOLE CARDS ***
VolkovDmitri: raises $3 to $6
jl45259071: calls $3
*** FLOP *** [4d Jh 6c]
jl45259071: checks
VolkovDmitri: bets $3
jl45259071: calls $3
*** TURN *** [4d Jh 6c] [Td]
jl45259071: checks
VolkovDmitri: checks
*** RIVER *** [4d Jh 6c Td] [8c]
jl45259071: bets $6
VolkovDmitri: calls $6
*** SHOW DOWN ***
jl45259071: shows [7d Th] (a pair of Tens)
VolkovDmitri: mucks hand
jl45259071 collected $29.50 from pot
*** SUMMARY ***
Total pot $30 | Rake $0.50
Board [4d Jh 6c Td 8c]
Seat 1: VolkovDmitri (button) (small blind) mucked
Seat 2: jl45259071 (big blind) showed [7d Th] and won ($29.50) with a pair of Tens


PokerStars Hand #146438457679:  Hold'em Limit ($3/$6 USD) - 2016/01/04 4:49:38 ET
Table 'Ulula' 2-max Seat #2 is the button
Seat 1: VolkovDmitri ($120 in chips)
Seat 2: jl45259071 ($108.27 in chips)
jl45259071: posts small blind $1
VolkovDmitri: posts big blind $3
*** HOLE CARDS ***
jl45259071: calls $2
VolkovDmitri: raises $3 to $6
jl45259071: calls $3
*** FLOP *** [3d 3h 3c]
VolkovDmitri: bets $3
jl45259071: calls $3
*** TURN *** [3d 3h 3c] [Kc]
VolkovDmitri: bets $6
jl45259071: folds
Uncalled bet ($6) returned to VolkovDmitri
VolkovDmitri collected $17.64 from pot
VolkovDmitri: doesn't show hand
*** SUMMARY ***
Total pot $18 | Rake $0.36
Board [3d 3h 3c Kc]
Seat 1: VolkovDmitri (big blind) collected ($17.64)
Seat 2: jl45259071 (button) (small blind) folded on the Turn


PokerStars Hand #146438454491:  Hold'em Limit ($3/$6 USD) - 2016/01/04 4:49:30 ET
Table 'Ulula' 2-max Seat #1 is the button
Seat 1: VolkovDmitri ($120 in chips)
Seat 2: jl45259071 ($107.27 in chips)
VolkovDmitri: posts small blind $1
jl45259071: posts big blind $3
*** HOLE CARDS ***
VolkovDmitri: folds
Uncalled bet ($2) returned to jl45259071
jl45259071 collected $2 from pot
*** SUMMARY ***
Total pot $2 | Rake $0
Seat 1: VolkovDmitri (button) (small blind) folded before Flop
Seat 2: jl45259071 (big blind) collected ($2)


PokerStars Hand #146438480652:  Hold'em Limit ($3/$6 USD) - 2016/01/04 4:50:32 ET
Table 'Ulula' 2-max Seat #2 is the button
Seat 1: VolkovDmitri ($120 in chips)
Seat 2: jl45259071 ($113.77 in chips)
jl45259071: posts small blind $1
VolkovDmitri: posts big blind $3
*** HOLE CARDS ***
jl45259071: calls $2
VolkovDmitri: checks
*** FLOP *** [8h Qs 7c]
VolkovDmitri: checks
jl45259071: bets $3
VolkovDmitri: folds
Uncalled bet ($3) returned to jl45259071
jl45259071 collected $5.88 from pot
*** SUMMARY ***
Total pot $6 | Rake $0.12
Board [8h Qs 7c]
Seat 1: VolkovDmitri (big blind) folded on the Flop
Seat 2: jl45259071 (button) (small blind) collected ($5.88)


PokerStars Hand #146438486988:  Hold'em Limit ($3/$6 USD) - 2016/01/04 4:50:46 ET
Table 'Ulula' 2-max Seat #1 is the button
Seat 1: VolkovDmitri ($120 in chips)
Seat 2: jl45259071 ($116.65 in chips)
VolkovDmitri: posts small blind $1
jl45259071: posts big blind $3
*** HOLE CARDS ***
VolkovDmitri: raises $3 to $6
jl45259071: calls $3
*** FLOP *** [3d 7d 2d]
jl45259071: checks
VolkovDmitri: bets $3
jl45259071: raises $3 to $6
VolkovDmitri: folds
Uncalled bet ($3) returned to jl45259071
jl45259071 collected $17.64 from pot
*** SUMMARY ***
Total pot $18 | Rake $0.36
Board [3d 7d 2d]
Seat 1: VolkovDmitri (button) (small blind) folded on the Flop
Seat 2: jl45259071 (big blind) collected ($17.64)


PokerStars Hand #146438510404:  Hold'em Limit ($3/$6 USD) - 2016/01/04 4:51:41 ET
Table 'Ulula' 2-max Seat #1 is the button
Seat 1: VolkovDmitri ($125.76 in chips)
Seat 2: jl45259071 ($119.29 in chips)
VolkovDmitri: posts small blind $1
jl45259071: posts big blind $3
*** HOLE CARDS ***
VolkovDmitri: raises $3 to $6
jl45259071: calls $3
*** FLOP *** [2h Ac 9d]
jl45259071: checks
VolkovDmitri: bets $3
jl45259071: folds
Uncalled bet ($3) returned to VolkovDmitri
VolkovDmitri collected $11.76 from pot
VolkovDmitri: doesn't show hand
*** SUMMARY ***
Total pot $12 | Rake $0.24
Board [2h Ac 9d]
Seat 1: VolkovDmitri (button) (small blind) collected ($11.76)
Seat 2: jl45259071 (big blind) folded on the Flop


PokerStars Hand #146438495595:  Hold'em Limit ($3/$6 USD) - 2016/01/04 4:51:06 ET
Table 'Ulula' 2-max Seat #2 is the button
Seat 1: VolkovDmitri ($120 in chips)
Seat 2: jl45259071 ($125.29 in chips)
jl45259071: posts small blind $1
VolkovDmitri: posts big blind $3
*** HOLE CARDS ***
jl45259071: calls $2
VolkovDmitri: checks
*** FLOP *** [Ad 7h 5d]
VolkovDmitri: bets $3
jl45259071: calls $3
*** TURN *** [Ad 7h 5d] [Th]
VolkovDmitri: checks
jl45259071: checks
*** RIVER *** [Ad 7h 5d Th] [Jc]
VolkovDmitri: checks
jl45259071: checks
*** SHOW DOWN ***
VolkovDmitri: shows [5c 3h] (a pair of Fives)
jl45259071: mucks hand
VolkovDmitri collected $11.76 from pot
*** SUMMARY ***
Total pot $12 | Rake $0.24
Board [Ad 7h 5d Th Jc]
Seat 1: VolkovDmitri (big blind) showed [5c 3h] and won ($11.76) with a pair of Fives
Seat 2: jl45259071 (button) (small blind) mucked


PokerStars Hand #146438515389:  Hold'em Limit ($3/$6 USD) - 2016/01/04 4:51:52 ET
Table 'Ulula' 2-max Seat #2 is the button
Seat 1: VolkovDmitri ($131.52 in chips)
Seat 2: jl45259071 ($113.29 in chips)
jl45259071: posts small blind $1
VolkovDmitri: posts big blind $3
*** HOLE CARDS ***
jl45259071: calls $2
VolkovDmitri: raises $3 to $6
jl45259071: calls $3
*** FLOP *** [Jd 9s 5c]
VolkovDmitri: bets $3
jl45259071: calls $3
*** TURN *** [Jd 9s 5c] [6c]
VolkovDmitri: bets $6
jl45259071: calls $6
*** RIVER *** [Jd 9s 5c 6c] [Qh]
VolkovDmitri: bets $6
jl45259071: folds
Uncalled bet ($6) returned to VolkovDmitri
VolkovDmitri collected $29.50 from pot
VolkovDmitri: doesn't show hand
*** SUMMARY ***
Total pot $30 | Rake $0.50
Board [Jd 9s 5c 6c Qh]
Seat 1: VolkovDmitri (big blind) collected ($29.50)
Seat 2: jl45259071 (button) (small blind) folded on the River


PokerStars Hand #146438540252:  Hold'em Limit ($3/$6 USD) - 2016/01/04 4:52:50 ET
Table 'Ulula' 2-max Seat #1 is the button
Seat 1: VolkovDmitri ($145.66 in chips)
Seat 2: jl45259071 ($97.93 in chips)
VolkovDmitri: posts small blind $1
jl45259071: posts big blind $3
*** HOLE CARDS ***
VolkovDmitri: folds
Uncalled bet ($2) returned to jl45259071
jl45259071 collected $2 from pot
*** SUMMARY ***
Total pot $2 | Rake $0
Seat 1: VolkovDmitri (button) (small blind) folded before Flop
Seat 2: jl45259071 (big blind) collected ($2)


PokerStars Hand #146438534072:  Hold'em Limit ($3/$6 USD) - 2016/01/04 4:52:36 ET
Table 'Ulula' 2-max Seat #2 is the button
Seat 1: VolkovDmitri ($137.02 in chips)
Seat 2: jl45259071 ($106.93 in chips)
jl45259071: posts small blind $1
VolkovDmitri: posts big blind $3
*** HOLE CARDS ***
jl45259071: calls $2
VolkovDmitri: raises $3 to $6
jl45259071: calls $3
*** FLOP *** [5d 8s 9h]
VolkovDmitri: bets $3
jl45259071: calls $3
*** TURN *** [5d 8s 9h] [4s]
VolkovDmitri: bets $6
jl45259071: folds
Uncalled bet ($6) returned to VolkovDmitri
VolkovDmitri collected $17.64 from pot
VolkovDmitri: doesn't show hand
*** SUMMARY ***
Total pot $18 | Rake $0.36
Board [5d 8s 9h 4s]
Seat 1: VolkovDmitri (big blind) collected ($17.64)
Seat 2: jl45259071 (button) (small blind) folded on the Turn


PokerStars Hand #146438542341:  Hold'em Limit ($3/$6 USD) - 2016/01/04 4:52:55 ET
Table 'Ulula' 2-max Seat #2 is the button
Seat 1: VolkovDmitri ($144.66 in chips)
Seat 2: jl45259071 ($98.93 in chips)
jl45259071: posts small blind $1
VolkovDmitri: posts big blind $3
*** HOLE CARDS ***
jl45259071: calls $2
VolkovDmitri: raises $3 to $6
jl45259071: calls $3
*** FLOP *** [Js 3s 2h]
VolkovDmitri: bets $3
jl45259071: calls $3
*** TURN *** [Js 3s 2h] [5c]
VolkovDmitri: bets $6
jl45259071: folds
Uncalled bet ($6) returned to VolkovDmitri
VolkovDmitri collected $17.64 from pot
VolkovDmitri: doesn't show hand
*** SUMMARY ***
Total pot $18 | Rake $0.36
Board [Js 3s 2h 5c]
Seat 1: VolkovDmitri (big blind) collected ($17.64)
Seat 2: jl45259071 (button) (small blind) folded on the Turn


PokerStars Hand #146438548866:  Hold'em Limit ($3/$6 USD) - 2016/01/04 4:53:10 ET
Table 'Ulula' 2-max Seat #1 is the button
Seat 1: VolkovDmitri ($153.30 in chips)
Seat 2: jl45259071 ($89.93 in chips)
VolkovDmitri: posts small blind $1
jl45259071: posts big blind $3
*** HOLE CARDS ***
VolkovDmitri: raises $3 to $6
jl45259071: calls $3
*** FLOP *** [Th 9c 5c]
jl45259071: checks
VolkovDmitri: bets $3
jl45259071: folds
Uncalled bet ($3) returned to VolkovDmitri
VolkovDmitri collected $11.76 from pot
VolkovDmitri: doesn't show hand
*** SUMMARY ***
Total pot $12 | Rake $0.24
Board [Th 9c 5c]
Seat 1: VolkovDmitri (button) (small blind) collected ($11.76)
Seat 2: jl45259071 (big blind) folded on the Flop


PokerStars Hand #146438580483:  Hold'em Limit ($3/$6 USD) - 2016/01/04 4:54:23 ET
Table 'Ulula' 2-max Seat #1 is the button
Seat 1: VolkovDmitri ($159.82 in chips)
Seat 2: jl45259071 ($82.69 in chips)
VolkovDmitri: posts small blind $1
jl45259071: posts big blind $3
*** HOLE CARDS ***
VolkovDmitri: folds
Uncalled bet ($2) returned to jl45259071
jl45259071 collected $2 from pot
*** SUMMARY ***
Total pot $2 | Rake $0
Seat 1: VolkovDmitri (button) (small blind) folded before Flop
Seat 2: jl45259071 (big blind) collected ($2)


PokerStars Hand #146438578044:  Hold'em Limit ($3/$6 USD) - 2016/01/04 4:54:17 ET
Table 'Ulula' 2-max Seat #2 is the button
Seat 1: VolkovDmitri ($158.82 in chips)
Seat 2: jl45259071 ($83.69 in chips)
jl45259071: posts small blind $1
VolkovDmitri: posts big blind $3
*** HOLE CARDS ***
jl45259071: folds
Uncalled bet ($2) returned to VolkovDmitri
VolkovDmitri collected $2 from pot
VolkovDmitri: doesn't show hand
*** SUMMARY ***
Total pot $2 | Rake $0
Seat 1: VolkovDmitri (big blind) collected ($2)
Seat 2: jl45259071 (button) (small blind) folded before Flop


PokerStars Hand #146438571508:  Hold'em Limit ($3/$6 USD) - 2016/01/04 4:54:02 ET
Table 'Ulula' 2-max Seat #1 is the button
Seat 1: VolkovDmitri ($153.06 in chips)
Seat 2: jl45259071 ($89.69 in chips)
VolkovDmitri: posts small blind $1
jl45259071: posts big blind $3
*** HOLE CARDS ***
VolkovDmitri: raises $3 to $6
jl45259071: calls $3
*** FLOP *** [8h 9c 5h]
jl45259071: checks
VolkovDmitri: bets $3
jl45259071: folds
Uncalled bet ($3) returned to VolkovDmitri
VolkovDmitri collected $11.76 from pot
VolkovDmitri: doesn't show hand
*** SUMMARY ***
Total pot $12 | Rake $0.24
Board [8h 9c 5h]
Seat 1: VolkovDmitri (button) (small blind) collected ($11.76)
Seat 2: jl45259071 (big blind) folded on the Flop


PokerStars Hand #146438554718:  Hold'em Limit ($3/$6 USD) - 2016/01/04 4:53:24 ET
Table 'Ulula' 2-max Seat #2 is the button
Seat 1: VolkovDmitri ($159.06 in chips)
Seat 2: jl45259071 ($83.93 in chips)
jl45259071: posts small blind $1
VolkovDmitri: posts big blind $3
*** HOLE CARDS ***
jl45259071: raises $3 to $6
VolkovDmitri: calls $3
*** FLOP *** [4h Jh 5h]
VolkovDmitri: checks
jl45259071: checks
*** TURN *** [4h Jh 5h] [Qc]
VolkovDmitri: checks
jl45259071: checks
*** RIVER *** [4h Jh 5h Qc] [7s]
VolkovDmitri: checks
jl45259071: checks
*** SHOW DOWN ***
VolkovDmitri: shows [9s 8d] (high card Queen)
jl45259071: shows [2c Ks] (high card King)
jl45259071 collected $11.76 from pot
*** SUMMARY ***
Total pot $12 | Rake $0.24
Board [4h Jh 5h Qc 7s]
Seat 1: VolkovDmitri (big blind) showed [9s 8d] and lost with high card Queen
Seat 2: jl45259071 (button) (small blind) showed [2c Ks] and won ($11.76) with high card King


PokerStars Hand #146438600137:  Hold'em Limit ($3/$6 USD) - 2016/01/04 4:55:08 ET
Table 'Ulula' 2-max Seat #2 is the button
Seat 1: VolkovDmitri ($140.82 in chips)
Seat 2: jl45259071 ($101.07 in chips)
jl45259071: posts small blind $1
VolkovDmitri: posts big blind $3
*** HOLE CARDS ***
jl45259071: calls $2
VolkovDmitri: raises $3 to $6
jl45259071: calls $3
*** FLOP *** [4s 6d 2c]
VolkovDmitri: bets $3
jl45259071: calls $3
*** TURN *** [4s 6d 2c] [7h]
VolkovDmitri: checks
jl45259071: bets $6
VolkovDmitri: calls $6
*** RIVER *** [4s 6d 2c 7h] [Js]
VolkovDmitri: checks
jl45259071: checks
*** SHOW DOWN ***
VolkovDmitri: shows [As Ks] (high card Ace)
jl45259071: shows [5c 7s] (a pair of Sevens)
jl45259071 collected $29.50 from pot
*** SUMMARY ***
Total pot $30 | Rake $0.50
Board [4s 6d 2c 7h Js]
Seat 1: VolkovDmitri (big blind) showed [As Ks] and lost with high card Ace
Seat 2: jl45259071 (button) (small blind) showed [5c 7s] and won ($29.50) with a pair of Sevens


PokerStars Hand #146438582832:  Hold'em Limit ($3/$6 USD) - 2016/01/04 4:54:28 ET
Table 'Ulula' 2-max Seat #2 is the button
Seat 1: VolkovDmitri ($158.82 in chips)
Seat 2: jl45259071 ($83.69 in chips)
jl45259071: posts small blind $1
VolkovDmitri: posts big blind $3
*** HOLE CARDS ***
jl45259071: calls $2
VolkovDmitri: checks
*** FLOP *** [8s Th 3d]
VolkovDmitri: checks
jl45259071: bets $3
VolkovDmitri: folds
Uncalled bet ($3) returned to jl45259071
jl45259071 collected $5.88 from pot
*** SUMMARY ***
Total pot $6 | Rake $0.12
Board [8s Th 3d]
Seat 1: VolkovDmitri (big blind) folded on the Flop
Seat 2: jl45259071 (button) (small blind) collected ($5.88)


PokerStars Hand #146438590276:  Hold'em Limit ($3/$6 USD) - 2016/01/04 4:54:45 ET
Table 'Ulula' 2-max Seat #1 is the button
Seat 1: VolkovDmitri ($155.82 in chips)
Seat 2: jl45259071 ($86.57 in chips)
VolkovDmitri: posts small blind $1
jl45259071: posts big blind $3
*** HOLE CARDS ***
VolkovDmitri: raises $3 to $6
jl45259071: calls $3
*** FLOP *** [4s Kd 5d]
jl45259071: checks
VolkovDmitri: bets $3
jl45259071: calls $3
*** TURN *** [4s Kd 5d] [Qc]
jl45259071: checks
VolkovDmitri: bets $6
jl45259071: calls $6
*** RIVER *** [4s Kd 5d Qc] [8d]
jl45259071: checks
VolkovDmitri: checks
*** SHOW DOWN ***
jl45259071: shows [3c Qs] (a pair of Queens)
VolkovDmitri: mucks hand
jl45259071 collected $29.50 from pot
*** SUMMARY ***
Total pot $30 | Rake $0.50
Board [4s Kd 5d Qc 8d]
Seat 1: VolkovDmitri (button) (small blind) mucked
Seat 2: jl45259071 (big blind) showed [3c Qs] and won ($29.50) with a pair of Queens


PokerStars Hand #146438609557:  Hold'em Limit ($3/$6 USD) - 2016/01/04 4:55:32 ET
Table 'Ulula' 2-max Seat #1 is the button
Seat 1: VolkovDmitri ($125.82 in chips)
Seat 2: jl45259071 ($115.57 in chips)
VolkovDmitri: posts small blind $1
jl45259071: posts big blind $3
*** HOLE CARDS ***
VolkovDmitri: raises $3 to $6
jl45259071: calls $3
*** FLOP *** [Th Ks 8d]
jl45259071: checks
VolkovDmitri: bets $3
jl45259071: calls $3
*** TURN *** [Th Ks 8d] [Ac]
jl45259071: checks
VolkovDmitri: bets $6
jl45259071: folds
Uncalled bet ($6) returned to VolkovDmitri
VolkovDmitri collected $17.64 from pot
VolkovDmitri: doesn't show hand
*** SUMMARY ***
Total pot $18 | Rake $0.36
Board [Th Ks 8d Ac]
Seat 1: VolkovDmitri (button) (small blind) collected ($17.64)
Seat 2: jl45259071 (big blind) folded on the Turn


PokerStars Hand #146438616295:  Hold'em Limit ($3/$6 USD) - 2016/01/04 4:55:50 ET
Table 'Ulula' 2-max Seat #2 is the button
Seat 1: VolkovDmitri ($134.46 in chips)
Seat 2: jl45259071 ($106.57 in chips)
jl45259071: posts small blind $1
VolkovDmitri: posts big blind $3
*** HOLE CARDS ***
jl45259071: calls $2
VolkovDmitri: checks
*** FLOP *** [5s Th 2d]
VolkovDmitri: checks
jl45259071: bets $3
VolkovDmitri: folds
Uncalled bet ($3) returned to jl45259071
jl45259071 collected $5.88 from pot
*** SUMMARY ***
Total pot $6 | Rake $0.12
Board [5s Th 2d]
Seat 1: VolkovDmitri (big blind) folded on the Flop
Seat 2: jl45259071 (button) (small blind) collected ($5.88)


PokerStars Hand #146438642905:  Hold'em Limit ($3/$6 USD) - 2016/01/04 4:57:00 ET
Table 'Ulula' 2-max Seat #1 is the button
Seat 1: VolkovDmitri ($134.10 in chips)
Seat 2: jl45259071 ($106.21 in chips)
VolkovDmitri: posts small blind $1
jl45259071: posts big blind $3
*** HOLE CARDS ***
VolkovDmitri: raises $3 to $6
jl45259071: calls $3
*** FLOP *** [8h 4h Ad]
jl45259071: checks
VolkovDmitri: bets $3
jl45259071: calls $3
*** TURN *** [8h 4h Ad] [Ac]
jl45259071: checks
VolkovDmitri: checks
*** RIVER *** [8h 4h Ad Ac] [7h]
jl45259071: bets $6
VolkovDmitri: folds
Uncalled bet ($6) returned to jl45259071
jl45259071 collected $17.64 from pot
*** SUMMARY ***
Total pot $18 | Rake $0.36
Board [8h 4h Ad Ac 7h]
Seat 1: VolkovDmitri (button) (small blind) folded on the River
Seat 2: jl45259071 (big blind) collected ($17.64)


PokerStars Hand #146438625153:  Hold'em Limit ($3/$6 USD) - 2016/01/04 4:56:13 ET
Table 'Ulula' 2-max Seat #1 is the button
Seat 1: VolkovDmitri ($131.46 in chips)
Seat 2: jl45259071 ($109.45 in chips)
VolkovDmitri: posts small blind $1
jl45259071: posts big blind $3
*** HOLE CARDS ***
VolkovDmitri: raises $3 to $6
jl45259071: calls $3
*** FLOP *** [Ah 9s 6d]
jl45259071: checks
VolkovDmitri: bets $3
jl45259071: calls $3
*** TURN *** [Ah 9s 6d] [2h]
jl45259071: checks
VolkovDmitri: bets $6
jl45259071: folds
Uncalled bet ($6) returned to VolkovDmitri
VolkovDmitri collected $17.64 from pot
VolkovDmitri: doesn't show hand
*** SUMMARY ***
Total pot $18 | Rake $0.36
Board [Ah 9s 6d 2h]
Seat 1: VolkovDmitri (button) (small blind) collected ($17.64)
Seat 2: jl45259071 (big blind) folded on the Turn


PokerStars Hand #146438634778:  Hold'em Limit ($3/$6 USD) - 2016/01/04 4:56:39 ET
Table 'Ulula' 2-max Seat #2 is the button
Seat 1: VolkovDmitri ($140.10 in chips)
Seat 2: jl45259071 ($100.45 in chips)
jl45259071: posts small blind $1
VolkovDmitri: posts big blind $3
*** HOLE CARDS ***
jl45259071: raises $3 to $6
VolkovDmitri: calls $3
*** FLOP *** [4s Jc 9d]
VolkovDmitri: checks
jl45259071: bets $3
VolkovDmitri: folds
Uncalled bet ($3) returned to jl45259071
jl45259071 collected $11.76 from pot
*** SUMMARY ***
Total pot $12 | Rake $0.24
Board [4s Jc 9d]
Seat 1: VolkovDmitri (big blind) folded on the Flop
Seat 2: jl45259071 (button) (small blind) collected ($11.76)


PokerStars Hand #146438673748:  Hold'em Limit ($3/$6 USD) - 2016/01/04 4:58:19 ET
Table 'Ulula' 2-max Seat #2 is the button
Seat 1: VolkovDmitri ($151.48 in chips)
Seat 2: jl45259071 ($87.85 in chips)
jl45259071: posts small blind $1
VolkovDmitri: posts big blind $3
*** HOLE CARDS ***
jl45259071: calls $2
VolkovDmitri: raises $3 to $6
jl45259071: calls $3
*** FLOP *** [7d 2c Ad]
VolkovDmitri: bets $3
jl45259071: folds
Uncalled bet ($3) returned to VolkovDmitri
VolkovDmitri collected $11.76 from pot
VolkovDmitri: doesn't show hand
*** SUMMARY ***
Total pot $12 | Rake $0.24
Board [7d 2c Ad]
Seat 1: VolkovDmitri (big blind) collected ($11.76)
Seat 2: jl45259071 (button) (small blind) folded on the Flop


PokerStars Hand #146438662469:  Hold'em Limit ($3/$6 USD) - 2016/01/04 4:57:50 ET
Table 'Ulula' 2-max Seat #1 is the button
Seat 1: VolkovDmitri ($127.98 in chips)
Seat 2: jl45259071 ($111.85 in chips)
VolkovDmitri: posts small blind $1
jl45259071: posts big blind $3
*** HOLE CARDS ***
VolkovDmitri: raises $3 to $6
jl45259071: raises $3 to $9
VolkovDmitri: calls $3
*** FLOP *** [3d 9s 3h]
jl45259071: bets $3
VolkovDmitri: calls $3
*** TURN *** [3d 9s 3h] [Jc]
jl45259071: bets $6
VolkovDmitri: raises $6 to $12
jl45259071: calls $6
*** RIVER *** [3d 9s 3h Jc] [9h]
jl45259071: checks
VolkovDmitri: bets $6
jl45259071: folds
Uncalled bet ($6) returned to VolkovDmitri
VolkovDmitri collected $47.50 from pot
VolkovDmitri: doesn't show hand
*** SUMMARY ***
Total pot $48 | Rake $0.50
Board [3d 9s 3h Jc 9h]
Seat 1: VolkovDmitri (button) (small blind) collected ($47.50)
Seat 2: jl45259071 (big blind) folded on the River


PokerStars Hand #146438650952:  Hold'em Limit ($3/$6 USD) - 2016/01/04 4:57:21 ET
Table 'Ulula' 2-max Seat #2 is the button
Seat 1: VolkovDmitri ($125.10 in chips)
Seat 2: jl45259071 ($114.85 in chips)
jl45259071: posts small blind $1
VolkovDmitri: posts big blind $3
*** HOLE CARDS ***
jl45259071: calls $2
VolkovDmitri: checks
*** FLOP *** [Ad Qs Qd]
VolkovDmitri: checks
jl45259071: checks
*** TURN *** [Ad Qs Qd] [Jh]
VolkovDmitri: checks
jl45259071: checks
*** RIVER *** [Ad Qs Qd Jh] [3s]
VolkovDmitri: checks
jl45259071: checks
*** SHOW DOWN ***
VolkovDmitri: shows [Kd 2s] (a pair of Queens)
jl45259071: mucks hand
VolkovDmitri collected $5.88 from pot
*** SUMMARY ***
Total pot $6 | Rake $0.12
Board [Ad Qs Qd Jh 3s]
Seat 1: VolkovDmitri (big blind) showed [Kd 2s] and won ($5.88) with a pair of Queens
Seat 2: jl45259071 (button) (small blind) mucked


PokerStars Hand #146438692761:  Hold'em Limit ($3/$6 USD) - 2016/01/04 4:59:10 ET
Table 'Ulula' 2-max Seat #2 is the button
Seat 1: VolkovDmitri ($143.24 in chips)
Seat 2: jl45259071 ($95.25 in chips)
jl45259071: posts small blind $1
VolkovDmitri: posts big blind $3
*** HOLE CARDS ***
jl45259071: calls $2
VolkovDmitri: raises $3 to $6
jl45259071: calls $3
*** FLOP *** [3d Kc Ad]
VolkovDmitri: bets $3
jl45259071: calls $3
*** TURN *** [3d Kc Ad] [2h]
VolkovDmitri: bets $6
jl45259071: folds
Uncalled bet ($6) returned to VolkovDmitri
VolkovDmitri collected $17.64 from pot
VolkovDmitri: doesn't show hand
*** SUMMARY ***
Total pot $18 | Rake $0.36
Board [3d Kc Ad 2h]
Seat 1: VolkovDmitri (big blind) collected ($17.64)
Seat 2: jl45259071 (button) (small blind) folded on the Turn


PokerStars Hand #146438685746:  Hold'em Limit ($3/$6 USD) - 2016/01/04 4:58:51 ET
Table 'Ulula' 2-max Seat #1 is the button
Seat 1: VolkovDmitri ($149.24 in chips)
Seat 2: jl45259071 ($89.49 in chips)
VolkovDmitri: posts small blind $1
jl45259071: posts big blind $3
*** HOLE CARDS ***
VolkovDmitri: raises $3 to $6
jl45259071: calls $3
*** FLOP *** [6h Kc 5s]
jl45259071: checks
VolkovDmitri: checks
*** TURN *** [6h Kc 5s] [Ts]
jl45259071: bets $6
VolkovDmitri: folds
Uncalled bet ($6) returned to jl45259071
jl45259071 collected $11.76 from pot
*** SUMMARY ***
Total pot $12 | Rake $0.24
Board [6h Kc 5s Ts]
Seat 1: VolkovDmitri (button) (small blind) folded on the Turn
Seat 2: jl45259071 (big blind) collected ($11.76)


PokerStars Hand #146438683733:  Hold'em Limit ($3/$6 USD) - 2016/01/04 4:58:46 ET
Table 'Ulula' 2-max Seat #2 is the button
Seat 1: VolkovDmitri ($148.24 in chips)
Seat 2: jl45259071 ($90.49 in chips)
jl45259071: posts small blind $1
VolkovDmitri: posts big blind $3
*** HOLE CARDS ***
jl45259071: folds
Uncalled bet ($2) returned to VolkovDmitri
VolkovDmitri collected $2 from pot
VolkovDmitri: doesn't show hand
*** SUMMARY ***
Total pot $2 | Rake $0
Seat 1: VolkovDmitri (big blind) collected ($2)
Seat 2: jl45259071 (button) (small blind) folded before Flop


PokerStars Hand #146438677398:  Hold'em Limit ($3/$6 USD) - 2016/01/04 4:58:29 ET
Table 'Ulula' 2-max Seat #1 is the button
Seat 1: VolkovDmitri ($157.24 in chips)
Seat 2: jl45259071 ($81.85 in chips)
VolkovDmitri: posts small blind $1
jl45259071: posts big blind $3
*** HOLE CARDS ***
VolkovDmitri: raises $3 to $6
jl45259071: raises $3 to $9
VolkovDmitri: calls $3
*** FLOP *** [3d Qc Qd]
jl45259071: bets $3
VolkovDmitri: folds
Uncalled bet ($3) returned to jl45259071
jl45259071 collected $17.64 from pot
*** SUMMARY ***
Total pot $18 | Rake $0.36
Board [3d Qc Qd]
Seat 1: VolkovDmitri (button) (small blind) folded on the Flop
Seat 2: jl45259071 (big blind) collected ($17.64)


PokerStars Hand #146438711576:  Hold'em Limit ($3/$6 USD) - 2016/01/04 4:59:58 ET
Table 'Ulula' 2-max Seat #2 is the button
Seat 1: VolkovDmitri ($142.88 in chips)
Seat 2: jl45259071 ($94.89 in chips)
jl45259071: posts small blind $1
VolkovDmitri: posts big blind $3
*** HOLE CARDS ***
jl45259071: calls $2
VolkovDmitri: raises $3 to $6
jl45259071: calls $3
*** FLOP *** [Jc 4s 4d]
VolkovDmitri: bets $3
jl45259071: calls $3
*** TURN *** [Jc 4s 4d] [Kh]
VolkovDmitri: checks
jl45259071: checks
*** RIVER *** [Jc 4s 4d Kh] [5s]
VolkovDmitri: checks
jl45259071: checks
*** SHOW DOWN ***
VolkovDmitri: shows [6c Ac] (a pair of Fours)
jl45259071: mucks hand
VolkovDmitri collected $17.64 from pot
*** SUMMARY ***
Total pot $18 | Rake $0.36
Board [Jc 4s 4d Kh 5s]
Seat 1: VolkovDmitri (big blind) showed [6c Ac] and won ($17.64) with a pair of Fours
Seat 2: jl45259071 (button) (small blind) mucked


PokerStars Hand #146438698836:  Hold'em Limit ($3/$6 USD) - 2016/01/04 4:59:25 ET
Table 'Ulula' 2-max Seat #1 is the button
Seat 1: VolkovDmitri ($151.88 in chips)
Seat 2: jl45259071 ($86.25 in chips)
VolkovDmitri: posts small blind $1
jl45259071: posts big blind $3
*** HOLE CARDS ***
VolkovDmitri: raises $3 to $6
jl45259071: calls $3
*** FLOP *** [3d 8s Ac]
jl45259071: checks
VolkovDmitri: bets $3
jl45259071: calls $3
*** TURN *** [3d 8s Ac] [2c]
jl45259071: checks
VolkovDmitri: checks
*** RIVER *** [3d 8s Ac 2c] [9s]
jl45259071: bets $6
VolkovDmitri: folds
Uncalled bet ($6) returned to jl45259071
jl45259071 collected $17.64 from pot
*** SUMMARY ***
Total pot $18 | Rake $0.36
Board [3d 8s Ac 2c 9s]
Seat 1: VolkovDmitri (button) (small blind) folded on the River
Seat 2: jl45259071 (big blind) collected ($17.64)


PokerStars Hand #146438738884:  Hold'em Limit ($3/$6 USD) - 2016/01/04 5:01:06 ET
Table 'Ulula' 2-max Seat #1 is the button
Seat 1: VolkovDmitri ($151.28 in chips)
Seat 2: jl45259071 ($85.65 in chips)
VolkovDmitri: posts small blind $1
jl45259071: posts big blind $3
*** HOLE CARDS ***
VolkovDmitri: raises $3 to $6
jl45259071: calls $3
*** FLOP *** [Qd 7s 2s]
jl45259071: checks
VolkovDmitri: bets $3
jl45259071: calls $3
*** TURN *** [Qd 7s 2s] [Jd]
jl45259071: checks
VolkovDmitri: bets $6
jl45259071: folds
Uncalled bet ($6) returned to VolkovDmitri
VolkovDmitri collected $17.64 from pot
VolkovDmitri: doesn't show hand
*** SUMMARY ***
Total pot $18 | Rake $0.36
Board [Qd 7s 2s Jd]
Seat 1: VolkovDmitri (button) (small blind) collected ($17.64)
Seat 2: jl45259071 (big blind) folded on the Turn


PokerStars Hand #146438733071:  Hold'em Limit ($3/$6 USD) - 2016/01/04 5:00:52 ET
Table 'Ulula' 2-max Seat #2 is the button
Seat 1: VolkovDmitri ($157.28 in chips)
Seat 2: jl45259071 ($79.89 in chips)
jl45259071: posts small blind $1
VolkovDmitri: posts big blind $3
*** HOLE CARDS ***
jl45259071: raises $3 to $6
VolkovDmitri: calls $3
*** FLOP *** [Kd 2d Tc]
VolkovDmitri: checks
jl45259071: bets $3
VolkovDmitri: folds
Uncalled bet ($3) returned to jl45259071
jl45259071 collected $11.76 from pot
*** SUMMARY ***
Total pot $12 | Rake $0.24
Board [Kd 2d Tc]
Seat 1: VolkovDmitri (big blind) folded on the Flop
Seat 2: jl45259071 (button) (small blind) collected ($11.76)


PokerStars Hand #146438725949:  Hold'em Limit ($3/$6 USD) - 2016/01/04 5:00:34 ET
Table 'Ulula' 2-max Seat #1 is the button
Seat 1: VolkovDmitri ($151.52 in chips)
Seat 2: jl45259071 ($85.89 in chips)
VolkovDmitri: posts small blind $1
jl45259071: posts big blind $3
*** HOLE CARDS ***
VolkovDmitri: raises $3 to $6
jl45259071: calls $3
*** FLOP *** [Jc 6d Td]
jl45259071: checks
VolkovDmitri: bets $3
jl45259071: folds
Uncalled bet ($3) returned to VolkovDmitri
VolkovDmitri collected $11.76 from pot
VolkovDmitri: doesn't show hand
*** SUMMARY ***
Total pot $12 | Rake $0.24
Board [Jc 6d Td]
Seat 1: VolkovDmitri (button) (small blind) collected ($11.76)
Seat 2: jl45259071 (big blind) folded on the Flop


PokerStars Hand #146438746581:  Hold'em Limit ($3/$6 USD) - 2016/01/04 5:01:24 ET
Table 'Ulula' 2-max Seat #2 is the button
Seat 1: VolkovDmitri ($159.92 in chips)
Seat 2: jl45259071 ($76.65 in chips)
jl45259071: posts small blind $1
VolkovDmitri: posts big blind $3
*** HOLE CARDS ***
jl45259071: raises $3 to $6
VolkovDmitri: calls $3
*** FLOP *** [4c 2h 8d]
VolkovDmitri: checks
jl45259071: bets $3
VolkovDmitri: calls $3
*** TURN *** [4c 2h 8d] [6d]
VolkovDmitri: checks
jl45259071: bets $6
VolkovDmitri: calls $6
*** RIVER *** [4c 2h 8d 6d] [8s]
VolkovDmitri: checks
jl45259071: checks
*** SHOW DOWN ***
VolkovDmitri: shows [7c Td] (a pair of Eights)
jl45259071: shows [2d Kd] (two pair, Eights and Deuces)
jl45259071 collected $29.50 from pot
*** SUMMARY ***
Total pot $30 | Rake $0.50
Board [4c 2h 8d 6d 8s]
Seat 1: VolkovDmitri (big blind) showed [7c Td] and lost with a pair of Eights
Seat 2: jl45259071 (button) (small blind) showed [2d Kd] and won ($29.50) with two pair, Eights and Deuces


PokerStars Hand #146438772014:  Hold'em Limit ($3/$6 USD) - 2016/01/04 5:02:23 ET
Table 'Ulula' 2-max Seat #1 is the button
Seat 1: VolkovDmitri ($138.56 in chips)
Seat 2: jl45259071 ($96.65 in chips)
VolkovDmitri: posts small blind $1
jl45259071: posts big blind $3
*** HOLE CARDS ***
VolkovDmitri: raises $3 to $6
jl45259071: raises $3 to $9
VolkovDmitri: calls $3
*** FLOP *** [Kc 6h 4c]
jl45259071: bets $3
VolkovDmitri: folds
Uncalled bet ($3) returned to jl45259071
jl45259071 collected $17.64 from pot
*** SUMMARY ***
Total pot $18 | Rake $0.36
Board [Kc 6h 4c]
Seat 1: VolkovDmitri (button) (small blind) folded on the Flop
Seat 2: jl45259071 (big blind) collected ($17.64)


PokerStars Hand #146438755362:  Hold'em Limit ($3/$6 USD) - 2016/01/04 5:01:45 ET
Table 'Ulula' 2-max Seat #1 is the button
Seat 1: VolkovDmitri ($144.92 in chips)
Seat 2: jl45259071 ($91.15 in chips)
VolkovDmitri: posts small blind $1
jl45259071: posts big blind $3
*** HOLE CARDS ***
VolkovDmitri: raises $3 to $6
jl45259071: calls $3
*** FLOP *** [4s 8c 8s]
jl45259071: checks
VolkovDmitri: bets $3
jl45259071: calls $3
*** TURN *** [4s 8c 8s] [7s]
jl45259071: checks
VolkovDmitri: bets $6
jl45259071: calls $6
*** RIVER *** [4s 8c 8s 7s] [8d]
jl45259071: checks
VolkovDmitri: checks
*** SHOW DOWN ***
jl45259071: shows [As 3h] (three of a kind, Eights)
VolkovDmitri: mucks hand
jl45259071 collected $29.50 from pot
*** SUMMARY ***
Total pot $30 | Rake $0.50
Board [4s 8c 8s 7s 8d]
Seat 1: VolkovDmitri (button) (small blind) mucked
Seat 2: jl45259071 (big blind) showed [As 3h] and won ($29.50) with three of a kind, Eights


PokerStars Hand #146438765547:  Hold'em Limit ($3/$6 USD) - 2016/01/04 5:02:08 ET
Table 'Ulula' 2-max Seat #2 is the button
Seat 1: VolkovDmitri ($129.92 in chips)
Seat 2: jl45259071 ($105.65 in chips)
jl45259071: posts small blind $1
VolkovDmitri: posts big blind $3
*** HOLE CARDS ***
jl45259071: calls $2
VolkovDmitri: raises $3 to $6
jl45259071: calls $3
*** FLOP *** [6c 3d Js]
VolkovDmitri: bets $3
jl45259071: calls $3
*** TURN *** [6c 3d Js] [8s]
VolkovDmitri: bets $6
jl45259071: folds
Uncalled bet ($6) returned to VolkovDmitri
VolkovDmitri collected $17.64 from pot
VolkovDmitri: doesn't show hand
*** SUMMARY ***
Total pot $18 | Rake $0.36
Board [6c 3d Js 8s]
Seat 1: VolkovDmitri (big blind) collected ($17.64)
Seat 2: jl45259071 (button) (small blind) folded on the Turn


PokerStars Hand #146438778390:  Hold'em Limit ($3/$6 USD) - 2016/01/04 5:02:37 ET
Table 'Ulula' 2-max Seat #2 is the button
Seat 1: VolkovDmitri ($129.56 in chips)
Seat 2: jl45259071 ($105.29 in chips)
jl45259071: posts small blind $1
VolkovDmitri: posts big blind $3
*** HOLE CARDS ***
jl45259071: calls $2
VolkovDmitri: raises $3 to $6
jl45259071: calls $3
*** FLOP *** [Jh Kc 5c]
VolkovDmitri: bets $3
jl45259071: calls $3
*** TURN *** [Jh Kc 5c] [Js]
VolkovDmitri: checks
jl45259071: bets $6
VolkovDmitri: calls $6
*** RIVER *** [Jh Kc 5c Js] [3d]
VolkovDmitri: checks
jl45259071: bets $6
VolkovDmitri: calls $6
*** SHOW DOWN ***
jl45259071: shows [Jd Th] (three of a kind, Jacks)
VolkovDmitri: mucks hand
jl45259071 collected $41.50 from pot
*** SUMMARY ***
Total pot $42 | Rake $0.50
Board [Jh Kc 5c Js 3d]
Seat 1: VolkovDmitri (big blind) mucked
Seat 2: jl45259071 (button) (small blind) showed [Jd Th] and won ($41.50) with three of a kind, Jacks


PokerStars Hand #146438801162:  Hold'em Limit ($3/$6 USD) - 2016/01/04 5:03:27 ET
Table 'Ulula' 2-max Seat #1 is the button
Seat 1: VolkovDmitri ($120 in chips)
Seat 2: jl45259071 ($125.79 in chips)
VolkovDmitri: posts small blind $1
jl45259071: posts big blind $3
*** HOLE CARDS ***
VolkovDmitri: raises $3 to $6
jl45259071: calls $3
*** FLOP *** [4s 2h 7d]
jl45259071: checks
VolkovDmitri: bets $3
jl45259071: calls $3
*** TURN *** [4s 2h 7d] [Kd]
jl45259071: checks
VolkovDmitri: bets $6
jl45259071: calls $6
*** RIVER *** [4s 2h 7d Kd] [Qh]
jl45259071: checks
VolkovDmitri: bets $6
jl45259071: calls $6
*** SHOW DOWN ***
VolkovDmitri: shows [4c Qs] (two pair, Queens and Fours)
jl45259071: mucks hand
VolkovDmitri collected $41.50 from pot
*** SUMMARY ***
Total pot $42 | Rake $0.50
Board [4s 2h 7d Kd Qh]
Seat 1: VolkovDmitri (button) (small blind) showed [4c Qs] and won ($41.50) with two pair, Queens and Fours
Seat 2: jl45259071 (big blind) mucked


PokerStars Hand #146438815290:  Hold'em Limit ($3/$6 USD) - 2016/01/04 5:03:59 ET
Table 'Ulula' 2-max Seat #2 is the button
Seat 1: VolkovDmitri ($140.50 in chips)
Seat 2: jl45259071 ($104.79 in chips)
jl45259071: posts small blind $1
VolkovDmitri: posts big blind $3
*** HOLE CARDS ***
jl45259071: raises $3 to $6
VolkovDmitri: calls $3
*** FLOP *** [5d Jd Js]
VolkovDmitri: checks
jl45259071: bets $3
VolkovDmitri: folds
Uncalled bet ($3) returned to jl45259071
jl45259071 collected $11.76 from pot
*** SUMMARY ***
Total pot $12 | Rake $0.24
Board [5d Jd Js]
Seat 1: VolkovDmitri (big blind) folded on the Flop
Seat 2: jl45259071 (button) (small blind) collected ($11.76)


PokerStars Hand #146438823284:  Hold'em Limit ($3/$6 USD) - 2016/01/04 5:04:16 ET
Table 'Ulula' 2-max Seat #1 is the button
Seat 1: VolkovDmitri ($134.50 in chips)
Seat 2: jl45259071 ($110.55 in chips)
VolkovDmitri: posts small blind $1
jl45259071: posts big blind $3
*** HOLE CARDS ***
VolkovDmitri: raises $3 to $6
jl45259071: calls $3
*** FLOP *** [9d 3h 8h]
jl45259071: checks
VolkovDmitri: bets $3
jl45259071: raises $3 to $6
VolkovDmitri: calls $3
*** TURN *** [9d 3h 8h] [Qs]
jl45259071: bets $6
VolkovDmitri: calls $6
*** RIVER *** [9d 3h 8h Qs] [7d]
jl45259071: bets $6
VolkovDmitri: folds
Uncalled bet ($6) returned to jl45259071
jl45259071 collected $35.50 from pot
*** SUMMARY ***
Total pot $36 | Rake $0.50
Board [9d 3h 8h Qs 7d]
Seat 1: VolkovDmitri (button) (small blind) folded on the River
Seat 2: jl45259071 (big blind) collected ($35.50)


PokerStars Hand #146438843934:  Hold'em Limit ($3/$6 USD) - 2016/01/04 5:05:02 ET
Table 'Ulula' 2-max Seat #2 is the button
Seat 1: VolkovDmitri ($120 in chips)
Seat 2: jl45259071 ($128.05 in chips)
jl45259071: posts small blind $1
VolkovDmitri: posts big blind $3
*** HOLE CARDS ***
jl45259071: calls $2
VolkovDmitri: raises $3 to $6
jl45259071: raises $3 to $9
VolkovDmitri: raises $3 to $12
Betting is capped
jl45259071: calls $3
*** FLOP *** [Ac Td 9s]
VolkovDmitri: bets $3
jl45259071: calls $3
*** TURN *** [Ac Td 9s] [4h]
VolkovDmitri: checks
jl45259071: checks
*** RIVER *** [Ac Td 9s 4h] [9d]
VolkovDmitri: checks
jl45259071: bets $6
VolkovDmitri: calls $6
*** SHOW DOWN ***
jl45259071: shows [8c 8s] (two pair, Nines and Eights)
VolkovDmitri: mucks hand
jl45259071 collected $41.50 from pot
*** SUMMARY ***
Total pot $42 | Rake $0.50
Board [Ac Td 9s 4h 9d]
Seat 1: VolkovDmitri (big blind) mucked
Seat 2: jl45259071 (button) (small blind) showed [8c 8s] and won ($41.50) with two pair, Nines and Eights


PokerStars Hand #146438868761:  Hold'em Limit ($3/$6 USD) - 2016/01/04 5:05:55 ET
Table 'Ulula' 2-max Seat #1 is the button
Seat 1: VolkovDmitri ($120 in chips)
Seat 2: jl45259071 ($148.55 in chips)
VolkovDmitri: posts small blind $1
jl45259071: posts big blind $3
*** HOLE CARDS ***
VolkovDmitri: raises $3 to $6
jl45259071: calls $3
*** FLOP *** [Tc 7c 2c]
jl45259071: checks
VolkovDmitri: bets $3
jl45259071: calls $3
*** TURN *** [Tc 7c 2c] [Kc]
jl45259071: checks
VolkovDmitri: bets $6
jl45259071: folds
Uncalled bet ($6) returned to VolkovDmitri
VolkovDmitri collected $17.64 from pot
VolkovDmitri: doesn't show hand
*** SUMMARY ***
Total pot $18 | Rake $0.36
Board [Tc 7c 2c Kc]
Seat 1: VolkovDmitri (button) (small blind) collected ($17.64)
Seat 2: jl45259071 (big blind) folded on the Turn


PokerStars Hand #146438879401:  Hold'em Limit ($3/$6 USD) - 2016/01/04 5:06:18 ET
Table 'Ulula' 2-max Seat #2 is the button
Seat 1: VolkovDmitri ($128.64 in chips)
Seat 2: jl45259071 ($139.55 in chips)
jl45259071: posts small blind $1
VolkovDmitri: posts big blind $3
*** HOLE CARDS ***
jl45259071: calls $2
VolkovDmitri: checks
*** FLOP *** [Ts Ac 5h]
VolkovDmitri: bets $3
jl45259071: calls $3
*** TURN *** [Ts Ac 5h] [Qs]
VolkovDmitri: checks
jl45259071: bets $6
VolkovDmitri: calls $6
*** RIVER *** [Ts Ac 5h Qs] [5c]
VolkovDmitri: checks
jl45259071: checks
*** SHOW DOWN ***
VolkovDmitri: shows [7h 5s] (three of a kind, Fives)
jl45259071: mucks hand
VolkovDmitri collected $23.52 from pot
*** SUMMARY ***
Total pot $24 | Rake $0.48
Board [Ts Ac 5h Qs 5c]
Seat 1: VolkovDmitri (big blind) showed [7h 5s] and won ($23.52) with three of a kind, Fives
Seat 2: jl45259071 (button) (small blind) mucked


PokerStars Hand #146438889202:  Hold'em Limit ($3/$6 USD) - 2016/01/04 5:06:40 ET
Table 'Ulula' 2-max Seat #1 is the button
Seat 1: VolkovDmitri ($140.16 in chips)
Seat 2: jl45259071 ($127.55 in chips)
VolkovDmitri: posts small blind $1
jl45259071: posts big blind $3
*** HOLE CARDS ***
VolkovDmitri: raises $3 to $6
jl45259071: calls $3
*** FLOP *** [2c 6c 7h]
jl45259071: checks
VolkovDmitri: bets $3
jl45259071: calls $3
*** TURN *** [2c 6c 7h] [Ts]
jl45259071: checks
VolkovDmitri: checks
*** RIVER *** [2c 6c 7h Ts] [Qc]
jl45259071: bets $6
VolkovDmitri: raises $6 to $12
jl45259071: folds
Uncalled bet ($6) returned to VolkovDmitri
VolkovDmitri collected $29.50 from pot
VolkovDmitri: doesn't show hand
*** SUMMARY ***
Total pot $30 | Rake $0.50
Board [2c 6c 7h Ts Qc]
Seat 1: VolkovDmitri (button) (small blind) collected ($29.50)
Seat 2: jl45259071 (big blind) folded on the River


PokerStars Hand #146438900572:  Hold'em Limit ($3/$6 USD) - 2016/01/04 5:07:04 ET
Table 'Ulula' 2-max Seat #2 is the button
Seat 1: VolkovDmitri ($154.66 in chips)
Seat 2: jl45259071 ($112.55 in chips)
jl45259071: posts small blind $1
VolkovDmitri: posts big blind $3
*** HOLE CARDS ***
jl45259071: calls $2
VolkovDmitri: checks
*** FLOP *** [Kd 6s 8d]
VolkovDmitri: checks
jl45259071: checks
*** TURN *** [Kd 6s 8d] [8h]
VolkovDmitri: checks
jl45259071: checks
*** RIVER *** [Kd 6s 8d 8h] [8c]
VolkovDmitri: checks
jl45259071: checks
*** SHOW DOWN ***
VolkovDmitri: shows [Jd 4h] (three of a kind, Eights)
jl45259071: shows [Qd 7h] (three of a kind, Eights - King+Queen kicker)
jl45259071 collected $5.88 from pot
*** SUMMARY ***
Total pot $6 | Rake $0.12
Board [Kd 6s 8d 8h 8c]
Seat 1: VolkovDmitri (big blind) showed [Jd 4h] and lost with three of a kind, Eights
Seat 2: jl45259071 (button) (small blind) showed [Qd 7h] and won ($5.88) with three of a kind, Eights


PokerStars Hand #146438910928:  Hold'em Limit ($3/$6 USD) - 2016/01/04 5:07:26 ET
Table 'Ulula' 2-max Seat #1 is the button
Seat 1: VolkovDmitri ($151.66 in chips)
Seat 2: jl45259071 ($115.43 in chips)
VolkovDmitri: posts small blind $1
jl45259071: posts big blind $3
*** HOLE CARDS ***
VolkovDmitri: raises $3 to $6
jl45259071: calls $3
*** FLOP *** [4h Js 3s]
jl45259071: checks
VolkovDmitri: bets $3
jl45259071: calls $3
*** TURN *** [4h Js 3s] [Ad]
jl45259071: checks
VolkovDmitri: bets $6
jl45259071: calls $6
*** RIVER *** [4h Js 3s Ad] [9d]
jl45259071: checks
VolkovDmitri: checks
*** SHOW DOWN ***
jl45259071: shows [Qc 5s] (high card Ace)
VolkovDmitri: mucks hand
jl45259071 collected $29.50 from pot
*** SUMMARY ***
Total pot $30 | Rake $0.50
Board [4h Js 3s Ad 9d]
Seat 1: VolkovDmitri (button) (small blind) mucked
Seat 2: jl45259071 (big blind) showed [Qc 5s] and won ($29.50) with high card Ace


PokerStars Hand #146438966185:  Hold'em Limit ($3/$6 USD) - 2016/01/04 5:09:25 ET
Table 'Ulula' 2-max Seat #1 is the button
Seat 1: VolkovDmitri ($130.06 in chips)
Seat 2: jl45259071 ($135.21 in chips)
VolkovDmitri: posts small blind $1
jl45259071: posts big blind $3
*** HOLE CARDS ***
VolkovDmitri: raises $3 to $6
jl45259071: calls $3
*** FLOP *** [Jc 8d 5c]
jl45259071: checks
VolkovDmitri: bets $3
jl45259071: calls $3
*** TURN *** [Jc 8d 5c] [Tc]
jl45259071: checks
VolkovDmitri: checks
*** RIVER *** [Jc 8d 5c Tc] [8c]
jl45259071: bets $6
VolkovDmitri: folds
Uncalled bet ($6) returned to jl45259071
jl45259071 collected $17.64 from pot
*** SUMMARY ***
Total pot $18 | Rake $0.36
Board [Jc 8d 5c Tc 8c]
Seat 1: VolkovDmitri (button) (small blind) folded on the River
Seat 2: jl45259071 (big blind) collected ($17.64)


PokerStars Hand #146438958842:  Hold'em Limit ($3/$6 USD) - 2016/01/04 5:09:09 ET
Table 'Ulula' 2-max Seat #2 is the button
Seat 1: VolkovDmitri ($136.06 in chips)
Seat 2: jl45259071 ($129.45 in chips)
jl45259071: posts small blind $1
VolkovDmitri: posts big blind $3
*** HOLE CARDS ***
jl45259071: raises $3 to $6
VolkovDmitri: calls $3
*** FLOP *** [9d 3d Qd]
VolkovDmitri: checks
jl45259071: bets $3
VolkovDmitri: folds
Uncalled bet ($3) returned to jl45259071
jl45259071 collected $11.76 from pot
*** SUMMARY ***
Total pot $12 | Rake $0.24
Board [9d 3d Qd]
Seat 1: VolkovDmitri (big blind) folded on the Flop
Seat 2: jl45259071 (button) (small blind) collected ($11.76)


PokerStars Hand #146438953324:  Hold'em Limit ($3/$6 USD) - 2016/01/04 5:08:58 ET
Table 'Ulula' 2-max Seat #1 is the button
Seat 1: VolkovDmitri ($130.30 in chips)
Seat 2: jl45259071 ($135.45 in chips)
VolkovDmitri: posts small blind $1
jl45259071: posts big blind $3
*** HOLE CARDS ***
VolkovDmitri: raises $3 to $6
jl45259071: calls $3
*** FLOP *** [Th Kd Ah]
jl45259071: checks
VolkovDmitri: bets $3
jl45259071: folds
Uncalled bet ($3) returned to VolkovDmitri
VolkovDmitri collected $11.76 from pot
VolkovDmitri: doesn't show hand
*** SUMMARY ***
Total pot $12 | Rake $0.24
Board [Th Kd Ah]
Seat 1: VolkovDmitri (button) (small blind) collected ($11.76)
Seat 2: jl45259071 (big blind) folded on the Flop


PokerStars Hand #146438948521:  Hold'em Limit ($3/$6 USD) - 2016/01/04 5:08:47 ET
Table 'Ulula' 2-max Seat #2 is the button
Seat 1: VolkovDmitri ($133.30 in chips)
Seat 2: jl45259071 ($132.45 in chips)
jl45259071: posts small blind $1
VolkovDmitri: posts big blind $3
*** HOLE CARDS ***
jl45259071: raises $3 to $6
VolkovDmitri: folds
Uncalled bet ($3) returned to jl45259071
jl45259071 collected $6 from pot
*** SUMMARY ***
Total pot $6 | Rake $0
Seat 1: VolkovDmitri (big blind) folded before Flop
Seat 2: jl45259071 (button) (small blind) collected ($6)


PokerStars Hand #146438988632:  Hold'em Limit ($3/$6 USD) - 2016/01/04 5:10:14 ET
Table 'Ulula' 2-max Seat #1 is the button
Seat 1: VolkovDmitri ($135.56 in chips)
Seat 2: jl45259071 ($128.85 in chips)
VolkovDmitri: posts small blind $1
jl45259071: posts big blind $3
*** HOLE CARDS ***
VolkovDmitri: raises $3 to $6
jl45259071: calls $3
*** FLOP *** [6h Qc Jd]
jl45259071: checks
VolkovDmitri: bets $3
jl45259071: folds
Uncalled bet ($3) returned to VolkovDmitri
VolkovDmitri collected $11.76 from pot
VolkovDmitri: doesn't show hand
*** SUMMARY ***
Total pot $12 | Rake $0.24
Board [6h Qc Jd]
Seat 1: VolkovDmitri (button) (small blind) collected ($11.76)
Seat 2: jl45259071 (big blind) folded on the Flop


PokerStars Hand #146438977798:  Hold'em Limit ($3/$6 USD) - 2016/01/04 5:09:50 ET
Table 'Ulula' 2-max Seat #2 is the button
Seat 1: VolkovDmitri ($121.06 in chips)
Seat 2: jl45259071 ($143.85 in chips)
jl45259071: posts small blind $1
VolkovDmitri: posts big blind $3
*** HOLE CARDS ***
jl45259071: raises $3 to $6
VolkovDmitri: calls $3
*** FLOP *** [4s 5d 4c]
VolkovDmitri: checks
jl45259071: bets $3
VolkovDmitri: calls $3
*** TURN *** [4s 5d 4c] [3h]
VolkovDmitri: checks
jl45259071: checks
*** RIVER *** [4s 5d 4c 3h] [6c]
VolkovDmitri: bets $6
jl45259071: calls $6
*** SHOW DOWN ***
VolkovDmitri: shows [Js 7h] (a straight, Three to Seven)
jl45259071: mucks hand
VolkovDmitri collected $29.50 from pot
*** SUMMARY ***
Total pot $30 | Rake $0.50
Board [4s 5d 4c 3h 6c]
Seat 1: VolkovDmitri (big blind) showed [Js 7h] and won ($29.50) with a straight, Three to Seven
Seat 2: jl45259071 (button) (small blind) mucked


PokerStars Hand #146439018488:  Hold'em Limit ($3/$6 USD) - 2016/01/04 5:11:18 ET
Table 'Ulula' 2-max Seat #2 is the button
Seat 1: VolkovDmitri ($123.32 in chips)
Seat 2: jl45259071 ($140.35 in chips)
jl45259071: posts small blind $1
VolkovDmitri: posts big blind $3
*** HOLE CARDS ***
jl45259071: calls $2
VolkovDmitri: raises $3 to $6
jl45259071: calls $3
*** FLOP *** [3s Kd 3d]
VolkovDmitri: bets $3
jl45259071: calls $3
*** TURN *** [3s Kd 3d] [Tc]
VolkovDmitri: checks
jl45259071: bets $6
VolkovDmitri: folds
Uncalled bet ($6) returned to jl45259071
jl45259071 collected $17.64 from pot
*** SUMMARY ***
Total pot $18 | Rake $0.36
Board [3s Kd 3d Tc]
Seat 1: VolkovDmitri (big blind) folded on the Turn
Seat 2: jl45259071 (button) (small blind) collected ($17.64)


PokerStars Hand #146439007647:  Hold'em Limit ($3/$6 USD) - 2016/01/04 5:10:54 ET
Table 'Ulula' 2-max Seat #1 is the button
Seat 1: VolkovDmitri ($138.32 in chips)
Seat 2: jl45259071 ($125.85 in chips)
VolkovDmitri: posts small blind $1
jl45259071: posts big blind $3
*** HOLE CARDS ***
VolkovDmitri: raises $3 to $6
jl45259071: calls $3
*** FLOP *** [3s 9c Ac]
jl45259071: checks
VolkovDmitri: bets $3
jl45259071: calls $3
*** TURN *** [3s 9c Ac] [Td]
jl45259071: checks
VolkovDmitri: checks
*** RIVER *** [3s 9c Ac Td] [3h]
jl45259071: bets $6
VolkovDmitri: calls $6
*** SHOW DOWN ***
jl45259071: shows [Jd Th] (two pair, Tens and Threes)
VolkovDmitri: mucks hand
jl45259071 collected $29.50 from pot
*** SUMMARY ***
Total pot $30 | Rake $0.50
Board [3s 9c Ac Td 3h]
Seat 1: VolkovDmitri (button) (small blind) mucked
Seat 2: jl45259071 (big blind) showed [Jd Th] and won ($29.50) with two pair, Tens and Threes


PokerStars Hand #146439002571:  Hold'em Limit ($3/$6 USD) - 2016/01/04 5:10:44 ET
Table 'Ulula' 2-max Seat #2 is the button
Seat 1: VolkovDmitri ($141.32 in chips)
Seat 2: jl45259071 ($122.85 in chips)
jl45259071: posts small blind $1
VolkovDmitri: posts big blind $3
*** HOLE CARDS ***
jl45259071: raises $3 to $6
VolkovDmitri: folds
Uncalled bet ($3) returned to jl45259071
jl45259071 collected $6 from pot
*** SUMMARY ***
Total pot $6 | Rake $0
Seat 1: VolkovDmitri (big blind) folded before Flop
Seat 2: jl45259071 (button) (small blind) collected ($6)


PokerStars Hand #146439056432:  Hold'em Limit ($3/$6 USD) - 2016/01/04 5:12:39 ET
Table 'Ulula' 2-max Seat #2 is the button
Seat 1: VolkovDmitri ($120 in chips)
Seat 2: jl45259071 ($150.63 in chips)
jl45259071: posts small blind $1
VolkovDmitri: posts big blind $3
*** HOLE CARDS ***
jl45259071: folds
Uncalled bet ($2) returned to VolkovDmitri
VolkovDmitri collected $2 from pot
VolkovDmitri: doesn't show hand
*** SUMMARY ***
Total pot $2 | Rake $0
Seat 1: VolkovDmitri (big blind) collected ($2)
Seat 2: jl45259071 (button) (small blind) folded before Flop


PokerStars Hand #146439040402:  Hold'em Limit ($3/$6 USD) - 2016/01/04 5:12:05 ET
Table 'Ulula' 2-max Seat #1 is the button
Seat 1: VolkovDmitri ($126.76 in chips)
Seat 2: jl45259071 ($141.99 in chips)
VolkovDmitri: posts small blind $1
jl45259071: posts big blind $3
*** HOLE CARDS ***
VolkovDmitri: raises $3 to $6
jl45259071: calls $3
*** FLOP *** [5d 8h Qd]
jl45259071: checks
VolkovDmitri: bets $3
jl45259071: calls $3
*** TURN *** [5d 8h Qd] [7c]
jl45259071: checks
VolkovDmitri: checks
*** RIVER *** [5d 8h Qd 7c] [8s]
jl45259071: bets $6
VolkovDmitri: folds
Uncalled bet ($6) returned to jl45259071
jl45259071 collected $17.64 from pot
*** SUMMARY ***
Total pot $18 | Rake $0.36
Board [5d 8h Qd 7c 8s]
Seat 1: VolkovDmitri (button) (small blind) folded on the River
Seat 2: jl45259071 (big blind) collected ($17.64)


PokerStars Hand #146439037483:  Hold'em Limit ($3/$6 USD) - 2016/01/04 5:11:59 ET
Table 'Ulula' 2-max Seat #2 is the button
Seat 1: VolkovDmitri ($125.76 in chips)
Seat 2: jl45259071 ($142.99 in chips)
jl45259071: posts small blind $1
VolkovDmitri: posts big blind $3
*** HOLE CARDS ***
jl45259071: folds
Uncalled bet ($2) returned to VolkovDmitri
VolkovDmitri collected $2 from pot
VolkovDmitri: doesn't show hand
*** SUMMARY ***
Total pot $2 | Rake $0
Seat 1: VolkovDmitri (big blind) collected ($2)
Seat 2: jl45259071 (button) (small blind) folded before Flop


PokerStars Hand #146439030584:  Hold'em Limit ($3/$6 USD) - 2016/01/04 5:11:44 ET
Table 'Ulula' 2-max Seat #1 is the button
Seat 1: VolkovDmitri ($120 in chips)
Seat 2: jl45259071 ($148.99 in chips)
VolkovDmitri: posts small blind $1
jl45259071: posts big blind $3
*** HOLE CARDS ***
VolkovDmitri: raises $3 to $6
jl45259071: calls $3
*** FLOP *** [Kc Js Ad]
jl45259071: checks
VolkovDmitri: bets $3
jl45259071: folds
Uncalled bet ($3) returned to VolkovDmitri
VolkovDmitri collected $11.76 from pot
VolkovDmitri: doesn't show hand
*** SUMMARY ***
Total pot $12 | Rake $0.24
Board [Kc Js Ad]
Seat 1: VolkovDmitri (button) (small blind) collected ($11.76)
Seat 2: jl45259071 (big blind) folded on the Flop


PokerStars Hand #146439083383:  Hold'em Limit ($3/$6 USD) - 2016/01/04 5:13:37 ET
Table 'Ulula' 2-max Seat #1 is the button
Seat 1: VolkovDmitri ($120.50 in chips)
Seat 2: jl45259071 ($149.13 in chips)
VolkovDmitri: posts small blind $1
jl45259071: posts big blind $3
*** HOLE CARDS ***
VolkovDmitri: folds
Uncalled bet ($2) returned to jl45259071
jl45259071 collected $2 from pot
*** SUMMARY ***
Total pot $2 | Rake $0
Seat 1: VolkovDmitri (button) (small blind) folded before Flop
Seat 2: jl45259071 (big blind) collected ($2)


PokerStars Hand #146439072735:  Hold'em Limit ($3/$6 USD) - 2016/01/04 5:13:14 ET
Table 'Ulula' 2-max Seat #2 is the button
Seat 1: VolkovDmitri ($135.50 in chips)
Seat 2: jl45259071 ($134.63 in chips)
jl45259071: posts small blind $1
VolkovDmitri: posts big blind $3
*** HOLE CARDS ***
jl45259071: calls $2
VolkovDmitri: raises $3 to $6
jl45259071: calls $3
*** FLOP *** [Kd 5c Kh]
VolkovDmitri: bets $3
jl45259071: calls $3
*** TURN *** [Kd 5c Kh] [6c]
VolkovDmitri: bets $6
jl45259071: calls $6
*** RIVER *** [Kd 5c Kh 6c] [9h]
VolkovDmitri: checks
jl45259071: bets $6
VolkovDmitri: folds
Uncalled bet ($6) returned to jl45259071
jl45259071 collected $29.50 from pot
*** SUMMARY ***
Total pot $30 | Rake $0.50
Board [Kd 5c Kh 6c 9h]
Seat 1: VolkovDmitri (big blind) folded on the River
Seat 2: jl45259071 (button) (small blind) collected ($29.50)


PokerStars Hand #146439058890:  Hold'em Limit ($3/$6 USD) - 2016/01/04 5:12:45 ET
Table 'Ulula' 2-max Seat #1 is the button
Seat 1: VolkovDmitri ($121 in chips)
Seat 2: jl45259071 ($149.63 in chips)
VolkovDmitri: posts small blind $1
jl45259071: posts big blind $3
*** HOLE CARDS ***
VolkovDmitri: raises $3 to $6
jl45259071: calls $3
*** FLOP *** [Ah 8s 5h]
jl45259071: checks
VolkovDmitri: bets $3
jl45259071: calls $3
*** TURN *** [Ah 8s 5h] [4d]
jl45259071: checks
VolkovDmitri: bets $6
jl45259071: calls $6
*** RIVER *** [Ah 8s 5h 4d] [Ts]
jl45259071: checks
VolkovDmitri: checks
*** SHOW DOWN ***
jl45259071: shows [3s 4h] (a pair of Fours)
VolkovDmitri: shows [5d 9h] (a pair of Fives)
VolkovDmitri collected $29.50 from pot
*** SUMMARY ***
Total pot $30 | Rake $0.50
Board [Ah 8s 5h 4d Ts]
Seat 1: VolkovDmitri (button) (small blind) showed [5d 9h] and won ($29.50) with a pair of Fives
Seat 2: jl45259071 (big blind) showed [3s 4h] and lost with a pair of Fours


PokerStars Hand #146439104100:  Hold'em Limit ($3/$6 USD) - 2016/01/04 5:14:21 ET
Table 'Ulula' 2-max Seat #1 is the button
Seat 1: VolkovDmitri ($120 in chips)
Seat 2: jl45259071 ($153.01 in chips)
VolkovDmitri: posts small blind $1
jl45259071: posts big blind $3
*** HOLE CARDS ***
VolkovDmitri: raises $3 to $6
jl45259071: calls $3
*** FLOP *** [3s 2s 6s]
jl45259071: checks
VolkovDmitri: bets $3
jl45259071: raises $3 to $6
VolkovDmitri: calls $3
*** TURN *** [3s 2s 6s] [3h]
jl45259071: bets $6
VolkovDmitri: calls $6
*** RIVER *** [3s 2s 6s 3h] [Ts]
jl45259071: bets $6
VolkovDmitri: folds
Uncalled bet ($6) returned to jl45259071
jl45259071 collected $35.50 from pot
*** SUMMARY ***
Total pot $36 | Rake $0.50
Board [3s 2s 6s 3h Ts]
Seat 1: VolkovDmitri (button) (small blind) folded on the River
Seat 2: jl45259071 (big blind) collected ($35.50)


PokerStars Hand #146439090068:  Hold'em Limit ($3/$6 USD) - 2016/01/04 5:13:51 ET
Table 'Ulula' 2-max Seat #2 is the button
Seat 1: VolkovDmitri ($120 in chips)
Seat 2: jl45259071 ($150.13 in chips)
jl45259071: posts small blind $1
VolkovDmitri: posts big blind $3
*** HOLE CARDS ***
jl45259071: calls $2
VolkovDmitri: checks
*** FLOP *** [Th 6h 7d]
VolkovDmitri: checks
jl45259071: bets $3
VolkovDmitri: folds
Uncalled bet ($3) returned to jl45259071
jl45259071 collected $5.88 from pot
*** SUMMARY ***
Total pot $6 | Rake $0.12
Board [Th 6h 7d]
Seat 1: VolkovDmitri (big blind) folded on the Flop
Seat 2: jl45259071 (button) (small blind) collected ($5.88)


PokerStars Hand #146439130065:  Hold'em Limit ($3/$6 USD) - 2016/01/04 5:15:15 ET
Table 'Ulula' 2-max Seat #2 is the button
Seat 1: VolkovDmitri ($120 in chips)
Seat 2: jl45259071 ($191.01 in chips)
jl45259071: posts small blind $1
VolkovDmitri: posts big blind $3
*** HOLE CARDS ***
jl45259071: raises $3 to $6
VolkovDmitri: calls $3
*** FLOP *** [Kh 6h Kc]
VolkovDmitri: checks
jl45259071: bets $3
VolkovDmitri: raises $3 to $6
jl45259071: calls $3
*** TURN *** [Kh 6h Kc] [Jd]
VolkovDmitri: bets $6
jl45259071: calls $6
*** RIVER *** [Kh 6h Kc Jd] [7h]
VolkovDmitri: bets $6
jl45259071: folds
Uncalled bet ($6) returned to VolkovDmitri
VolkovDmitri collected $35.50 from pot
VolkovDmitri: doesn't show hand
*** SUMMARY ***
Total pot $36 | Rake $0.50
Board [Kh 6h Kc Jd 7h]
Seat 1: VolkovDmitri (big blind) collected ($35.50)
Seat 2: jl45259071 (button) (small blind) folded on the River


PokerStars Hand #146439120348:  Hold'em Limit ($3/$6 USD) - 2016/01/04 5:14:55 ET
Table 'Ulula' 2-max Seat #1 is the button
Seat 1: VolkovDmitri ($120 in chips)
Seat 2: jl45259071 ($173.51 in chips)
VolkovDmitri: posts small blind $1
jl45259071: posts big blind $3
*** HOLE CARDS ***
VolkovDmitri: raises $3 to $6
jl45259071: raises $3 to $9
VolkovDmitri: calls $3
*** FLOP *** [5h 6c 2s]
jl45259071: bets $3
VolkovDmitri: calls $3
*** TURN *** [5h 6c 2s] [Jd]
jl45259071: bets $6
VolkovDmitri: calls $6
*** RIVER *** [5h 6c 2s Jd] [7d]
jl45259071: bets $6
VolkovDmitri: folds
Uncalled bet ($6) returned to jl45259071
jl45259071 collected $35.50 from pot
*** SUMMARY ***
Total pot $36 | Rake $0.50
Board [5h 6c 2s Jd 7d]
Seat 1: VolkovDmitri (button) (small blind) folded on the River
Seat 2: jl45259071 (big blind) collected ($35.50)


PokerStars Hand #146439117444:  Hold'em Limit ($3/$6 USD) - 2016/01/04 5:14:49 ET
Table 'Ulula' 2-max Seat #2 is the button
Seat 1: VolkovDmitri ($120 in chips)
Seat 2: jl45259071 ($170.51 in chips)
jl45259071: posts small blind $1
VolkovDmitri: posts big blind $3
*** HOLE CARDS ***
jl45259071: raises $3 to $6
VolkovDmitri: folds
Uncalled bet ($3) returned to jl45259071
jl45259071 collected $6 from pot
*** SUMMARY ***
Total pot $6 | Rake $0
Seat 1: VolkovDmitri (big blind) folded before Flop
Seat 2: jl45259071 (button) (small blind) collected ($6)


PokerStars Hand #146439166349:  Hold'em Limit ($3/$6 USD) - 2016/01/04 5:16:32 ET
Table 'Ulula' 2-max Seat #1 is the button
Seat 1: VolkovDmitri ($121 in chips)
Seat 2: jl45259071 ($212.01 in chips)
VolkovDmitri: posts small blind $1
jl45259071: posts big blind $3
*** HOLE CARDS ***
VolkovDmitri: raises $3 to $6
jl45259071: calls $3
*** FLOP *** [3c Qh Ac]
jl45259071: checks
VolkovDmitri: bets $3
jl45259071: folds
Uncalled bet ($3) returned to VolkovDmitri
VolkovDmitri collected $11.76 from pot
VolkovDmitri: doesn't show hand
*** SUMMARY ***
Total pot $12 | Rake $0.24
Board [3c Qh Ac]
Seat 1: VolkovDmitri (button) (small blind) collected ($11.76)
Seat 2: jl45259071 (big blind) folded on the Flop


PokerStars Hand #146439164163:  Hold'em Limit ($3/$6 USD) - 2016/01/04 5:16:28 ET
Table 'Ulula' 2-max Seat #2 is the button
Seat 1: VolkovDmitri ($120 in chips)
Seat 2: jl45259071 ($213.01 in chips)
jl45259071: posts small blind $1
VolkovDmitri: posts big blind $3
*** HOLE CARDS ***
jl45259071: folds
Uncalled bet ($2) returned to VolkovDmitri
VolkovDmitri collected $2 from pot
VolkovDmitri: doesn't show hand
*** SUMMARY ***
Total pot $2 | Rake $0
Seat 1: VolkovDmitri (big blind) collected ($2)
Seat 2: jl45259071 (button) (small blind) folded before Flop


PokerStars Hand #146439154465:  Hold'em Limit ($3/$6 USD) - 2016/01/04 5:16:07 ET
Table 'Ulula' 2-max Seat #1 is the button
Seat 1: VolkovDmitri ($121 in chips)
Seat 2: jl45259071 ($189.51 in chips)
VolkovDmitri: posts small blind $1
jl45259071: posts big blind $3
*** HOLE CARDS ***
VolkovDmitri: raises $3 to $6
jl45259071: calls $3
*** FLOP *** [3s 7c 4c]
jl45259071: checks
VolkovDmitri: bets $3
jl45259071: raises $3 to $6
VolkovDmitri: calls $3
*** TURN *** [3s 7c 4c] [6h]
jl45259071: bets $6
VolkovDmitri: calls $6
*** RIVER *** [3s 7c 4c 6h] [Td]
jl45259071: bets $6
VolkovDmitri: calls $6
*** SHOW DOWN ***
jl45259071: shows [3d Ts] (two pair, Tens and Threes)
VolkovDmitri: mucks hand
jl45259071 collected $47.50 from pot
*** SUMMARY ***
Total pot $48 | Rake $0.50
Board [3s 7c 4c 6h Td]
Seat 1: VolkovDmitri (button) (small blind) mucked
Seat 2: jl45259071 (big blind) showed [3d Ts] and won ($47.50) with two pair, Tens and Threes


PokerStars Hand #146439151924:  Hold'em Limit ($3/$6 USD) - 2016/01/04 5:16:02 ET
Table 'Ulula' 2-max Seat #2 is the button
Seat 1: VolkovDmitri ($120 in chips)
Seat 2: jl45259071 ($190.51 in chips)
jl45259071: posts small blind $1
VolkovDmitri: posts big blind $3
*** HOLE CARDS ***
jl45259071: folds
Uncalled bet ($2) returned to VolkovDmitri
VolkovDmitri collected $2 from pot
VolkovDmitri: doesn't show hand
*** SUMMARY ***
Total pot $2 | Rake $0
Seat 1: VolkovDmitri (big blind) collected ($2)
Seat 2: jl45259071 (button) (small blind) folded before Flop


PokerStars Hand #146439140498:  Hold'em Limit ($3/$6 USD) - 2016/01/04 5:15:37 ET
Table 'Ulula' 2-max Seat #1 is the button
Seat 1: VolkovDmitri ($137.50 in chips)
Seat 2: jl45259071 ($173.01 in chips)
VolkovDmitri: posts small blind $1
jl45259071: posts big blind $3
*** HOLE CARDS ***
VolkovDmitri: raises $3 to $6
jl45259071: calls $3
*** FLOP *** [8s 3d Ah]
jl45259071: checks
VolkovDmitri: bets $3
jl45259071: raises $3 to $6
VolkovDmitri: calls $3
*** TURN *** [8s 3d Ah] [2d]
jl45259071: bets $6
VolkovDmitri: calls $6
*** RIVER *** [8s 3d Ah 2d] [Kc]
jl45259071: bets $6
VolkovDmitri: folds
Uncalled bet ($6) returned to jl45259071
jl45259071 collected $35.50 from pot
*** SUMMARY ***
Total pot $36 | Rake $0.50
Board [8s 3d Ah 2d Kc]
Seat 1: VolkovDmitri (button) (small blind) folded on the River
Seat 2: jl45259071 (big blind) collected ($35.50)


PokerStars Hand #146439197125:  Hold'em Limit ($3/$6 USD) - 2016/01/04 5:17:37 ET
Table 'Ulula' 2-max Seat #2 is the button
Seat 1: VolkovDmitri ($120 in chips)
Seat 2: jl45259071 ($238.03 in chips)
jl45259071: posts small blind $1
VolkovDmitri: posts big blind $3
*** HOLE CARDS ***
jl45259071: calls $2
VolkovDmitri: raises $3 to $6
jl45259071: calls $3
*** FLOP *** [5c 2h 8s]
VolkovDmitri: bets $3
jl45259071: raises $3 to $6
VolkovDmitri: folds
Uncalled bet ($3) returned to jl45259071
jl45259071 collected $17.64 from pot
*** SUMMARY ***
Total pot $18 | Rake $0.36
Board [5c 2h 8s]
Seat 1: VolkovDmitri (big blind) folded on the Flop
Seat 2: jl45259071 (button) (small blind) collected ($17.64)


PokerStars Hand #146439186011:  Hold'em Limit ($3/$6 USD) - 2016/01/04 5:17:14 ET
Table 'Ulula' 2-max Seat #1 is the button
Seat 1: VolkovDmitri ($120 in chips)
Seat 2: jl45259071 ($217.53 in chips)
VolkovDmitri: posts small blind $1
jl45259071: posts big blind $3
*** HOLE CARDS ***
VolkovDmitri: raises $3 to $6
jl45259071: calls $3
*** FLOP *** [Qd 4h Qh]
jl45259071: checks
VolkovDmitri: bets $3
jl45259071: raises $3 to $6
VolkovDmitri: raises $3 to $9
jl45259071: calls $3
*** TURN *** [Qd 4h Qh] [2h]
jl45259071: checks
VolkovDmitri: bets $6
jl45259071: calls $6
*** RIVER *** [Qd 4h Qh 2h] [Ad]
jl45259071: checks
VolkovDmitri: checks
*** SHOW DOWN ***
jl45259071: shows [4c As] (two pair, Aces and Queens)
VolkovDmitri: mucks hand
jl45259071 collected $41.50 from pot
*** SUMMARY ***
Total pot $42 | Rake $0.50
Board [Qd 4h Qh 2h Ad]
Seat 1: VolkovDmitri (button) (small blind) mucked
Seat 2: jl45259071 (big blind) showed [4c As] and won ($41.50) with two pair, Aces and Queens


PokerStars Hand #146439175723:  Hold'em Limit ($3/$6 USD) - 2016/01/04 5:16:52 ET
Table 'Ulula' 2-max Seat #2 is the button
Seat 1: VolkovDmitri ($126.76 in chips)
Seat 2: jl45259071 ($206.01 in chips)
jl45259071: posts small blind $1
VolkovDmitri: posts big blind $3
*** HOLE CARDS ***
jl45259071: raises $3 to $6
VolkovDmitri: raises $3 to $9
jl45259071: calls $3
*** FLOP *** [3c Tc Ad]
VolkovDmitri: bets $3
jl45259071: calls $3
*** TURN *** [3c Tc Ad] [Ts]
VolkovDmitri: checks
jl45259071: bets $6
VolkovDmitri: folds
Uncalled bet ($6) returned to jl45259071
jl45259071 collected $23.52 from pot
*** SUMMARY ***
Total pot $24 | Rake $0.48
Board [3c Tc Ad Ts]
Seat 1: VolkovDmitri (big blind) folded on the Turn
Seat 2: jl45259071 (button) (small blind) collected ($23.52)


PokerStars Hand #146439204259:  Hold'em Limit ($3/$6 USD) - 2016/01/04 5:17:53 ET
Table 'Ulula' 2-max Seat #1 is the button
Seat 1: VolkovDmitri ($120 in chips)
Seat 2: jl45259071 ($246.67 in chips)
VolkovDmitri: posts small blind $1
jl45259071: posts big blind $3
*** HOLE CARDS ***
VolkovDmitri: raises $3 to $6
jl45259071: calls $3
*** FLOP *** [Qh Ac 9h]
jl45259071: checks
VolkovDmitri: bets $3
jl45259071: calls $3
*** TURN *** [Qh Ac 9h] [2c]
jl45259071: checks
VolkovDmitri: bets $6
jl45259071: calls $6
*** RIVER *** [Qh Ac 9h 2c] [8d]
jl45259071: checks
VolkovDmitri: bets $6
jl45259071: calls $6
*** SHOW DOWN ***
VolkovDmitri: shows [6d Ah] (a pair of Aces)
jl45259071: mucks hand
VolkovDmitri collected $41.50 from pot
*** SUMMARY ***
Total pot $42 | Rake $0.50
Board [Qh Ac 9h 2c 8d]
Seat 1: VolkovDmitri (button) (small blind) showed [6d Ah] and won ($41.50) with a pair of Aces
Seat 2: jl45259071 (big blind) mucked


PokerStars Hand #146439237512:  Hold'em Limit ($3/$6 USD) - 2016/01/04 5:19:02 ET
Table 'Ulula' 2-max Seat #1 is the button
Seat 1: VolkovDmitri ($155 in chips)
Seat 2: jl45259071 ($210.67 in chips)
VolkovDmitri: posts small blind $1
jl45259071: posts big blind $3
*** HOLE CARDS ***
VolkovDmitri: raises $3 to $6
jl45259071: calls $3
*** FLOP *** [As 6d 6s]
jl45259071: checks
VolkovDmitri: bets $3
jl45259071: calls $3
*** TURN *** [As 6d 6s] [3s]
jl45259071: checks
VolkovDmitri: checks
*** RIVER *** [As 6d 6s 3s] [Kd]
jl45259071: bets $6
VolkovDmitri: folds
Uncalled bet ($6) returned to jl45259071
jl45259071 collected $17.64 from pot
*** SUMMARY ***
Total pot $18 | Rake $0.36
Board [As 6d 6s 3s Kd]
Seat 1: VolkovDmitri (button) (small blind) folded on the River
Seat 2: jl45259071 (big blind) collected ($17.64)


PokerStars Hand #146439221791:  Hold'em Limit ($3/$6 USD) - 2016/01/04 5:18:29 ET
Table 'Ulula' 2-max Seat #2 is the button
Seat 1: VolkovDmitri ($140.50 in chips)
Seat 2: jl45259071 ($225.67 in chips)
jl45259071: posts small blind $1
VolkovDmitri: posts big blind $3
*** HOLE CARDS ***
jl45259071: calls $2
VolkovDmitri: raises $3 to $6
jl45259071: calls $3
*** FLOP *** [Th 4s 5d]
VolkovDmitri: bets $3
jl45259071: calls $3
*** TURN *** [Th 4s 5d] [3c]
VolkovDmitri: bets $6
jl45259071: calls $6
*** RIVER *** [Th 4s 5d 3c] [Js]
VolkovDmitri: bets $6
jl45259071: folds
Uncalled bet ($6) returned to VolkovDmitri
VolkovDmitri collected $29.50 from pot
VolkovDmitri: doesn't show hand
*** SUMMARY ***
Total pot $30 | Rake $0.50
Board [Th 4s 5d 3c Js]
Seat 1: VolkovDmitri (big blind) collected ($29.50)
Seat 2: jl45259071 (button) (small blind) folded on the River


PokerStars Hand #146439266506:  Hold'em Limit ($3/$6 USD) - 2016/01/04 5:20:03 ET
Table 'Ulula' 2-max Seat #1 is the button
Seat 1: VolkovDmitri ($143 in chips)
Seat 2: jl45259071 ($222.19 in chips)
VolkovDmitri: posts small blind $1
jl45259071: posts big blind $3
*** HOLE CARDS ***
VolkovDmitri: raises $3 to $6
jl45259071: calls $3
*** FLOP *** [Ah 7s As]
jl45259071: checks
VolkovDmitri: bets $3
jl45259071: calls $3
*** TURN *** [Ah 7s As] [Jd]
jl45259071: checks
VolkovDmitri: checks
*** RIVER *** [Ah 7s As Jd] [2d]
jl45259071: bets $6
VolkovDmitri: folds
Uncalled bet ($6) returned to jl45259071
jl45259071 collected $17.64 from pot
*** SUMMARY ***
Total pot $18 | Rake $0.36
Board [Ah 7s As Jd 2d]
Seat 1: VolkovDmitri (button) (small blind) folded on the River
Seat 2: jl45259071 (big blind) collected ($17.64)


PokerStars Hand #146439249546:  Hold'em Limit ($3/$6 USD) - 2016/01/04 5:19:28 ET
Table 'Ulula' 2-max Seat #2 is the button
Seat 1: VolkovDmitri ($146 in chips)
Seat 2: jl45259071 ($219.31 in chips)
jl45259071: posts small blind $1
VolkovDmitri: posts big blind $3
*** HOLE CARDS ***
jl45259071: calls $2
VolkovDmitri: checks
*** FLOP *** [3c Th Qs]
VolkovDmitri: checks
jl45259071: bets $3
VolkovDmitri: folds
Uncalled bet ($3) returned to jl45259071
jl45259071 collected $5.88 from pot
*** SUMMARY ***
Total pot $6 | Rake $0.12
Board [3c Th Qs]
Seat 1: VolkovDmitri (big blind) folded on the Flop
Seat 2: jl45259071 (button) (small blind) collected ($5.88)


PokerStars Hand #146439284935:  Hold'em Limit ($3/$6 USD) - 2016/01/04 5:20:42 ET
Table 'Ulula' 2-max Seat #2 is the button
Seat 1: VolkovDmitri ($134 in chips)
Seat 2: jl45259071 ($230.83 in chips)
jl45259071: posts small blind $1
VolkovDmitri: posts big blind $3
*** HOLE CARDS ***
jl45259071: calls $2
VolkovDmitri: checks
*** FLOP *** [4s 8s 9c]
VolkovDmitri: bets $3
jl45259071: calls $3
*** TURN *** [4s 8s 9c] [5h]
VolkovDmitri: checks
jl45259071: checks
*** RIVER *** [4s 8s 9c 5h] [2h]
VolkovDmitri: bets $6
jl45259071: calls $6
*** SHOW DOWN ***
VolkovDmitri: shows [4d 6c] (a pair of Fours)
jl45259071: mucks hand
VolkovDmitri collected $23.52 from pot
*** SUMMARY ***
Total pot $24 | Rake $0.48
Board [4s 8s 9c 5h 2h]
Seat 1: VolkovDmitri (big blind) showed [4d 6c] and won ($23.52) with a pair of Fours
Seat 2: jl45259071 (button) (small blind) mucked


PokerStars Hand #146439298790:  Hold'em Limit ($3/$6 USD) - 2016/01/04 5:21:11 ET
Table 'Ulula' 2-max Seat #1 is the button
Seat 1: VolkovDmitri ($145.52 in chips)
Seat 2: jl45259071 ($218.83 in chips)
VolkovDmitri: posts small blind $1
jl45259071: posts big blind $3
*** HOLE CARDS ***
VolkovDmitri: raises $3 to $6
jl45259071: calls $3
*** FLOP *** [6s 7h 9s]
jl45259071: checks
VolkovDmitri: checks
*** TURN *** [6s 7h 9s] [As]
jl45259071: bets $6
VolkovDmitri: raises $6 to $12
jl45259071: calls $6
*** RIVER *** [6s 7h 9s As] [Qh]
jl45259071: checks
VolkovDmitri: bets $6
jl45259071: calls $6
*** SHOW DOWN ***
VolkovDmitri: shows [Ac Kh] (a pair of Aces)
jl45259071: shows [7c Qs] (two pair, Queens and Sevens)
jl45259071 collected $47.50 from pot
*** SUMMARY ***
Total pot $48 | Rake $0.50
Board [6s 7h 9s As Qh]
Seat 1: VolkovDmitri (button) (small blind) showed [Ac Kh] and lost with a pair of Aces
Seat 2: jl45259071 (big blind) showed [7c Qs] and won ($47.50) with two pair, Queens and Sevens


PokerStars Hand #146439311805:  Hold'em Limit ($3/$6 USD) - 2016/01/04 5:21:38 ET
Table 'Ulula' 2-max Seat #2 is the button
Seat 1: VolkovDmitri ($121.52 in chips)
Seat 2: jl45259071 ($242.33 in chips)
jl45259071: posts small blind $1
VolkovDmitri: posts big blind $3
*** HOLE CARDS ***
jl45259071: calls $2
VolkovDmitri: raises $3 to $6
jl45259071: calls $3
*** FLOP *** [5c Th 5h]
VolkovDmitri: bets $3
jl45259071: calls $3
*** TURN *** [5c Th 5h] [9d]
VolkovDmitri: bets $6
jl45259071: folds
Uncalled bet ($6) returned to VolkovDmitri
VolkovDmitri collected $17.64 from pot
VolkovDmitri: doesn't show hand
*** SUMMARY ***
Total pot $18 | Rake $0.36
Board [5c Th 5h 9d]
Seat 1: VolkovDmitri (big blind) collected ($17.64)
Seat 2: jl45259071 (button) (small blind) folded on the Turn


PokerStars Hand #146439319923:  Hold'em Limit ($3/$6 USD) - 2016/01/04 5:21:55 ET
Table 'Ulula' 2-max Seat #1 is the button
Seat 1: VolkovDmitri ($130.16 in chips)
Seat 2: jl45259071 ($233.33 in chips)
VolkovDmitri: posts small blind $1
jl45259071: posts big blind $3
*** HOLE CARDS ***
VolkovDmitri: raises $3 to $6
jl45259071: calls $3
*** FLOP *** [7c 5d 4s]
jl45259071: checks
VolkovDmitri: bets $3
jl45259071: calls $3
*** TURN *** [7c 5d 4s] [Ah]
jl45259071: checks
VolkovDmitri: bets $6
jl45259071: folds
Uncalled bet ($6) returned to VolkovDmitri
VolkovDmitri collected $17.64 from pot
VolkovDmitri: doesn't show hand
*** SUMMARY ***
Total pot $18 | Rake $0.36
Board [7c 5d 4s Ah]
Seat 1: VolkovDmitri (button) (small blind) collected ($17.64)
Seat 2: jl45259071 (big blind) folded on the Turn


PokerStars Hand #146439334372:  Hold'em Limit ($3/$6 USD) - 2016/01/04 5:22:25 ET
Table 'Ulula' 2-max Seat #2 is the button
Seat 1: VolkovDmitri ($138.80 in chips)
Seat 2: jl45259071 ($224.33 in chips)
jl45259071: posts small blind $1
VolkovDmitri: posts big blind $3
*** HOLE CARDS ***
jl45259071: calls $2
VolkovDmitri: raises $3 to $6
jl45259071: calls $3
*** FLOP *** [6d 6c 4h]
VolkovDmitri: bets $3
jl45259071: calls $3
*** TURN *** [6d 6c 4h] [Jd]
VolkovDmitri: checks
jl45259071: bets $6
VolkovDmitri: folds
Uncalled bet ($6) returned to jl45259071
jl45259071 collected $17.64 from pot
*** SUMMARY ***
Total pot $18 | Rake $0.36
Board [6d 6c 4h Jd]
Seat 1: VolkovDmitri (big blind) folded on the Turn
Seat 2: jl45259071 (button) (small blind) collected ($17.64)


PokerStars Hand #146439356914:  Hold'em Limit ($3/$6 USD) - 2016/01/04 5:23:11 ET
Table 'Ulula' 2-max Seat #1 is the button
Seat 1: VolkovDmitri ($129.80 in chips)
Seat 2: jl45259071 ($232.97 in chips)
VolkovDmitri: posts small blind $1
jl45259071: posts big blind $3
*** HOLE CARDS ***
VolkovDmitri: raises $3 to $6
jl45259071: calls $3
*** FLOP *** [As 2h 8h]
jl45259071: checks
VolkovDmitri: bets $3
jl45259071: folds
Uncalled bet ($3) returned to VolkovDmitri
VolkovDmitri collected $11.76 from pot
VolkovDmitri: doesn't show hand
*** SUMMARY ***
Total pot $12 | Rake $0.24
Board [As 2h 8h]
Seat 1: VolkovDmitri (button) (small blind) collected ($11.76)
Seat 2: jl45259071 (big blind) folded on the Flop


PokerStars Hand #146439363606:  Hold'em Limit ($3/$6 USD) - 2016/01/04 5:23:25 ET
Table 'Ulula' 2-max Seat #2 is the button
Seat 1: VolkovDmitri ($135.56 in chips)
Seat 2: jl45259071 ($226.97 in chips)
jl45259071: posts small blind $1
VolkovDmitri: posts big blind $3
*** HOLE CARDS ***
jl45259071: calls $2
VolkovDmitri: raises $3 to $6
jl45259071: calls $3
*** FLOP *** [2h Ad 4s]
VolkovDmitri: checks
jl45259071: checks
*** TURN *** [2h Ad 4s] [9s]
VolkovDmitri: checks
jl45259071: bets $6
VolkovDmitri: folds
Uncalled bet ($6) returned to jl45259071
jl45259071 collected $11.76 from pot
*** SUMMARY ***
Total pot $12 | Rake $0.24
Board [2h Ad 4s 9s]
Seat 1: VolkovDmitri (big blind) folded on the Turn
Seat 2: jl45259071 (button) (small blind) collected ($11.76)


PokerStars Hand #146439385971:  Hold'em Limit ($3/$6 USD) - 2016/01/04 5:24:12 ET
Table 'Ulula' 2-max Seat #1 is the button
Seat 1: VolkovDmitri ($129.56 in chips)
Seat 2: jl45259071 ($232.73 in chips)
VolkovDmitri: posts small blind $1
jl45259071: posts big blind $3
*** HOLE CARDS ***
VolkovDmitri: folds
Uncalled bet ($2) returned to jl45259071
jl45259071 collected $2 from pot
*** SUMMARY ***
Total pot $2 | Rake $0
Seat 1: VolkovDmitri (button) (small blind) folded before Flop
Seat 2: jl45259071 (big blind) collected ($2)


PokerStars Hand #146439390865:  Hold'em Limit ($3/$6 USD) - 2016/01/04 5:24:22 ET
Table 'Ulula' 2-max Seat #2 is the button
Seat 1: VolkovDmitri ($128.56 in chips)
Seat 2: jl45259071 ($233.73 in chips)
jl45259071: posts small blind $1
VolkovDmitri: posts big blind $3
*** HOLE CARDS ***
jl45259071: raises $3 to $6
VolkovDmitri: calls $3
*** FLOP *** [Th Qs 9c]
VolkovDmitri: bets $3
jl45259071: calls $3
*** TURN *** [Th Qs 9c] [5h]
VolkovDmitri: checks
jl45259071: bets $6
VolkovDmitri: calls $6
*** RIVER *** [Th Qs 9c 5h] [8s]
VolkovDmitri: checks
jl45259071: checks
*** SHOW DOWN ***
VolkovDmitri: shows [8d As] (a pair of Eights)
jl45259071: mucks hand
VolkovDmitri collected $29.50 from pot
*** SUMMARY ***
Total pot $30 | Rake $0.50
Board [Th Qs 9c 5h 8s]
Seat 1: VolkovDmitri (big blind) showed [8d As] and won ($29.50) with a pair of Eights
Seat 2: jl45259071 (button) (small blind) mucked


PokerStars Hand #146439417499:  Hold'em Limit ($3/$6 USD) - 2016/01/04 5:25:16 ET
Table 'Ulula' 2-max Seat #1 is the button
Seat 1: VolkovDmitri ($143.06 in chips)
Seat 2: jl45259071 ($218.73 in chips)
VolkovDmitri: posts small blind $1
jl45259071: posts big blind $3
*** HOLE CARDS ***
VolkovDmitri: raises $3 to $6
jl45259071: raises $3 to $9
VolkovDmitri: calls $3
*** FLOP *** [Td Qd Kh]
jl45259071: bets $3
VolkovDmitri: calls $3
*** TURN *** [Td Qd Kh] [Js]
jl45259071: bets $6
VolkovDmitri: raises $6 to $12
jl45259071: calls $6
*** RIVER *** [Td Qd Kh Js] [8s]
jl45259071: checks
VolkovDmitri: bets $6
jl45259071: calls $6
*** SHOW DOWN ***
VolkovDmitri: shows [8c Ac] (a straight, Ten to Ace)
jl45259071: mucks hand
VolkovDmitri collected $59.50 from pot
*** SUMMARY ***
Total pot $60 | Rake $0.50
Board [Td Qd Kh Js 8s]
Seat 1: VolkovDmitri (button) (small blind) showed [8c Ac] and won ($59.50) with a straight, Ten to Ace
Seat 2: jl45259071 (big blind) mucked


PokerStars Hand #146439438229:  Hold'em Limit ($3/$6 USD) - 2016/01/04 5:25:59 ET
Table 'Ulula' 2-max Seat #2 is the button
Seat 1: VolkovDmitri ($172.56 in chips)
Seat 2: jl45259071 ($188.73 in chips)
jl45259071: posts small blind $1
VolkovDmitri: posts big blind $3
*** HOLE CARDS ***
jl45259071: raises $3 to $6
VolkovDmitri: calls $3
*** FLOP *** [5h Qh Tc]
VolkovDmitri: bets $3
jl45259071: raises $3 to $6
VolkovDmitri: calls $3
*** TURN *** [5h Qh Tc] [4d]
VolkovDmitri: checks
jl45259071: checks
*** RIVER *** [5h Qh Tc 4d] [9h]
VolkovDmitri: bets $6
jl45259071: calls $6
*** SHOW DOWN ***
VolkovDmitri: shows [8h 9s] (a pair of Nines)
jl45259071: shows [Ad Ts] (a pair of Tens)
jl45259071 collected $35.50 from pot
*** SUMMARY ***
Total pot $36 | Rake $0.50
Board [5h Qh Tc 4d 9h]
Seat 1: VolkovDmitri (big blind) showed [8h 9s] and lost with a pair of Nines
Seat 2: jl45259071 (button) (small blind) showed [Ad Ts] and won ($35.50) with a pair of Tens


PokerStars Hand #146439448126:  Hold'em Limit ($3/$6 USD) - 2016/01/04 5:26:20 ET
Table 'Ulula' 2-max Seat #1 is the button
Seat 1: VolkovDmitri ($154.56 in chips)
Seat 2: jl45259071 ($206.23 in chips)
VolkovDmitri: posts small blind $1
jl45259071: posts big blind $3
*** HOLE CARDS ***
VolkovDmitri: folds
Uncalled bet ($2) returned to jl45259071
jl45259071 collected $2 from pot
*** SUMMARY ***
Total pot $2 | Rake $0
Seat 1: VolkovDmitri (button) (small blind) folded before Flop
Seat 2: jl45259071 (big blind) collected ($2)


PokerStars Hand #146439452704:  Hold'em Limit ($3/$6 USD) - 2016/01/04 5:26:29 ET
Table 'Ulula' 2-max Seat #2 is the button
Seat 1: VolkovDmitri ($153.56 in chips)
Seat 2: jl45259071 ($207.23 in chips)
jl45259071: posts small blind $1
VolkovDmitri: posts big blind $3
*** HOLE CARDS ***
jl45259071: raises $3 to $6
VolkovDmitri: calls $3
*** FLOP *** [Ad 2c 3c]
VolkovDmitri: checks
jl45259071: bets $3
VolkovDmitri: calls $3
*** TURN *** [Ad 2c 3c] [2d]
VolkovDmitri: checks
jl45259071: bets $6
VolkovDmitri: calls $6
*** RIVER *** [Ad 2c 3c 2d] [3h]
VolkovDmitri: checks
jl45259071: bets $6
VolkovDmitri: folds
Uncalled bet ($6) returned to jl45259071
jl45259071 collected $29.50 from pot
*** SUMMARY ***
Total pot $30 | Rake $0.50
Board [Ad 2c 3c 2d 3h]
Seat 1: VolkovDmitri (big blind) folded on the River
Seat 2: jl45259071 (button) (small blind) collected ($29.50)


PokerStars Hand #146439470032:  Hold'em Limit ($3/$6 USD) - 2016/01/04 5:27:05 ET
Table 'Ulula' 2-max Seat #1 is the button
Seat 1: VolkovDmitri ($138.56 in chips)
Seat 2: jl45259071 ($221.73 in chips)
VolkovDmitri: posts small blind $1
jl45259071: posts big blind $3
*** HOLE CARDS ***
VolkovDmitri: raises $3 to $6
jl45259071: raises $3 to $9
VolkovDmitri: calls $3
*** FLOP *** [5d Qs 9c]
jl45259071: bets $3
VolkovDmitri: calls $3
*** TURN *** [5d Qs 9c] [2s]
jl45259071: bets $6
VolkovDmitri: calls $6
*** RIVER *** [5d Qs 9c 2s] [5s]
jl45259071: checks
VolkovDmitri: checks
*** SHOW DOWN ***
jl45259071: shows [Kd Jc] (a pair of Fives)
VolkovDmitri: shows [As 7d] (a pair of Fives - Ace kicker)
VolkovDmitri collected $35.50 from pot
*** SUMMARY ***
Total pot $36 | Rake $0.50
Board [5d Qs 9c 2s 5s]
Seat 1: VolkovDmitri (button) (small blind) showed [As 7d] and won ($35.50) with a pair of Fives
Seat 2: jl45259071 (big blind) showed [Kd Jc] and lost with a pair of Fives


PokerStars Hand #146439491374:  Hold'em Limit ($3/$6 USD) - 2016/01/04 5:27:49 ET
Table 'Ulula' 2-max Seat #2 is the button
Seat 1: VolkovDmitri ($156.06 in chips)
Seat 2: jl45259071 ($203.73 in chips)
jl45259071: posts small blind $1
VolkovDmitri: posts big blind $3
*** HOLE CARDS ***
jl45259071: raises $3 to $6
VolkovDmitri: raises $3 to $9
jl45259071: raises $3 to $12
Betting is capped
VolkovDmitri: calls $3
*** FLOP *** [Qd 5d 8h]
VolkovDmitri: checks
jl45259071: bets $3
VolkovDmitri: folds
Uncalled bet ($3) returned to jl45259071
jl45259071 collected $23.52 from pot
*** SUMMARY ***
Total pot $24 | Rake $0.48
Board [Qd 5d 8h]
Seat 1: VolkovDmitri (big blind) folded on the Flop
Seat 2: jl45259071 (button) (small blind) collected ($23.52)


PokerStars Hand #146439506866:  Hold'em Limit ($3/$6 USD) - 2016/01/04 5:28:21 ET
Table 'Ulula' 2-max Seat #1 is the button
Seat 1: VolkovDmitri ($144.06 in chips)
Seat 2: jl45259071 ($215.25 in chips)
VolkovDmitri: posts small blind $1
jl45259071: posts big blind $3
*** HOLE CARDS ***
VolkovDmitri: raises $3 to $6
jl45259071: calls $3
*** FLOP *** [2s 8s 9d]
jl45259071: bets $3
VolkovDmitri: folds
Uncalled bet ($3) returned to jl45259071
jl45259071 collected $11.76 from pot
*** SUMMARY ***
Total pot $12 | Rake $0.24
Board [2s 8s 9d]
Seat 1: VolkovDmitri (button) (small blind) folded on the Flop
Seat 2: jl45259071 (big blind) collected ($11.76)


PokerStars Hand #146439517509:  Hold'em Limit ($3/$6 USD) - 2016/01/04 5:28:42 ET
Table 'Ulula' 2-max Seat #2 is the button
Seat 1: VolkovDmitri ($138.06 in chips)
Seat 2: jl45259071 ($221.01 in chips)
jl45259071: posts small blind $1
VolkovDmitri: posts big blind $3
*** HOLE CARDS ***
jl45259071: calls $2
VolkovDmitri: checks
*** FLOP *** [8h 2d Th]
VolkovDmitri: checks
jl45259071: bets $3
VolkovDmitri: folds
Uncalled bet ($3) returned to jl45259071
jl45259071 collected $5.88 from pot
*** SUMMARY ***
Total pot $6 | Rake $0.12
Board [8h 2d Th]
Seat 1: VolkovDmitri (big blind) folded on the Flop
Seat 2: jl45259071 (button) (small blind) collected ($5.88)


PokerStars Hand #146439528212:  Hold'em Limit ($3/$6 USD) - 2016/01/04 5:29:05 ET
Table 'Ulula' 2-max Seat #1 is the button
Seat 1: VolkovDmitri ($135.06 in chips)
Seat 2: jl45259071 ($223.89 in chips)
VolkovDmitri: posts small blind $1
jl45259071: posts big blind $3
*** HOLE CARDS ***
VolkovDmitri: raises $3 to $6
jl45259071: calls $3
*** FLOP *** [8d 6s Jc]
jl45259071: checks
VolkovDmitri: bets $3
jl45259071: calls $3
*** TURN *** [8d 6s Jc] [9h]
jl45259071: checks
VolkovDmitri: bets $6
jl45259071: calls $6
*** RIVER *** [8d 6s Jc 9h] [6c]
jl45259071: checks
VolkovDmitri: bets $6
jl45259071: calls $6
*** SHOW DOWN ***
VolkovDmitri: shows [4s 6d] (three of a kind, Sixes)
jl45259071: mucks hand
VolkovDmitri collected $41.50 from pot
jl45259071 leaves the table
VolkovDmitri was removed from the table for failing to post
*** SUMMARY ***
Total pot $42 | Rake $0.50
Board [8d 6s Jc 9h 6c]
Seat 1: VolkovDmitri (button) (small blind) showed [4s 6d] and won ($41.50) with three of a kind, Sixes
Seat 2: jl45259071 (big blind) mucked


