PokerStars Hand #145978979269:  Hold'em Limit ($3/$6 USD) - 2015/12/26 21:01:37 ET
Table 'Ulula II' 6-max Seat #1 is the button
Seat 1: feilinho ($249.73 in chips)
Seat 5: Chessnok ($201.28 in chips)
feilinho: posts small blind $1
Chessnok: posts big blind $3
*** HOLE CARDS ***
feilinho: folds
Uncalled bet ($2) returned to Chessnok
Chessnok collected $2 from pot
Chessnok: doesn't show hand
*** SUMMARY ***
Total pot $2 | Rake $0
Seat 1: feilinho (button) (small blind) folded before Flop
Seat 5: Chessnok (big blind) collected ($2)


PokerStars Hand #145978977032:  Hold'em Limit ($3/$6 USD) - 2015/12/26 21:01:33 ET
Table 'Ulula II' 6-max Seat #5 is the button
Seat 1: feilinho ($248.73 in chips)
Seat 5: Chessnok ($202.28 in chips)
Chessnok: posts small blind $1
feilinho: posts big blind $3
*** HOLE CARDS ***
Chessnok: folds
Uncalled bet ($2) returned to feilinho
feilinho collected $2 from pot
feilinho: doesn't show hand
*** SUMMARY ***
Total pot $2 | Rake $0
Seat 1: feilinho (big blind) collected ($2)
Seat 5: Chessnok (button) (small blind) folded before Flop


PokerStars Hand #145978963510:  Hold'em Limit ($3/$6 USD) - 2015/12/26 21:01:06 ET
Table 'Ulula II' 6-max Seat #1 is the button
Seat 1: feilinho ($266.73 in chips)
Seat 5: Chessnok ($184.78 in chips)
feilinho: posts small blind $1
Chessnok: posts big blind $3
*** HOLE CARDS ***
feilinho: raises $3 to $6
Chessnok: calls $3
*** FLOP *** [9s 8h 4h]
Chessnok: checks
feilinho: bets $3
Chessnok: raises $3 to $6
feilinho: calls $3
*** TURN *** [9s 8h 4h] [8s]
Chessnok: bets $6
feilinho: calls $6
*** RIVER *** [9s 8h 4h 8s] [Qc]
Chessnok: bets $6
feilinho: folds
Uncalled bet ($6) returned to Chessnok
Chessnok collected $35.50 from pot
Chessnok: doesn't show hand
*** SUMMARY ***
Total pot $36 | Rake $0.50
Board [9s 8h 4h 8s Qc]
Seat 1: feilinho (button) (small blind) folded on the River
Seat 5: Chessnok (big blind) collected ($35.50)


PokerStars Hand #145978984080:  Hold'em Limit ($3/$6 USD) - 2015/12/26 21:01:46 ET
Table 'Ulula II' 6-max Seat #5 is the button
Seat 1: feilinho ($248.73 in chips)
Seat 5: Chessnok ($202.28 in chips)
Chessnok: posts small blind $1
feilinho: posts big blind $3
*** HOLE CARDS ***
Chessnok: raises $3 to $6
feilinho: calls $3
*** FLOP *** [Qc Jc 4h]
feilinho: checks
Chessnok: bets $3
feilinho: raises $3 to $6
Chessnok: calls $3
*** TURN *** [Qc Jc 4h] [Kd]
feilinho: checks
Chessnok: checks
*** RIVER *** [Qc Jc 4h Kd] [3d]
feilinho: checks
Chessnok: bets $6
feilinho: calls $6
*** SHOW DOWN ***
Chessnok: shows [Jd 6s] (a pair of Jacks)
feilinho: shows [8s Jh] (a pair of Jacks - King+Queen+Eight kicker)
feilinho collected $35.50 from pot
*** SUMMARY ***
Total pot $36 | Rake $0.50
Board [Qc Jc 4h Kd 3d]
Seat 1: feilinho (big blind) showed [8s Jh] and won ($35.50) with a pair of Jacks
Seat 5: Chessnok (button) (small blind) showed [Jd 6s] and lost with a pair of Jacks


PokerStars Hand #145979021466:  Hold'em Limit ($3/$6 USD) - 2015/12/26 21:02:59 ET
Table 'Ulula II' 6-max Seat #5 is the button
Seat 1: feilinho ($265.74 in chips)
Seat 5: Chessnok ($183.79 in chips)
Chessnok: posts small blind $1
feilinho: posts big blind $3
*** HOLE CARDS ***
Chessnok: raises $3 to $6
feilinho: folds
Uncalled bet ($3) returned to Chessnok
Chessnok collected $6 from pot
Chessnok: doesn't show hand
*** SUMMARY ***
Total pot $6 | Rake $0
Seat 1: feilinho (big blind) folded before Flop
Seat 5: Chessnok (button) (small blind) collected ($6)


PokerStars Hand #145979014036:  Hold'em Limit ($3/$6 USD) - 2015/12/26 21:02:44 ET
Table 'Ulula II' 6-max Seat #1 is the button
Seat 1: feilinho ($265.99 in chips)
Seat 5: Chessnok ($184.04 in chips)
feilinho: posts small blind $1
Chessnok: posts big blind $3
*** HOLE CARDS ***
feilinho: raises $3 to $6
Chessnok: raises $3 to $9
feilinho: calls $3
*** FLOP *** [Qh 8c Ah]
Chessnok: bets $3
feilinho: calls $3
*** TURN *** [Qh 8c Ah] [9d]
Chessnok: bets $6
feilinho: calls $6
*** RIVER *** [Qh 8c Ah 9d] [Kh]
Chessnok: bets $6
feilinho: calls $6
*** SHOW DOWN ***
Chessnok: shows [3c Ac] (a pair of Aces)
feilinho: shows [Ad 3d] (a pair of Aces)
Chessnok collected $23.75 from pot
feilinho collected $23.75 from pot
*** SUMMARY ***
Total pot $48 | Rake $0.50
Board [Qh 8c Ah 9d Kh]
Seat 1: feilinho (button) (small blind) showed [Ad 3d] and won ($23.75) with a pair of Aces
Seat 5: Chessnok (big blind) showed [3c Ac] and won ($23.75) with a pair of Aces


PokerStars Hand #145979008774:  Hold'em Limit ($3/$6 USD) - 2015/12/26 21:02:34 ET
Table 'Ulula II' 6-max Seat #5 is the button
Seat 1: feilinho ($271.99 in chips)
Seat 5: Chessnok ($178.28 in chips)
Chessnok: posts small blind $1
feilinho: posts big blind $3
*** HOLE CARDS ***
Chessnok: raises $3 to $6
feilinho: calls $3
*** FLOP *** [7s 3h 8d]
feilinho: checks
Chessnok: bets $3
feilinho: folds
Uncalled bet ($3) returned to Chessnok
Chessnok collected $11.76 from pot
Chessnok: doesn't show hand
*** SUMMARY ***
Total pot $12 | Rake $0.24
Board [7s 3h 8d]
Seat 1: feilinho (big blind) folded on the Flop
Seat 5: Chessnok (button) (small blind) collected ($11.76)


PokerStars Hand #145979001157:  Hold'em Limit ($3/$6 USD) - 2015/12/26 21:02:19 ET
Table 'Ulula II' 6-max Seat #1 is the button
Seat 1: feilinho ($266.23 in chips)
Seat 5: Chessnok ($184.28 in chips)
feilinho: posts small blind $1
Chessnok: posts big blind $3
*** HOLE CARDS ***
feilinho: raises $3 to $6
Chessnok: calls $3
*** FLOP *** [4s 2s 9d]
Chessnok: checks
feilinho: bets $3
Chessnok: folds
Uncalled bet ($3) returned to feilinho
feilinho collected $11.76 from pot
feilinho: doesn't show hand
*** SUMMARY ***
Total pot $12 | Rake $0.24
Board [4s 2s 9d]
Seat 1: feilinho (button) (small blind) collected ($11.76)
Seat 5: Chessnok (big blind) folded on the Flop


PokerStars Hand #145979050586:  Hold'em Limit ($3/$6 USD) - 2015/12/26 21:03:55 ET
Table 'Ulula II' 6-max Seat #1 is the button
Seat 1: feilinho ($230.74 in chips)
Seat 5: Chessnok ($217.93 in chips)
feilinho: posts small blind $1
Chessnok: posts big blind $3
*** HOLE CARDS ***
feilinho: raises $3 to $6
Chessnok: raises $3 to $9
feilinho: calls $3
*** FLOP *** [6c 4d 7h]
Chessnok: bets $3
feilinho: calls $3
*** TURN *** [6c 4d 7h] [7s]
Chessnok: bets $6
feilinho: calls $6
*** RIVER *** [6c 4d 7h 7s] [4s]
Chessnok: bets $6
feilinho: calls $6
*** SHOW DOWN ***
Chessnok: shows [Ac Ks] (two pair, Sevens and Fours)
feilinho: mucks hand
Chessnok collected $47.50 from pot
*** SUMMARY ***
Total pot $48 | Rake $0.50
Board [6c 4d 7h 7s 4s]
Seat 1: feilinho (button) (small blind) mucked
Seat 5: Chessnok (big blind) showed [Ac Ks] and won ($47.50) with two pair, Sevens and Fours


PokerStars Hand #145979048115:  Hold'em Limit ($3/$6 USD) - 2015/12/26 21:03:50 ET
Table 'Ulula II' 6-max Seat #5 is the button
Seat 1: feilinho ($229.74 in chips)
Seat 5: Chessnok ($218.93 in chips)
Chessnok: posts small blind $1
feilinho: posts big blind $3
*** HOLE CARDS ***
Chessnok: folds
Uncalled bet ($2) returned to feilinho
feilinho collected $2 from pot
feilinho: doesn't show hand
*** SUMMARY ***
Total pot $2 | Rake $0
Seat 1: feilinho (big blind) collected ($2)
Seat 5: Chessnok (button) (small blind) folded before Flop


PokerStars Hand #145979038883:  Hold'em Limit ($3/$6 USD) - 2015/12/26 21:03:32 ET
Table 'Ulula II' 6-max Seat #1 is the button
Seat 1: feilinho ($250.74 in chips)
Seat 5: Chessnok ($198.43 in chips)
feilinho: posts small blind $1
Chessnok: posts big blind $3
*** HOLE CARDS ***
feilinho: raises $3 to $6
Chessnok: calls $3
*** FLOP *** [5s 3h 4h]
Chessnok: checks
feilinho: bets $3
Chessnok: raises $3 to $6
feilinho: raises $3 to $9
Chessnok: calls $3
*** TURN *** [5s 3h 4h] [8s]
Chessnok: checks
feilinho: bets $6
Chessnok: calls $6
*** RIVER *** [5s 3h 4h 8s] [Ks]
Chessnok: bets $6
feilinho: folds
Uncalled bet ($6) returned to Chessnok
Chessnok collected $41.50 from pot
Chessnok: doesn't show hand
*** SUMMARY ***
Total pot $42 | Rake $0.50
Board [5s 3h 4h 8s Ks]
Seat 1: feilinho (button) (small blind) folded on the River
Seat 5: Chessnok (big blind) collected ($41.50)


PokerStars Hand #145979036142:  Hold'em Limit ($3/$6 USD) - 2015/12/26 21:03:27 ET
Table 'Ulula II' 6-max Seat #5 is the button
Seat 1: feilinho ($253.74 in chips)
Seat 5: Chessnok ($195.43 in chips)
Chessnok: posts small blind $1
feilinho: posts big blind $3
*** HOLE CARDS ***
Chessnok: raises $3 to $6
feilinho: folds
Uncalled bet ($3) returned to Chessnok
Chessnok collected $6 from pot
Chessnok: doesn't show hand
*** SUMMARY ***
Total pot $6 | Rake $0
Seat 1: feilinho (big blind) folded before Flop
Seat 5: Chessnok (button) (small blind) collected ($6)


PokerStars Hand #145979024653:  Hold'em Limit ($3/$6 USD) - 2015/12/26 21:03:05 ET
Table 'Ulula II' 6-max Seat #1 is the button
Seat 1: feilinho ($262.74 in chips)
Seat 5: Chessnok ($186.79 in chips)
feilinho: posts small blind $1
Chessnok: posts big blind $3
*** HOLE CARDS ***
feilinho: raises $3 to $6
Chessnok: raises $3 to $9
feilinho: calls $3
*** FLOP *** [Kc 5h Ah]
Chessnok: bets $3
feilinho: folds
Uncalled bet ($3) returned to Chessnok
Chessnok collected $17.64 from pot
Chessnok: doesn't show hand
*** SUMMARY ***
Total pot $18 | Rake $0.36
Board [Kc 5h Ah]
Seat 1: feilinho (button) (small blind) folded on the Flop
Seat 5: Chessnok (big blind) collected ($17.64)


