PokerStars Hand #151541119020:  Hold'em Limit ($3/$6 USD) - 2016/04/06 18:55:09 ET
Table 'Ulysses' 6-max Seat #6 is the button
Seat 4: AzureCaper ($72 in chips)
Seat 6: ManuelSikora ($66 in chips)
ManuelSikora: posts small blind $1
AzureCaper: posts big blind $3
*** HOLE CARDS ***
ManuelSikora: raises $3 to $6
AzureCaper: calls $3
*** FLOP *** [Ks 5c 3c]
AzureCaper: checks
ManuelSikora: checks
*** TURN *** [Ks 5c 3c] [9s]
AzureCaper: checks
ManuelSikora: bets $6
AzureCaper: folds
Uncalled bet ($6) returned to ManuelSikora
ManuelSikora collected $11.76 from pot
ManuelSikora: doesn't show hand
*** SUMMARY ***
Total pot $12 | Rake $0.24
Board [Ks 5c 3c 9s]
Seat 4: AzureCaper (big blind) folded on the Turn
Seat 6: ManuelSikora (button) (small blind) collected ($11.76)


PokerStars Hand #151541139868:  Hold'em Limit ($3/$6 USD) - 2016/04/06 18:55:48 ET
Table 'Ulysses' 6-max Seat #6 is the button
Seat 4: AzureCaper ($80.64 in chips)
Seat 6: ManuelSikora ($62.76 in chips)
ManuelSikora: posts small blind $1
AzureCaper: posts big blind $3
*** HOLE CARDS ***
ManuelSikora: folds
Uncalled bet ($2) returned to AzureCaper
AzureCaper collected $2 from pot
AzureCaper: doesn't show hand
*** SUMMARY ***
Total pot $2 | Rake $0
Seat 4: AzureCaper (big blind) collected ($2)
Seat 6: ManuelSikora (button) (small blind) folded before Flop


PokerStars Hand #151541129126:  Hold'em Limit ($3/$6 USD) - 2016/04/06 18:55:28 ET
Table 'Ulysses' 6-max Seat #4 is the button
Seat 4: AzureCaper ($72 in chips)
Seat 6: ManuelSikora ($71.76 in chips)
AzureCaper: posts small blind $1
ManuelSikora: posts big blind $3
*** HOLE CARDS ***
AzureCaper: raises $3 to $6
ManuelSikora: calls $3
*** FLOP *** [Th 3d 3c]
ManuelSikora: bets $3
AzureCaper: calls $3
*** TURN *** [Th 3d 3c] [9c]
ManuelSikora: checks
AzureCaper: bets $6
ManuelSikora: folds
Uncalled bet ($6) returned to AzureCaper
AzureCaper collected $17.64 from pot
AzureCaper: doesn't show hand
*** SUMMARY ***
Total pot $18 | Rake $0.36
Board [Th 3d 3c 9c]
Seat 4: AzureCaper (button) (small blind) collected ($17.64)
Seat 6: ManuelSikora (big blind) folded on the Turn


PokerStars Hand #151541142693:  Hold'em Limit ($3/$6 USD) - 2016/04/06 18:55:53 ET
Table 'Ulysses' 6-max Seat #4 is the button
Seat 4: AzureCaper ($81.64 in chips)
Seat 6: ManuelSikora ($61.76 in chips)
AzureCaper: posts small blind $1
ManuelSikora: posts big blind $3
*** HOLE CARDS ***
AzureCaper: raises $3 to $6
ManuelSikora: calls $3
*** FLOP *** [4s 6d 9h]
ManuelSikora: bets $3
AzureCaper: calls $3
*** TURN *** [4s 6d 9h] [Qh]
ManuelSikora: bets $6
AzureCaper: raises $6 to $12
ManuelSikora: calls $6
*** RIVER *** [4s 6d 9h Qh] [2s]
ManuelSikora: checks
AzureCaper: bets $6
ManuelSikora: folds
Uncalled bet ($6) returned to AzureCaper
AzureCaper collected $41.50 from pot
AzureCaper: doesn't show hand
*** SUMMARY ***
Total pot $42 | Rake $0.50
Board [4s 6d 9h Qh 2s]
Seat 4: AzureCaper (button) (small blind) collected ($41.50)
Seat 6: ManuelSikora (big blind) folded on the River


PokerStars Hand #151541152118:  Hold'em Limit ($3/$6 USD) - 2016/04/06 18:56:10 ET
Table 'Ulysses' 6-max Seat #6 is the button
Seat 4: AzureCaper ($102.14 in chips)
Seat 6: ManuelSikora ($40.76 in chips)
ManuelSikora: posts small blind $1
AzureCaper: posts big blind $3
*** HOLE CARDS ***
ManuelSikora: calls $2
AzureCaper: checks
*** FLOP *** [Th 2s Qc]
AzureCaper: checks
ManuelSikora: checks
*** TURN *** [Th 2s Qc] [8d]
AzureCaper: checks
ManuelSikora: checks
*** RIVER *** [Th 2s Qc 8d] [3s]
AzureCaper: bets $6
ManuelSikora: folds
Uncalled bet ($6) returned to AzureCaper
AzureCaper collected $5.88 from pot
AzureCaper: doesn't show hand
*** SUMMARY ***
Total pot $6 | Rake $0.12
Board [Th 2s Qc 8d 3s]
Seat 4: AzureCaper (big blind) collected ($5.88)
Seat 6: ManuelSikora (button) (small blind) folded on the River


PokerStars Hand #151541162163:  Hold'em Limit ($3/$6 USD) - 2016/04/06 18:56:28 ET
Table 'Ulysses' 6-max Seat #4 is the button
Seat 4: AzureCaper ($105.02 in chips)
Seat 6: ManuelSikora ($74 in chips)
AzureCaper: posts small blind $1
ManuelSikora: posts big blind $3
*** HOLE CARDS ***
AzureCaper: raises $3 to $6
ManuelSikora: calls $3
*** FLOP *** [5s Td Ad]
ManuelSikora: bets $3
AzureCaper: calls $3
*** TURN *** [5s Td Ad] [Jh]
ManuelSikora: checks
AzureCaper: checks
*** RIVER *** [5s Td Ad Jh] [Jd]
ManuelSikora: checks
AzureCaper: bets $6
ManuelSikora: folds
Uncalled bet ($6) returned to AzureCaper
AzureCaper collected $17.64 from pot
AzureCaper: doesn't show hand
*** SUMMARY ***
Total pot $18 | Rake $0.36
Board [5s Td Ad Jh Jd]
Seat 4: AzureCaper (button) (small blind) collected ($17.64)
Seat 6: ManuelSikora (big blind) folded on the River


PokerStars Hand #151541180699:  Hold'em Limit ($3/$6 USD) - 2016/04/06 18:56:46 ET
Table 'Ulysses' 6-max Seat #6 is the button
Seat 4: AzureCaper ($113.66 in chips)
Seat 6: ManuelSikora ($65 in chips)
ManuelSikora: posts small blind $1
AzureCaper: posts big blind $3
*** HOLE CARDS ***
ManuelSikora: raises $3 to $6
AzureCaper: calls $3
*** FLOP *** [3h Jd 2h]
AzureCaper: checks
ManuelSikora: bets $3
AzureCaper: calls $3
*** TURN *** [3h Jd 2h] [Ad]
AzureCaper: checks
ManuelSikora: checks
*** RIVER *** [3h Jd 2h Ad] [7c]
AzureCaper: checks
ManuelSikora: checks
*** SHOW DOWN ***
AzureCaper: shows [Ts 9h] (high card Ace)
ManuelSikora: shows [Qs 3s] (a pair of Threes)
ManuelSikora collected $17.64 from pot
*** SUMMARY ***
Total pot $18 | Rake $0.36
Board [3h Jd 2h Ad 7c]
Seat 4: AzureCaper (big blind) showed [Ts 9h] and lost with high card Ace
Seat 6: ManuelSikora (button) (small blind) showed [Qs 3s] and won ($17.64) with a pair of Threes


PokerStars Hand #151541187627:  Hold'em Limit ($3/$6 USD) - 2016/04/06 18:56:58 ET
Table 'Ulysses' 6-max Seat #4 is the button
Seat 4: AzureCaper ($104.66 in chips)
Seat 6: ManuelSikora ($73.64 in chips)
AzureCaper: posts small blind $1
ManuelSikora: posts big blind $3
*** HOLE CARDS ***
AzureCaper: raises $3 to $6
ManuelSikora: calls $3
*** FLOP *** [2d 7c 9h]
ManuelSikora: bets $3
AzureCaper: calls $3
*** TURN *** [2d 7c 9h] [5h]
ManuelSikora: checks
AzureCaper: bets $6
ManuelSikora: folds
Uncalled bet ($6) returned to AzureCaper
AzureCaper collected $17.64 from pot
AzureCaper: doesn't show hand
*** SUMMARY ***
Total pot $18 | Rake $0.36
Board [2d 7c 9h 5h]
Seat 4: AzureCaper (button) (small blind) collected ($17.64)
Seat 6: ManuelSikora (big blind) folded on the Turn


PokerStars Hand #151541203186:  Hold'em Limit ($3/$6 USD) - 2016/04/06 18:57:26 ET
Table 'Ulysses' 6-max Seat #4 is the button
Seat 4: AzureCaper ($119.06 in chips)
Seat 6: ManuelSikora ($58.64 in chips)
AzureCaper: posts small blind $1
ManuelSikora: posts big blind $3
*** HOLE CARDS ***
AzureCaper: folds
Uncalled bet ($2) returned to ManuelSikora
ManuelSikora collected $2 from pot
ManuelSikora: doesn't show hand
*** SUMMARY ***
Total pot $2 | Rake $0
Seat 4: AzureCaper (button) (small blind) folded before Flop
Seat 6: ManuelSikora (big blind) collected ($2)


PokerStars Hand #151541195667:  Hold'em Limit ($3/$6 USD) - 2016/04/06 18:57:13 ET
Table 'Ulysses' 6-max Seat #6 is the button
Seat 4: AzureCaper ($113.30 in chips)
Seat 6: ManuelSikora ($64.64 in chips)
ManuelSikora: posts small blind $1
AzureCaper: posts big blind $3
*** HOLE CARDS ***
ManuelSikora: raises $3 to $6
AzureCaper: calls $3
*** FLOP *** [7h 6d 6c]
AzureCaper: checks
ManuelSikora: checks
*** TURN *** [7h 6d 6c] [6h]
AzureCaper: bets $6
ManuelSikora: folds
Uncalled bet ($6) returned to AzureCaper
AzureCaper collected $11.76 from pot
AzureCaper: doesn't show hand
*** SUMMARY ***
Total pot $12 | Rake $0.24
Board [7h 6d 6c 6h]
Seat 4: AzureCaper (big blind) collected ($11.76)
Seat 6: ManuelSikora (button) (small blind) folded on the Turn


PokerStars Hand #151541205733:  Hold'em Limit ($3/$6 USD) - 2016/04/06 18:57:31 ET
Table 'Ulysses' 6-max Seat #6 is the button
Seat 4: AzureCaper ($118.06 in chips)
Seat 6: ManuelSikora ($59.64 in chips)
ManuelSikora: posts small blind $1
AzureCaper: posts big blind $3
*** HOLE CARDS ***
ManuelSikora: raises $3 to $6
AzureCaper: calls $3
*** FLOP *** [Ah 5c 4c]
AzureCaper: checks
ManuelSikora: bets $3
AzureCaper: folds
Uncalled bet ($3) returned to ManuelSikora
ManuelSikora collected $11.76 from pot
ManuelSikora: doesn't show hand
*** SUMMARY ***
Total pot $12 | Rake $0.24
Board [Ah 5c 4c]
Seat 4: AzureCaper (big blind) folded on the Flop
Seat 6: ManuelSikora (button) (small blind) collected ($11.76)


PokerStars Hand #151541211496:  Hold'em Limit ($3/$6 USD) - 2016/04/06 18:57:41 ET
Table 'Ulysses' 6-max Seat #4 is the button
Seat 4: AzureCaper ($112.06 in chips)
Seat 6: ManuelSikora ($65.40 in chips)
AzureCaper: posts small blind $1
ManuelSikora: posts big blind $3
*** HOLE CARDS ***
AzureCaper: folds
Uncalled bet ($2) returned to ManuelSikora
ManuelSikora collected $2 from pot
ManuelSikora: doesn't show hand
*** SUMMARY ***
Total pot $2 | Rake $0
Seat 4: AzureCaper (button) (small blind) folded before Flop
Seat 6: ManuelSikora (big blind) collected ($2)


PokerStars Hand #151541227610:  Hold'em Limit ($3/$6 USD) - 2016/04/06 18:58:10 ET
Table 'Ulysses' 6-max Seat #4 is the button
Seat 4: AzureCaper ($122.58 in chips)
Seat 6: ManuelSikora ($54.40 in chips)
AzureCaper: posts small blind $1
ManuelSikora: posts big blind $3
*** HOLE CARDS ***
AzureCaper: folds
Uncalled bet ($2) returned to ManuelSikora
ManuelSikora collected $2 from pot
ManuelSikora: doesn't show hand
*** SUMMARY ***
Total pot $2 | Rake $0
Seat 4: AzureCaper (button) (small blind) folded before Flop
Seat 6: ManuelSikora (big blind) collected ($2)


PokerStars Hand #151541214220:  Hold'em Limit ($3/$6 USD) - 2016/04/06 18:57:46 ET
Table 'Ulysses' 6-max Seat #6 is the button
Seat 4: AzureCaper ($111.06 in chips)
Seat 6: ManuelSikora ($66.40 in chips)
ManuelSikora: posts small blind $1
AzureCaper: posts big blind $3
*** HOLE CARDS ***
ManuelSikora: calls $2
AzureCaper: checks
*** FLOP *** [Ad 9h 9c]
AzureCaper: checks
ManuelSikora: bets $3
AzureCaper: calls $3
*** TURN *** [Ad 9h 9c] [7d]
AzureCaper: checks
ManuelSikora: checks
*** RIVER *** [Ad 9h 9c 7d] [6h]
AzureCaper: checks
ManuelSikora: bets $6
AzureCaper: calls $6
*** SHOW DOWN ***
ManuelSikora: shows [5d Th] (a pair of Nines)
AzureCaper: shows [Kd Jc] (a pair of Nines - Ace+King kicker)
AzureCaper collected $23.52 from pot
*** SUMMARY ***
Total pot $24 | Rake $0.48
Board [Ad 9h 9c 7d 6h]
Seat 4: AzureCaper (big blind) showed [Kd Jc] and won ($23.52) with a pair of Nines
Seat 6: ManuelSikora (button) (small blind) showed [5d Th] and lost with a pair of Nines


PokerStars Hand #151541230010:  Hold'em Limit ($3/$6 USD) - 2016/04/06 18:58:15 ET
Table 'Ulysses' 6-max Seat #6 is the button
Seat 4: AzureCaper ($121.58 in chips)
Seat 6: ManuelSikora ($55.40 in chips)
ManuelSikora: posts small blind $1
AzureCaper: posts big blind $3
*** HOLE CARDS ***
ManuelSikora: raises $3 to $6
AzureCaper: calls $3
*** FLOP *** [Tc 9d 3c]
AzureCaper: checks
ManuelSikora: bets $3
AzureCaper: calls $3
*** TURN *** [Tc 9d 3c] [7c]
AzureCaper: checks
ManuelSikora: bets $6
AzureCaper: calls $6
*** RIVER *** [Tc 9d 3c 7c] [3h]
AzureCaper: checks
ManuelSikora: checks
*** SHOW DOWN ***
AzureCaper: shows [Kh Ac] (a pair of Threes)
ManuelSikora: shows [9h Kc] (two pair, Nines and Threes)
ManuelSikora collected $29.50 from pot
*** SUMMARY ***
Total pot $30 | Rake $0.50
Board [Tc 9d 3c 7c 3h]
Seat 4: AzureCaper (big blind) showed [Kh Ac] and lost with a pair of Threes
Seat 6: ManuelSikora (button) (small blind) showed [9h Kc] and won ($29.50) with two pair, Nines and Threes


PokerStars Hand #151541238768:  Hold'em Limit ($3/$6 USD) - 2016/04/06 18:58:30 ET
Table 'Ulysses' 6-max Seat #4 is the button
Seat 4: AzureCaper ($106.58 in chips)
Seat 6: ManuelSikora ($69.90 in chips)
AzureCaper: posts small blind $1
ManuelSikora: posts big blind $3
*** HOLE CARDS ***
AzureCaper: raises $3 to $6
ManuelSikora: calls $3
*** FLOP *** [Qs 7s Kd]
ManuelSikora: bets $3
AzureCaper: calls $3
*** TURN *** [Qs 7s Kd] [9h]
ManuelSikora: bets $6
AzureCaper: calls $6
*** RIVER *** [Qs 7s Kd 9h] [6h]
ManuelSikora: bets $6
AzureCaper: calls $6
*** SHOW DOWN ***
ManuelSikora: shows [3d Ks] (a pair of Kings)
AzureCaper: mucks hand
ManuelSikora collected $41.50 from pot
*** SUMMARY ***
Total pot $42 | Rake $0.50
Board [Qs 7s Kd 9h 6h]
Seat 4: AzureCaper (button) (small blind) mucked
Seat 6: ManuelSikora (big blind) showed [3d Ks] and won ($41.50) with a pair of Kings


PokerStars Hand #151541267872:  Hold'em Limit ($3/$6 USD) - 2016/04/06 18:59:23 ET
Table 'Ulysses' 6-max Seat #6 is the button
Seat 4: AzureCaper ($107.08 in chips)
Seat 6: ManuelSikora ($68.40 in chips)
ManuelSikora: posts small blind $1
AzureCaper: posts big blind $3
*** HOLE CARDS ***
ManuelSikora: raises $3 to $6
AzureCaper: calls $3
*** FLOP *** [Kh 7s 3d]
AzureCaper: checks
ManuelSikora: checks
*** TURN *** [Kh 7s 3d] [Ac]
AzureCaper: checks
ManuelSikora: checks
*** RIVER *** [Kh 7s 3d Ac] [3c]
AzureCaper: checks
ManuelSikora: bets $6
AzureCaper: folds
Uncalled bet ($6) returned to ManuelSikora
ManuelSikora collected $11.76 from pot
ManuelSikora: doesn't show hand
*** SUMMARY ***
Total pot $12 | Rake $0.24
Board [Kh 7s 3d Ac 3c]
Seat 4: AzureCaper (big blind) folded on the River
Seat 6: ManuelSikora (button) (small blind) collected ($11.76)


PokerStars Hand #151541259969:  Hold'em Limit ($3/$6 USD) - 2016/04/06 18:59:09 ET
Table 'Ulysses' 6-max Seat #4 is the button
Seat 4: AzureCaper ($86.58 in chips)
Seat 6: ManuelSikora ($89.40 in chips)
AzureCaper: posts small blind $1
ManuelSikora: posts big blind $3
*** HOLE CARDS ***
AzureCaper: raises $3 to $6
ManuelSikora: calls $3
*** FLOP *** [5s 3s 7s]
ManuelSikora: bets $3
AzureCaper: calls $3
*** TURN *** [5s 3s 7s] [Ac]
ManuelSikora: bets $6
AzureCaper: calls $6
*** RIVER *** [5s 3s 7s Ac] [Qc]
ManuelSikora: bets $6
AzureCaper: calls $6
*** SHOW DOWN ***
ManuelSikora: shows [8c 5h] (a pair of Fives)
AzureCaper: shows [Ad 4d] (a pair of Aces)
AzureCaper collected $41.50 from pot
*** SUMMARY ***
Total pot $42 | Rake $0.50
Board [5s 3s 7s Ac Qc]
Seat 4: AzureCaper (button) (small blind) showed [Ad 4d] and won ($41.50) with a pair of Aces
Seat 6: ManuelSikora (big blind) showed [8c 5h] and lost with a pair of Fives


PokerStars Hand #151541250726:  Hold'em Limit ($3/$6 USD) - 2016/04/06 18:58:52 ET
Table 'Ulysses' 6-max Seat #6 is the button
Seat 4: AzureCaper ($85.58 in chips)
Seat 6: ManuelSikora ($90.40 in chips)
ManuelSikora: posts small blind $1
AzureCaper: posts big blind $3
*** HOLE CARDS ***
ManuelSikora: folds
Uncalled bet ($2) returned to AzureCaper
AzureCaper collected $2 from pot
AzureCaper: doesn't show hand
*** SUMMARY ***
Total pot $2 | Rake $0
Seat 4: AzureCaper (big blind) collected ($2)
Seat 6: ManuelSikora (button) (small blind) folded before Flop


PokerStars Hand #151541314679:  Hold'em Limit ($3/$6 USD) - 2016/04/06 19:00:46 ET
Table 'Ulysses' 6-max Seat #4 is the button
Seat 4: AzureCaper ($97.72 in chips)
Seat 6: ManuelSikora ($76.68 in chips)
AzureCaper: posts small blind $1
ManuelSikora: posts big blind $3
*** HOLE CARDS ***
AzureCaper: raises $3 to $6
ManuelSikora: folds
Uncalled bet ($3) returned to AzureCaper
AzureCaper collected $6 from pot
AzureCaper: doesn't show hand
*** SUMMARY ***
Total pot $6 | Rake $0
Seat 4: AzureCaper (button) (small blind) collected ($6)
Seat 6: ManuelSikora (big blind) folded before Flop


PokerStars Hand #151541303279:  Hold'em Limit ($3/$6 USD) - 2016/04/06 19:00:27 ET
Table 'Ulysses' 6-max Seat #6 is the button
Seat 4: AzureCaper ($89.08 in chips)
Seat 6: ManuelSikora ($85.68 in chips)
ManuelSikora: posts small blind $1
AzureCaper: posts big blind $3
*** HOLE CARDS ***
ManuelSikora: raises $3 to $6
AzureCaper: calls $3
*** FLOP *** [Tc 3h Ts]
AzureCaper: checks
ManuelSikora: bets $3
AzureCaper: calls $3
*** TURN *** [Tc 3h Ts] [8s]
AzureCaper: checks
ManuelSikora: checks
*** RIVER *** [Tc 3h Ts 8s] [Kh]
AzureCaper: bets $6
ManuelSikora: folds
Uncalled bet ($6) returned to AzureCaper
AzureCaper collected $17.64 from pot
AzureCaper: doesn't show hand
*** SUMMARY ***
Total pot $18 | Rake $0.36
Board [Tc 3h Ts 8s Kh]
Seat 4: AzureCaper (big blind) collected ($17.64)
Seat 6: ManuelSikora (button) (small blind) folded on the River


PokerStars Hand #151541282778:  Hold'em Limit ($3/$6 USD) - 2016/04/06 18:59:50 ET
Table 'Ulysses' 6-max Seat #4 is the button
Seat 4: AzureCaper ($101.08 in chips)
Seat 6: ManuelSikora ($74.16 in chips)
AzureCaper: posts small blind $1
ManuelSikora: posts big blind $3
*** HOLE CARDS ***
AzureCaper: raises $3 to $6
ManuelSikora: raises $3 to $9
AzureCaper: calls $3
*** FLOP *** [6h 7s 5d]
ManuelSikora: bets $3
AzureCaper: calls $3
*** TURN *** [6h 7s 5d] [4h]
ManuelSikora: bets $6
AzureCaper: folds
Uncalled bet ($6) returned to ManuelSikora
ManuelSikora collected $23.52 from pot
ManuelSikora: doesn't show hand
*** SUMMARY ***
Total pot $24 | Rake $0.48
Board [6h 7s 5d 4h]
Seat 4: AzureCaper (button) (small blind) folded on the Turn
Seat 6: ManuelSikora (big blind) collected ($23.52)


PokerStars Hand #151541345537:  Hold'em Limit ($3/$6 USD) - 2016/04/06 19:01:35 ET
Table 'Ulysses' 6-max Seat #6 is the button
Seat 4: AzureCaper ($93.48 in chips)
Seat 6: ManuelSikora ($80.32 in chips)
ManuelSikora: posts small blind $1
AzureCaper: posts big blind $3
*** HOLE CARDS ***
ManuelSikora: raises $3 to $6
AzureCaper: calls $3
*** FLOP *** [5s 8s 4s]
AzureCaper: checks
ManuelSikora: bets $3
AzureCaper: folds
Uncalled bet ($3) returned to ManuelSikora
ManuelSikora collected $11.76 from pot
ManuelSikora: doesn't show hand
*** SUMMARY ***
Total pot $12 | Rake $0.24
Board [5s 8s 4s]
Seat 4: AzureCaper (big blind) folded on the Flop
Seat 6: ManuelSikora (button) (small blind) collected ($11.76)


PokerStars Hand #151541342719:  Hold'em Limit ($3/$6 USD) - 2016/04/06 19:01:31 ET
Table 'Ulysses' 6-max Seat #4 is the button
Seat 4: AzureCaper ($94.48 in chips)
Seat 6: ManuelSikora ($79.32 in chips)
AzureCaper: posts small blind $1
ManuelSikora: posts big blind $3
*** HOLE CARDS ***
AzureCaper: folds
Uncalled bet ($2) returned to ManuelSikora
ManuelSikora collected $2 from pot
ManuelSikora: doesn't show hand
*** SUMMARY ***
Total pot $2 | Rake $0
Seat 4: AzureCaper (button) (small blind) folded before Flop
Seat 6: ManuelSikora (big blind) collected ($2)


PokerStars Hand #151541339868:  Hold'em Limit ($3/$6 USD) - 2016/04/06 19:01:26 ET
Table 'Ulysses' 6-max Seat #6 is the button
Seat 4: AzureCaper ($97.48 in chips)
Seat 6: ManuelSikora ($76.32 in chips)
ManuelSikora: posts small blind $1
AzureCaper: posts big blind $3
*** HOLE CARDS ***
ManuelSikora: raises $3 to $6
AzureCaper: folds
Uncalled bet ($3) returned to ManuelSikora
ManuelSikora collected $6 from pot
ManuelSikora: doesn't show hand
*** SUMMARY ***
Total pot $6 | Rake $0
Seat 4: AzureCaper (big blind) folded before Flop
Seat 6: ManuelSikora (button) (small blind) collected ($6)


PokerStars Hand #151541333370:  Hold'em Limit ($3/$6 USD) - 2016/04/06 19:01:16 ET
Table 'Ulysses' 6-max Seat #4 is the button
Seat 4: AzureCaper ($106.48 in chips)
Seat 6: ManuelSikora ($67.68 in chips)
AzureCaper: posts small blind $1
ManuelSikora: posts big blind $3
*** HOLE CARDS ***
AzureCaper: raises $3 to $6
ManuelSikora: calls $3
*** FLOP *** [2s 6h 4h]
ManuelSikora: bets $3
AzureCaper: calls $3
*** TURN *** [2s 6h 4h] [9h]
ManuelSikora: bets $6
AzureCaper: folds
Uncalled bet ($6) returned to ManuelSikora
ManuelSikora collected $17.64 from pot
ManuelSikora: doesn't show hand
*** SUMMARY ***
Total pot $18 | Rake $0.36
Board [2s 6h 4h 9h]
Seat 4: AzureCaper (button) (small blind) folded on the Turn
Seat 6: ManuelSikora (big blind) collected ($17.64)


PokerStars Hand #151541318358:  Hold'em Limit ($3/$6 USD) - 2016/04/06 19:00:52 ET
Table 'Ulysses' 6-max Seat #6 is the button
Seat 4: AzureCaper ($100.72 in chips)
Seat 6: ManuelSikora ($73.68 in chips)
ManuelSikora: posts small blind $1
AzureCaper: posts big blind $3
*** HOLE CARDS ***
ManuelSikora: raises $3 to $6
AzureCaper: calls $3
*** FLOP *** [Kh 6h Ac]
AzureCaper: checks
ManuelSikora: checks
*** TURN *** [Kh 6h Ac] [9s]
AzureCaper: checks
ManuelSikora: checks
*** RIVER *** [Kh 6h Ac 9s] [Ad]
AzureCaper: bets $6
ManuelSikora: folds
Uncalled bet ($6) returned to AzureCaper
AzureCaper collected $11.76 from pot
AzureCaper: doesn't show hand
*** SUMMARY ***
Total pot $12 | Rake $0.24
Board [Kh 6h Ac 9s Ad]
Seat 4: AzureCaper (big blind) collected ($11.76)
Seat 6: ManuelSikora (button) (small blind) folded on the River


PokerStars Hand #151541376010:  Hold'em Limit ($3/$6 USD) - 2016/04/06 19:02:22 ET
Table 'Ulysses' 6-max Seat #6 is the button
Seat 4: AzureCaper ($116.98 in chips)
Seat 6: ManuelSikora ($56.08 in chips)
ManuelSikora: posts small blind $1
AzureCaper: posts big blind $3
*** HOLE CARDS ***
ManuelSikora: calls $2
AzureCaper: checks
*** FLOP *** [9s Td 6c]
AzureCaper: checks
ManuelSikora: checks
*** TURN *** [9s Td 6c] [6h]
AzureCaper: bets $6
ManuelSikora: calls $6
*** RIVER *** [9s Td 6c 6h] [9d]
AzureCaper: bets $6
ManuelSikora: folds
Uncalled bet ($6) returned to AzureCaper
AzureCaper collected $17.64 from pot
AzureCaper: doesn't show hand
*** SUMMARY ***
Total pot $18 | Rake $0.36
Board [9s Td 6c 6h 9d]
Seat 4: AzureCaper (big blind) collected ($17.64)
Seat 6: ManuelSikora (button) (small blind) folded on the River


PokerStars Hand #151541361862:  Hold'em Limit ($3/$6 USD) - 2016/04/06 19:02:00 ET
Table 'Ulysses' 6-max Seat #4 is the button
Seat 4: AzureCaper ($87.48 in chips)
Seat 6: ManuelSikora ($86.08 in chips)
AzureCaper: posts small blind $1
ManuelSikora: posts big blind $3
*** HOLE CARDS ***
AzureCaper: raises $3 to $6
ManuelSikora: raises $3 to $9
AzureCaper: calls $3
*** FLOP *** [4h Ah 8s]
ManuelSikora: bets $3
AzureCaper: calls $3
*** TURN *** [4h Ah 8s] [Jh]
ManuelSikora: bets $6
AzureCaper: calls $6
*** RIVER *** [4h Ah 8s Jh] [8d]
ManuelSikora: bets $6
AzureCaper: raises $6 to $12
ManuelSikora: calls $6
*** SHOW DOWN ***
AzureCaper: shows [Kh 9h] (a flush, Ace high)
ManuelSikora: mucks hand
AzureCaper collected $59.50 from pot
*** SUMMARY ***
Total pot $60 | Rake $0.50
Board [4h Ah 8s Jh 8d]
Seat 4: AzureCaper (button) (small blind) showed [Kh 9h] and won ($59.50) with a flush, Ace high
Seat 6: ManuelSikora (big blind) mucked


PokerStars Hand #151541421569:  Hold'em Limit ($3/$6 USD) - 2016/04/06 19:03:30 ET
Table 'Ulysses' 6-max Seat #4 is the button
Seat 4: AzureCaper ($124.12 in chips)
Seat 6: ManuelSikora ($47.60 in chips)
AzureCaper: posts small blind $1
ManuelSikora: posts big blind $3
*** HOLE CARDS ***
AzureCaper: raises $3 to $6
ManuelSikora: raises $3 to $9
AzureCaper: calls $3
*** FLOP *** [5s Kh 5h]
ManuelSikora: bets $3
AzureCaper: calls $3
*** TURN *** [5s Kh 5h] [7h]
ManuelSikora: bets $6
AzureCaper: folds
Uncalled bet ($6) returned to ManuelSikora
ManuelSikora collected $23.52 from pot
ManuelSikora: doesn't show hand
*** SUMMARY ***
Total pot $24 | Rake $0.48
Board [5s Kh 5h 7h]
Seat 4: AzureCaper (button) (small blind) folded on the Turn
Seat 6: ManuelSikora (big blind) collected ($23.52)


PokerStars Hand #151541417956:  Hold'em Limit ($3/$6 USD) - 2016/04/06 19:03:25 ET
Table 'Ulysses' 6-max Seat #6 is the button
Seat 4: AzureCaper ($127.12 in chips)
Seat 6: ManuelSikora ($44.60 in chips)
ManuelSikora: posts small blind $1
AzureCaper: posts big blind $3
*** HOLE CARDS ***
ManuelSikora: raises $3 to $6
AzureCaper: folds
Uncalled bet ($3) returned to ManuelSikora
ManuelSikora collected $6 from pot
ManuelSikora: doesn't show hand
*** SUMMARY ***
Total pot $6 | Rake $0
Seat 4: AzureCaper (big blind) folded before Flop
Seat 6: ManuelSikora (button) (small blind) collected ($6)


PokerStars Hand #151541414957:  Hold'em Limit ($3/$6 USD) - 2016/04/06 19:03:20 ET
Table 'Ulysses' 6-max Seat #4 is the button
Seat 4: AzureCaper ($128.12 in chips)
Seat 6: ManuelSikora ($43.60 in chips)
AzureCaper: posts small blind $1
ManuelSikora: posts big blind $3
*** HOLE CARDS ***
AzureCaper: folds
Uncalled bet ($2) returned to ManuelSikora
ManuelSikora collected $2 from pot
ManuelSikora: doesn't show hand
*** SUMMARY ***
Total pot $2 | Rake $0
Seat 4: AzureCaper (button) (small blind) folded before Flop
Seat 6: ManuelSikora (big blind) collected ($2)


PokerStars Hand #151541407272:  Hold'em Limit ($3/$6 USD) - 2016/04/06 19:03:09 ET
Table 'Ulysses' 6-max Seat #6 is the button
Seat 4: AzureCaper ($140.12 in chips)
Seat 6: ManuelSikora ($32.08 in chips)
ManuelSikora: posts small blind $1
AzureCaper: posts big blind $3
*** HOLE CARDS ***
ManuelSikora: raises $3 to $6
AzureCaper: calls $3
*** FLOP *** [3d 3s 3c]
AzureCaper: checks
ManuelSikora: checks
*** TURN *** [3d 3s 3c] [6d]
AzureCaper: checks
ManuelSikora: checks
*** RIVER *** [3d 3s 3c 6d] [2h]
AzureCaper: checks
ManuelSikora: bets $6
AzureCaper: calls $6
*** SHOW DOWN ***
ManuelSikora: shows [2c As] (a full house, Threes full of Deuces)
AzureCaper: mucks hand
ManuelSikora collected $23.52 from pot
*** SUMMARY ***
Total pot $24 | Rake $0.48
Board [3d 3s 3c 6d 2h]
Seat 4: AzureCaper (big blind) mucked
Seat 6: ManuelSikora (button) (small blind) showed [2c As] and won ($23.52) with a full house, Threes full of Deuces


PokerStars Hand #151541396021:  Hold'em Limit ($3/$6 USD) - 2016/04/06 19:02:51 ET
Table 'Ulysses' 6-max Seat #4 is the button
Seat 4: AzureCaper ($125.62 in chips)
Seat 6: ManuelSikora ($47.08 in chips)
AzureCaper: posts small blind $1
ManuelSikora: posts big blind $3
*** HOLE CARDS ***
AzureCaper: raises $3 to $6
ManuelSikora: calls $3
*** FLOP *** [Ad 8d Tc]
ManuelSikora: bets $3
AzureCaper: calls $3
*** TURN *** [Ad 8d Tc] [5d]
ManuelSikora: bets $6
AzureCaper: calls $6
*** RIVER *** [Ad 8d Tc 5d] [Th]
ManuelSikora: checks
AzureCaper: bets $6
ManuelSikora: folds
Uncalled bet ($6) returned to AzureCaper
AzureCaper collected $29.50 from pot
AzureCaper: doesn't show hand
*** SUMMARY ***
Total pot $30 | Rake $0.50
Board [Ad 8d Tc 5d Th]
Seat 4: AzureCaper (button) (small blind) collected ($29.50)
Seat 6: ManuelSikora (big blind) folded on the River


PokerStars Hand #151541456465:  Hold'em Limit ($3/$6 USD) - 2016/04/06 19:04:23 ET
Table 'Ulysses' 6-max Seat #4 is the button
Seat 4: AzureCaper ($105.88 in chips)
Seat 6: ManuelSikora ($64.64 in chips)
AzureCaper: posts small blind $1
ManuelSikora: posts big blind $3
*** HOLE CARDS ***
AzureCaper: raises $3 to $6
ManuelSikora: raises $3 to $9
AzureCaper: calls $3
*** FLOP *** [7s 7h 5s]
ManuelSikora: bets $3
AzureCaper: calls $3
*** TURN *** [7s 7h 5s] [7c]
ManuelSikora: bets $6
AzureCaper: calls $6
*** RIVER *** [7s 7h 5s 7c] [6d]
ManuelSikora: checks
AzureCaper: checks
*** SHOW DOWN ***
ManuelSikora: shows [Qc 4h] (three of a kind, Sevens)
AzureCaper: shows [Qs Ad] (three of a kind, Sevens - Ace kicker)
AzureCaper collected $35.50 from pot
*** SUMMARY ***
Total pot $36 | Rake $0.50
Board [7s 7h 5s 7c 6d]
Seat 4: AzureCaper (button) (small blind) showed [Qs Ad] and won ($35.50) with three of a kind, Sevens
Seat 6: ManuelSikora (big blind) showed [Qc 4h] and lost with three of a kind, Sevens


PokerStars Hand #151541450971:  Hold'em Limit ($3/$6 USD) - 2016/04/06 19:04:15 ET
Table 'Ulysses' 6-max Seat #6 is the button
Seat 4: AzureCaper ($111.88 in chips)
Seat 6: ManuelSikora ($58.88 in chips)
ManuelSikora: posts small blind $1
AzureCaper: posts big blind $3
*** HOLE CARDS ***
ManuelSikora: raises $3 to $6
AzureCaper: calls $3
*** FLOP *** [Qc 6s Jd]
AzureCaper: checks
ManuelSikora: bets $3
ABATAPP joins the table at seat #1
AzureCaper: folds
Uncalled bet ($3) returned to ManuelSikora
ManuelSikora collected $11.76 from pot
ManuelSikora: doesn't show hand
*** SUMMARY ***
Total pot $12 | Rake $0.24
Board [Qc 6s Jd]
Seat 4: AzureCaper (big blind) folded on the Flop
Seat 6: ManuelSikora (button) (small blind) collected ($11.76)


PokerStars Hand #151541446018:  Hold'em Limit ($3/$6 USD) - 2016/04/06 19:04:07 ET
Table 'Ulysses' 6-max Seat #4 is the button
Seat 4: AzureCaper ($117.88 in chips)
Seat 6: ManuelSikora ($53.12 in chips)
AzureCaper: posts small blind $1
ManuelSikora: posts big blind $3
*** HOLE CARDS ***
AzureCaper: raises $3 to $6
ManuelSikora: calls $3
*** FLOP *** [Qh Th Kh]
ManuelSikora: bets $3
AzureCaper: folds
Uncalled bet ($3) returned to ManuelSikora
ManuelSikora collected $11.76 from pot
ManuelSikora: doesn't show hand
*** SUMMARY ***
Total pot $12 | Rake $0.24
Board [Qh Th Kh]
Seat 4: AzureCaper (button) (small blind) folded on the Flop
Seat 6: ManuelSikora (big blind) collected ($11.76)


PokerStars Hand #151541430624:  Hold'em Limit ($3/$6 USD) - 2016/04/06 19:03:44 ET
Table 'Ulysses' 6-max Seat #6 is the button
Seat 4: AzureCaper ($112.12 in chips)
Seat 6: ManuelSikora ($59.12 in chips)
ManuelSikora: posts small blind $1
AzureCaper: posts big blind $3
*** HOLE CARDS ***
ManuelSikora: raises $3 to $6
AzureCaper: calls $3
*** FLOP *** [8h 2c 2d]
AzureCaper: checks
ManuelSikora: checks
*** TURN *** [8h 2c 2d] [4c]
AzureCaper: bets $6
ManuelSikora: folds
Uncalled bet ($6) returned to AzureCaper
AzureCaper collected $11.76 from pot
AzureCaper: doesn't show hand
*** SUMMARY ***
Total pot $12 | Rake $0.24
Board [8h 2c 2d 4c]
Seat 4: AzureCaper (big blind) collected ($11.76)
Seat 6: ManuelSikora (button) (small blind) folded on the Turn


