PokerStars Hand #171917541143:  Hold'em Limit ($3/$6 USD) - 2017/06/18 1:43:17 ET
Table 'Ulysses' 6-max Seat #4 is the button
Seat 3: JDARTS ($135.75 in chips)
Seat 4: coman567 ($179.34 in chips)
coman567: posts small blind $1
JDARTS: posts big blind $3
*** HOLE CARDS ***
coman567: folds
Uncalled bet ($2) returned to JDARTS
JDARTS collected $2 from pot
JDARTS: doesn't show hand
*** SUMMARY ***
Total pot $2 | Rake $0
Seat 3: JDARTS (big blind) collected ($2)
Seat 4: coman567 (button) (small blind) folded before Flop


PokerStars Hand #171917539977:  Hold'em Limit ($3/$6 USD) - 2017/06/18 1:43:12 ET
Table 'Ulysses' 6-max Seat #3 is the button
Seat 3: JDARTS ($136.75 in chips)
Seat 4: coman567 ($178.34 in chips)
JDARTS: posts small blind $1
coman567: posts big blind $3
*** HOLE CARDS ***
JDARTS: folds
Uncalled bet ($2) returned to coman567
coman567 collected $2 from pot
coman567: doesn't show hand
*** SUMMARY ***
Total pot $2 | Rake $0
Seat 3: JDARTS (button) (small blind) folded before Flop
Seat 4: coman567 (big blind) collected ($2)


PokerStars Hand #171917538032:  Hold'em Limit ($3/$6 USD) - 2017/06/18 1:43:04 ET
Table 'Ulysses' 6-max Seat #4 is the button
Seat 3: JDARTS ($139.75 in chips)
Seat 4: coman567 ($175.34 in chips)
coman567: posts small blind $1
Agrotait: is sitting out
JDARTS: posts big blind $3
*** HOLE CARDS ***
Agrotait leaves the table
coman567: raises $3 to $6
JDARTS: folds
Uncalled bet ($3) returned to coman567
coman567 collected $6 from pot
coman567: doesn't show hand
*** SUMMARY ***
Total pot $6 | Rake $0
Seat 3: JDARTS (big blind) folded before Flop
Seat 4: coman567 (button) (small blind) collected ($6)


PokerStars Hand #171917556501:  Hold'em Limit ($3/$6 USD) - 2017/06/18 1:44:18 ET
Table 'Ulysses' 6-max Seat #4 is the button
Seat 3: JDARTS ($123.50 in chips)
Seat 4: coman567 ($190.61 in chips)
coman567: posts small blind $1
JDARTS: posts big blind $3
*** HOLE CARDS ***
coman567: raises $3 to $6
JDARTS: folds
Uncalled bet ($3) returned to coman567
coman567 collected $6 from pot
coman567: doesn't show hand
*** SUMMARY ***
Total pot $6 | Rake $0
Seat 3: JDARTS (big blind) folded before Flop
Seat 4: coman567 (button) (small blind) collected ($6)


PokerStars Hand #171917558446:  Hold'em Limit ($3/$6 USD) - 2017/06/18 1:44:26 ET
Table 'Ulysses' 6-max Seat #3 is the button
Seat 3: JDARTS ($120.50 in chips)
Seat 4: coman567 ($193.61 in chips)
JDARTS: posts small blind $1
coman567: posts big blind $3
*** HOLE CARDS ***
JDARTS: raises $3 to $6
coman567: calls $3
*** FLOP *** [2d Tc Qc]
coman567: checks
JDARTS: bets $3
coman567: folds
Uncalled bet ($3) returned to JDARTS
JDARTS collected $11.76 from pot
JDARTS: doesn't show hand
*** SUMMARY ***
Total pot $12 | Rake $0.24
Board [2d Tc Qc]
Seat 3: JDARTS (button) (small blind) collected ($11.76)
Seat 4: coman567 (big blind) folded on the Flop


PokerStars Hand #171917555175:  Hold'em Limit ($3/$6 USD) - 2017/06/18 1:44:13 ET
Table 'Ulysses' 6-max Seat #3 is the button
Seat 3: JDARTS ($124.50 in chips)
Seat 4: coman567 ($189.61 in chips)
JDARTS: posts small blind $1
coman567: posts big blind $3
*** HOLE CARDS ***
JDARTS: folds
Uncalled bet ($2) returned to coman567
coman567 collected $2 from pot
coman567: doesn't show hand
*** SUMMARY ***
Total pot $2 | Rake $0
Seat 3: JDARTS (button) (small blind) folded before Flop
Seat 4: coman567 (big blind) collected ($2)


PokerStars Hand #171917548029:  Hold'em Limit ($3/$6 USD) - 2017/06/18 1:43:44 ET
Table 'Ulysses' 6-max Seat #4 is the button
Seat 3: JDARTS ($136.50 in chips)
Seat 4: coman567 ($178.09 in chips)
coman567: posts small blind $1
JDARTS: posts big blind $3
*** HOLE CARDS ***
coman567: raises $3 to $6
JDARTS: raises $3 to $9
coman567: calls $3
*** FLOP *** [Ts Ac Td]
JDARTS: bets $3
coman567: calls $3
*** TURN *** [Ts Ac Td] [Qd]
JDARTS: checks
coman567: bets $6
JDARTS: folds
Uncalled bet ($6) returned to coman567
coman567 collected $23.52 from pot
coman567: doesn't show hand
*** SUMMARY ***
Total pot $24 | Rake $0.48
Board [Ts Ac Td Qd]
Seat 3: JDARTS (big blind) folded on the Turn
Seat 4: coman567 (button) (small blind) collected ($23.52)


PokerStars Hand #171917543045:  Hold'em Limit ($3/$6 USD) - 2017/06/18 1:43:24 ET
Table 'Ulysses' 6-max Seat #3 is the button
Seat 3: JDARTS ($136.75 in chips)
Seat 4: coman567 ($178.34 in chips)
JDARTS: posts small blind $1
coman567: posts big blind $3
*** HOLE CARDS ***
JDARTS: raises $3 to $6
coman567: calls $3
*** FLOP *** [6s Js Kc]
coman567: checks
JDARTS: bets $3
coman567: raises $3 to $6
JDARTS: calls $3
*** TURN *** [6s Js Kc] [6d]
coman567: bets $6
JDARTS: calls $6
*** RIVER *** [6s Js Kc 6d] [9d]
coman567: bets $6
JDARTS: calls $6
*** SHOW DOWN ***
coman567: shows [7c Jh] (two pair, Jacks and Sixes)
JDARTS: shows [Jd 4d] (two pair, Jacks and Sixes)
coman567 collected $23.75 from pot
JDARTS collected $23.75 from pot
*** SUMMARY ***
Total pot $48 | Rake $0.50
Board [6s Js Kc 6d 9d]
Seat 3: JDARTS (button) (small blind) showed [Jd 4d] and won ($23.75) with two pair, Jacks and Sixes
Seat 4: coman567 (big blind) showed [7c Jh] and won ($23.75) with two pair, Jacks and Sixes


PokerStars Hand #171917561631:  Hold'em Limit ($3/$6 USD) - 2017/06/18 1:44:38 ET
Table 'Ulysses' 6-max Seat #4 is the button
Seat 3: JDARTS ($126.26 in chips)
Seat 4: coman567 ($187.61 in chips)
coman567: posts small blind $1
JDARTS: posts big blind $3
*** HOLE CARDS ***
coman567: raises $3 to $6
JDARTS: calls $3
*** FLOP *** [9d 5c Jc]
JDARTS: checks
coman567: bets $3
JDARTS: raises $3 to $6
coman567: calls $3
*** TURN *** [9d 5c Jc] [Kd]
JDARTS: bets $6
coman567: folds
Uncalled bet ($6) returned to JDARTS
JDARTS collected $23.52 from pot
JDARTS: doesn't show hand
*** SUMMARY ***
Total pot $24 | Rake $0.48
Board [9d 5c Jc Kd]
Seat 3: JDARTS (big blind) collected ($23.52)
Seat 4: coman567 (button) (small blind) folded on the Turn


PokerStars Hand #171917587401:  Hold'em Limit ($3/$6 USD) - 2017/06/18 1:46:21 ET
Table 'Ulysses' 6-max Seat #3 is the button
Seat 3: JDARTS ($128.28 in chips)
Seat 4: coman567 ($183.87 in chips)
JDARTS: posts small blind $1
coman567: posts big blind $3
*** HOLE CARDS ***
JDARTS: folds
Uncalled bet ($2) returned to coman567
coman567 collected $2 from pot
coman567: doesn't show hand
*** SUMMARY ***
Total pot $2 | Rake $0
Seat 3: JDARTS (button) (small blind) folded before Flop
Seat 4: coman567 (big blind) collected ($2)


PokerStars Hand #171917572694:  Hold'em Limit ($3/$6 USD) - 2017/06/18 1:45:22 ET
Table 'Ulysses' 6-max Seat #3 is the button
Seat 3: JDARTS ($137.78 in chips)
Seat 4: coman567 ($175.61 in chips)
JDARTS: posts small blind $1
coman567: posts big blind $3
*** HOLE CARDS ***
JDARTS: calls $2
coman567: raises $3 to $6
JDARTS: calls $3
*** FLOP *** [Td Qc 2s]
coman567: bets $3
JDARTS: calls $3
*** TURN *** [Td Qc 2s] [Qh]
coman567: bets $6
JDARTS: calls $6
*** RIVER *** [Td Qc 2s Qh] [Th]
coman567: checks
JDARTS: bets $6
coman567: folds
Uncalled bet ($6) returned to JDARTS
JDARTS collected $29.50 from pot
JDARTS: doesn't show hand
*** SUMMARY ***
Total pot $30 | Rake $0.50
Board [Td Qc 2s Qh Th]
Seat 3: JDARTS (button) (small blind) collected ($29.50)
Seat 4: coman567 (big blind) folded on the River


PokerStars Hand #171917589212:  Hold'em Limit ($3/$6 USD) - 2017/06/18 1:46:28 ET
Table 'Ulysses' 6-max Seat #4 is the button
Seat 3: JDARTS ($127.28 in chips)
Seat 4: coman567 ($184.87 in chips)
coman567: posts small blind $1
JDARTS: posts big blind $3
*** HOLE CARDS ***
coman567: raises $3 to $6
JDARTS: folds
Uncalled bet ($3) returned to coman567
coman567 collected $6 from pot
coman567: doesn't show hand
*** SUMMARY ***
Total pot $6 | Rake $0
Seat 3: JDARTS (big blind) folded before Flop
Seat 4: coman567 (button) (small blind) collected ($6)


PokerStars Hand #171917585822:  Hold'em Limit ($3/$6 USD) - 2017/06/18 1:46:15 ET
Table 'Ulysses' 6-max Seat #4 is the button
Seat 3: JDARTS ($131.28 in chips)
Seat 4: coman567 ($180.87 in chips)
coman567: posts small blind $1
JDARTS: posts big blind $3
*** HOLE CARDS ***
coman567: raises $3 to $6
JDARTS: folds
Uncalled bet ($3) returned to coman567
coman567 collected $6 from pot
coman567: doesn't show hand
*** SUMMARY ***
Total pot $6 | Rake $0
Seat 3: JDARTS (big blind) folded before Flop
Seat 4: coman567 (button) (small blind) collected ($6)


PokerStars Hand #171917581650:  Hold'em Limit ($3/$6 USD) - 2017/06/18 1:45:58 ET
Table 'Ulysses' 6-max Seat #3 is the button
Seat 3: JDARTS ($146.28 in chips)
Seat 4: coman567 ($166.37 in chips)
JDARTS: posts small blind $1
coman567: posts big blind $3
*** HOLE CARDS ***
JDARTS: raises $3 to $6
coman567: calls $3
*** FLOP *** [9s 7c 2c]
coman567: checks
JDARTS: bets $3
coman567: calls $3
*** TURN *** [9s 7c 2c] [6h]
coman567: checks
JDARTS: checks
*** RIVER *** [9s 7c 2c 6h] [2h]
coman567: bets $6
JDARTS: calls $6
*** SHOW DOWN ***
coman567: shows [2s Kd] (three of a kind, Deuces)
JDARTS: mucks hand
coman567 collected $29.50 from pot
*** SUMMARY ***
Total pot $30 | Rake $0.50
Board [9s 7c 2c 6h 2h]
Seat 3: JDARTS (button) (small blind) mucked
Seat 4: coman567 (big blind) showed [2s Kd] and won ($29.50) with three of a kind, Deuces


PokerStars Hand #171917578336:  Hold'em Limit ($3/$6 USD) - 2017/06/18 1:45:45 ET
Table 'Ulysses' 6-max Seat #4 is the button
Seat 3: JDARTS ($152.28 in chips)
Seat 4: coman567 ($160.61 in chips)
coman567: posts small blind $1
JDARTS: posts big blind $3
*** HOLE CARDS ***
coman567: raises $3 to $6
JDARTS: calls $3
*** FLOP *** [Js Qd 2c]
JDARTS: checks
coman567: bets $3
JDARTS: folds
Uncalled bet ($3) returned to coman567
coman567 collected $11.76 from pot
coman567: doesn't show hand
*** SUMMARY ***
Total pot $12 | Rake $0.24
Board [Js Qd 2c]
Seat 3: JDARTS (big blind) folded on the Flop
Seat 4: coman567 (button) (small blind) collected ($11.76)


PokerStars Hand #171917601528:  Hold'em Limit ($3/$6 USD) - 2017/06/18 1:47:18 ET
Table 'Ulysses' 6-max Seat #4 is the button
Seat 3: JDARTS ($64.28 in chips)
Seat 4: coman567 ($246.65 in chips)
coman567: posts small blind $1
JDARTS: posts big blind $3
*** HOLE CARDS ***
coman567: raises $3 to $6
JDARTS: raises $3 to $9
coman567: calls $3
*** FLOP *** [5c 5h 5s]
JDARTS: checks
coman567: bets $3
JDARTS: calls $3
*** TURN *** [5c 5h 5s] [6h]
JDARTS: checks
coman567: bets $6
JDARTS: raises $6 to $12
coman567: calls $6
*** RIVER *** [5c 5h 5s 6h] [8s]
JDARTS: bets $6
coman567: calls $6
*** SHOW DOWN ***
JDARTS: shows [8c 8d] (a full house, Eights full of Fives)
coman567: mucks hand
JDARTS collected $59.50 from pot
*** SUMMARY ***
Total pot $60 | Rake $0.50
Board [5c 5h 5s 6h 8s]
Seat 3: JDARTS (big blind) showed [8c 8d] and won ($59.50) with a full house, Eights full of Fives
Seat 4: coman567 (button) (small blind) mucked


PokerStars Hand #171917595794:  Hold'em Limit ($3/$6 USD) - 2017/06/18 1:46:55 ET
Table 'Ulysses' 6-max Seat #3 is the button
Seat 3: JDARTS ($106.28 in chips)
Seat 4: coman567 ($205.15 in chips)
JDARTS: posts small blind $1
coman567: posts big blind $3
*** HOLE CARDS ***
JDARTS: raises $3 to $6
coman567: raises $3 to $9
JDARTS: raises $3 to $12
Betting is capped
coman567: calls $3
*** FLOP *** [Th 2c 7h]
coman567: checks
JDARTS: bets $3
coman567: raises $3 to $6
JDARTS: calls $3
*** TURN *** [Th 2c 7h] [Kd]
coman567: bets $6
JDARTS: raises $6 to $12
coman567: raises $6 to $18
JDARTS: calls $6
*** RIVER *** [Th 2c 7h Kd] [Js]
coman567: bets $6
JDARTS: calls $6
*** SHOW DOWN ***
coman567: shows [Tc Ks] (two pair, Kings and Tens)
JDARTS: mucks hand
coman567 collected $83.50 from pot
*** SUMMARY ***
Total pot $84 | Rake $0.50
Board [Th 2c 7h Kd Js]
Seat 3: JDARTS (button) (small blind) mucked
Seat 4: coman567 (big blind) showed [Tc Ks] and won ($83.50) with two pair, Kings and Tens


PokerStars Hand #171917590692:  Hold'em Limit ($3/$6 USD) - 2017/06/18 1:46:34 ET
Table 'Ulysses' 6-max Seat #3 is the button
Seat 3: JDARTS ($124.28 in chips)
Seat 4: coman567 ($187.87 in chips)
JDARTS: posts small blind $1
coman567: posts big blind $3
*** HOLE CARDS ***
JDARTS: raises $3 to $6
coman567: raises $3 to $9
JDARTS: calls $3
*** FLOP *** [6d 7c Ts]
coman567: bets $3
JDARTS: folds
Uncalled bet ($3) returned to coman567
coman567 collected $17.64 from pot
coman567: doesn't show hand
*** SUMMARY ***
Total pot $18 | Rake $0.36
Board [6d 7c Ts]
Seat 3: JDARTS (button) (small blind) folded on the Flop
Seat 4: coman567 (big blind) collected ($17.64)


PokerStars Hand #171917611890:  Hold'em Limit ($3/$6 USD) - 2017/06/18 1:47:59 ET
Table 'Ulysses' 6-max Seat #4 is the button
Seat 3: JDARTS ($108.28 in chips)
Seat 4: coman567 ($201.65 in chips)
coman567: posts small blind $1
JDARTS: posts big blind $3
*** HOLE CARDS ***
coman567: folds
Uncalled bet ($2) returned to JDARTS
JDARTS collected $2 from pot
JDARTS: doesn't show hand
*** SUMMARY ***
Total pot $2 | Rake $0
Seat 3: JDARTS (big blind) collected ($2)
Seat 4: coman567 (button) (small blind) folded before Flop


PokerStars Hand #171917613319:  Hold'em Limit ($3/$6 USD) - 2017/06/18 1:48:04 ET
Table 'Ulysses' 6-max Seat #3 is the button
Seat 3: JDARTS ($109.28 in chips)
Seat 4: coman567 ($200.65 in chips)
JDARTS: posts small blind $1
coman567: posts big blind $3
*** HOLE CARDS ***
JDARTS: calls $2
coman567: raises $3 to $6
JDARTS: calls $3
*** FLOP *** [8s 6h 5s]
coman567: bets $3
JDARTS: calls $3
*** TURN *** [8s 6h 5s] [Ad]
coman567: checks
JDARTS: checks
*** RIVER *** [8s 6h 5s Ad] [3d]
coman567: bets $6
JDARTS: calls $6
*** SHOW DOWN ***
coman567: shows [Jh 5c] (a pair of Fives)
JDARTS: mucks hand
coman567 collected $29.50 from pot
*** SUMMARY ***
Total pot $30 | Rake $0.50
Board [8s 6h 5s Ad 3d]
Seat 3: JDARTS (button) (small blind) mucked
Seat 4: coman567 (big blind) showed [Jh 5c] and won ($29.50) with a pair of Fives


PokerStars Hand #171917617709:  Hold'em Limit ($3/$6 USD) - 2017/06/18 1:48:22 ET
Table 'Ulysses' 6-max Seat #4 is the button
Seat 3: JDARTS ($94.28 in chips)
Seat 4: coman567 ($215.15 in chips)
coman567: posts small blind $1
JDARTS: posts big blind $3
*** HOLE CARDS ***
coman567: raises $3 to $6
JDARTS: raises $3 to $9
coman567: calls $3
*** FLOP *** [5c 6h 9c]
JDARTS: checks
coman567: bets $3
JDARTS: raises $3 to $6
coman567: calls $3
*** TURN *** [5c 6h 9c] [Td]
JDARTS: bets $6
coman567: raises $6 to $12
JDARTS: calls $6
*** RIVER *** [5c 6h 9c Td] [Kd]
JDARTS: checks
coman567: bets $6
JDARTS: calls $6
*** SHOW DOWN ***
coman567: shows [6d 9s] (two pair, Nines and Sixes)
JDARTS: mucks hand
coman567 collected $65.50 from pot
*** SUMMARY ***
Total pot $66 | Rake $0.50
Board [5c 6h 9c Td Kd]
Seat 3: JDARTS (big blind) mucked
Seat 4: coman567 (button) (small blind) showed [6d 9s] and won ($65.50) with two pair, Nines and Sixes


PokerStars Hand #171917607318:  Hold'em Limit ($3/$6 USD) - 2017/06/18 1:47:41 ET
Table 'Ulysses' 6-max Seat #3 is the button
Seat 3: JDARTS ($93.78 in chips)
Seat 4: coman567 ($216.65 in chips)
JDARTS: posts small blind $1
coman567: posts big blind $3
*** HOLE CARDS ***
JDARTS: raises $3 to $6
coman567: calls $3
*** FLOP *** [3c Jc 9s]
coman567: checks
JDARTS: bets $3
coman567: calls $3
*** TURN *** [3c Jc 9s] [Jd]
coman567: checks
JDARTS: bets $6
coman567: calls $6
*** RIVER *** [3c Jc 9s Jd] [9d]
coman567: checks
JDARTS: bets $6
coman567: folds
Uncalled bet ($6) returned to JDARTS
JDARTS collected $29.50 from pot
JDARTS: doesn't show hand
*** SUMMARY ***
Total pot $30 | Rake $0.50
Board [3c Jc 9s Jd 9d]
Seat 3: JDARTS (button) (small blind) collected ($29.50)
Seat 4: coman567 (big blind) folded on the River


PokerStars Hand #171917622875:  Hold'em Limit ($3/$6 USD) - 2017/06/18 1:48:42 ET
Table 'Ulysses' 6-max Seat #3 is the button
Seat 3: JDARTS ($61.28 in chips)
Seat 4: coman567 ($247.65 in chips)
JDARTS: posts small blind $1
coman567: posts big blind $3
*** HOLE CARDS ***
JDARTS: raises $3 to $6
coman567: raises $3 to $9
JDARTS: raises $3 to $12
Betting is capped
coman567: calls $3
*** FLOP *** [2d Qh Jc]
coman567: checks
JDARTS: bets $3
coman567: calls $3
*** TURN *** [2d Qh Jc] [Th]
coman567: checks
JDARTS: bets $6
coman567: calls $6
*** RIVER *** [2d Qh Jc Th] [5c]
coman567: checks
JDARTS: checks
*** SHOW DOWN ***
coman567: shows [5h 5s] (three of a kind, Fives)
JDARTS: mucks hand
coman567 collected $41.50 from pot
*** SUMMARY ***
Total pot $42 | Rake $0.50
Board [2d Qh Jc Th 5c]
Seat 3: JDARTS (button) (small blind) mucked
Seat 4: coman567 (big blind) showed [5h 5s] and won ($41.50) with three of a kind, Fives


PokerStars Hand #171917627210:  Hold'em Limit ($3/$6 USD) - 2017/06/18 1:48:59 ET
Table 'Ulysses' 6-max Seat #4 is the button
Seat 3: JDARTS ($40.28 in chips)
Seat 4: coman567 ($268.15 in chips)
coman567: posts small blind $1
JDARTS: posts big blind $3
*** HOLE CARDS ***
coman567: raises $3 to $6
JDARTS: raises $3 to $9
coman567: calls $3
*** FLOP *** [9d 7c 4c]
JDARTS: bets $3
coman567: calls $3
*** TURN *** [9d 7c 4c] [9c]
JDARTS: bets $6
coman567: calls $6
*** RIVER *** [9d 7c 4c 9c] [3d]
JDARTS: bets $6
coman567: calls $6
*** SHOW DOWN ***
JDARTS: shows [7s Ks] (two pair, Nines and Sevens)
coman567: mucks hand
JDARTS collected $47.50 from pot
*** SUMMARY ***
Total pot $48 | Rake $0.50
Board [9d 7c 4c 9c 3d]
Seat 3: JDARTS (big blind) showed [7s Ks] and won ($47.50) with two pair, Nines and Sevens
Seat 4: coman567 (button) (small blind) mucked


PokerStars Hand #171917630761:  Hold'em Limit ($3/$6 USD) - 2017/06/18 1:49:13 ET
Table 'Ulysses' 6-max Seat #3 is the button
Seat 3: JDARTS ($63.78 in chips)
Seat 4: coman567 ($244.15 in chips)
JDARTS: posts small blind $1
coman567: posts big blind $3
*** HOLE CARDS ***
JDARTS: raises $3 to $6
coman567: calls $3
*** FLOP *** [As Jd 3s]
coman567: checks
JDARTS: bets $3
coman567: calls $3
*** TURN *** [As Jd 3s] [Ad]
coman567: checks
JDARTS: bets $6
coman567: calls $6
*** RIVER *** [As Jd 3s Ad] [7d]
coman567: checks
JDARTS: bets $6
coman567: folds
Uncalled bet ($6) returned to JDARTS
JDARTS collected $29.50 from pot
JDARTS: doesn't show hand
*** SUMMARY ***
Total pot $30 | Rake $0.50
Board [As Jd 3s Ad 7d]
Seat 3: JDARTS (button) (small blind) collected ($29.50)
Seat 4: coman567 (big blind) folded on the River


PokerStars Hand #171917652164:  Hold'em Limit ($3/$6 USD) - 2017/06/18 1:50:29 ET
Table 'Ulysses' 6-max Seat #3 is the button
Seat 3: JDARTS ($56.86 in chips)
Seat 4: coman567 ($248.99 in chips)
JDARTS: posts small blind $1
coman567: posts big blind $3
*** HOLE CARDS ***
JDARTS: raises $3 to $6
coman567: folds
Uncalled bet ($3) returned to JDARTS
JDARTS collected $6 from pot
JDARTS: doesn't show hand
*** SUMMARY ***
Total pot $6 | Rake $0
Seat 3: JDARTS (button) (small blind) collected ($6)
Seat 4: coman567 (big blind) folded before Flop


PokerStars Hand #171917642121:  Hold'em Limit ($3/$6 USD) - 2017/06/18 1:49:49 ET
Table 'Ulysses' 6-max Seat #4 is the button
Seat 3: JDARTS ($63.28 in chips)
Seat 4: coman567 ($243.65 in chips)
coman567: posts small blind $1
JDARTS: posts big blind $3
*** HOLE CARDS ***
coman567: raises $3 to $6
JDARTS: raises $3 to $9
coman567: calls $3
*** FLOP *** [6d 6s 8h]
JDARTS: bets $3
coman567: calls $3
*** TURN *** [6d 6s 8h] [Kc]
JDARTS: checks
coman567: bets $6
JDARTS: folds
Uncalled bet ($6) returned to coman567
coman567 collected $23.52 from pot
coman567: doesn't show hand
*** SUMMARY ***
Total pot $24 | Rake $0.48
Board [6d 6s 8h Kc]
Seat 3: JDARTS (big blind) folded on the Turn
Seat 4: coman567 (button) (small blind) collected ($23.52)


PokerStars Hand #171917645660:  Hold'em Limit ($3/$6 USD) - 2017/06/18 1:50:03 ET
Table 'Ulysses' 6-max Seat #3 is the button
Seat 3: JDARTS ($51.28 in chips)
Seat 4: coman567 ($255.17 in chips)
JDARTS: posts small blind $1
coman567: posts big blind $3
*** HOLE CARDS ***
JDARTS: raises $3 to $6
coman567: calls $3
*** FLOP *** [4s 7c Tc]
coman567: checks
JDARTS: bets $3
coman567: folds
Uncalled bet ($3) returned to JDARTS
JDARTS collected $11.76 from pot
JDARTS: doesn't show hand
*** SUMMARY ***
Total pot $12 | Rake $0.24
Board [4s 7c Tc]
Seat 3: JDARTS (button) (small blind) collected ($11.76)
Seat 4: coman567 (big blind) folded on the Flop


PokerStars Hand #171917648357:  Hold'em Limit ($3/$6 USD) - 2017/06/18 1:50:14 ET
Table 'Ulysses' 6-max Seat #4 is the button
Seat 3: JDARTS ($57.04 in chips)
Seat 4: coman567 ($249.17 in chips)
coman567: posts small blind $1
JDARTS: posts big blind $3
*** HOLE CARDS ***
coman567: raises $3 to $6
JDARTS: calls $3
*** FLOP *** [9d 5s 4h]
JDARTS: checks
coman567: bets $3
JDARTS: calls $3
*** TURN *** [9d 5s 4h] [4c]
JDARTS: checks
coman567: checks
*** RIVER *** [9d 5s 4h 4c] [8c]
JDARTS: checks
coman567: checks
*** SHOW DOWN ***
JDARTS: shows [3c Jd] (a pair of Fours)
coman567: shows [6d Jh] (a pair of Fours)
JDARTS collected $8.82 from pot
coman567 collected $8.82 from pot
*** SUMMARY ***
Total pot $18 | Rake $0.36
Board [9d 5s 4h 4c 8c]
Seat 3: JDARTS (big blind) showed [3c Jd] and won ($8.82) with a pair of Fours
Seat 4: coman567 (button) (small blind) showed [6d Jh] and won ($8.82) with a pair of Fours


PokerStars Hand #171917640722:  Hold'em Limit ($3/$6 USD) - 2017/06/18 1:49:44 ET
Table 'Ulysses' 6-max Seat #3 is the button
Seat 3: JDARTS ($60.28 in chips)
Seat 4: coman567 ($246.65 in chips)
JDARTS: posts small blind $1
coman567: posts big blind $3
*** HOLE CARDS ***
JDARTS: raises $3 to $6
coman567: folds
Uncalled bet ($3) returned to JDARTS
JDARTS collected $6 from pot
JDARTS: doesn't show hand
*** SUMMARY ***
Total pot $6 | Rake $0
Seat 3: JDARTS (button) (small blind) collected ($6)
Seat 4: coman567 (big blind) folded before Flop


PokerStars Hand #171917634410:  Hold'em Limit ($3/$6 USD) - 2017/06/18 1:49:27 ET
Table 'Ulysses' 6-max Seat #4 is the button
Seat 3: JDARTS ($78.28 in chips)
Seat 4: coman567 ($229.15 in chips)
coman567: posts small blind $1
JDARTS: posts big blind $3
*** HOLE CARDS ***
coman567: raises $3 to $6
JDARTS: calls $3
*** FLOP *** [8c Qs Js]
JDARTS: checks
coman567: checks
*** TURN *** [8c Qs Js] [3h]
JDARTS: checks
coman567: bets $6
JDARTS: calls $6
*** RIVER *** [8c Qs Js 3h] [4s]
JDARTS: checks
coman567: bets $6
JDARTS: calls $6
*** SHOW DOWN ***
coman567: shows [Td Tc] (a pair of Tens)
JDARTS: mucks hand
coman567 collected $35.50 from pot
*** SUMMARY ***
Total pot $36 | Rake $0.50
Board [8c Qs Js 3h 4s]
Seat 3: JDARTS (big blind) mucked
Seat 4: coman567 (button) (small blind) showed [Td Tc] and won ($35.50) with a pair of Tens


PokerStars Hand #171917653493:  Hold'em Limit ($3/$6 USD) - 2017/06/18 1:50:35 ET
Table 'Ulysses' 6-max Seat #4 is the button
Seat 3: JDARTS ($59.86 in chips)
Seat 4: coman567 ($245.99 in chips)
coman567: posts small blind $1
JDARTS: posts big blind $3
*** HOLE CARDS ***
coman567: raises $3 to $6
JDARTS: calls $3
*** FLOP *** [Jh 9d Jd]
JDARTS: checks
coman567: bets $3
JDARTS: calls $3
*** TURN *** [Jh 9d Jd] [9c]
JDARTS: checks
coman567: bets $6
JDARTS: raises $6 to $12
coman567: calls $6
*** RIVER *** [Jh 9d Jd 9c] [Kd]
JDARTS: bets $6
coman567: calls $6
*** SHOW DOWN ***
JDARTS: shows [Js 2h] (a full house, Jacks full of Nines)
coman567: mucks hand
JDARTS collected $53.50 from pot
*** SUMMARY ***
Total pot $54 | Rake $0.50
Board [Jh 9d Jd 9c Kd]
Seat 3: JDARTS (big blind) showed [Js 2h] and won ($53.50) with a full house, Jacks full of Nines
Seat 4: coman567 (button) (small blind) mucked


PokerStars Hand #171917660807:  Hold'em Limit ($3/$6 USD) - 2017/06/18 1:51:04 ET
Table 'Ulysses' 6-max Seat #3 is the button
Seat 3: JDARTS ($86.36 in chips)
Seat 4: coman567 ($218.99 in chips)
JDARTS: posts small blind $1
coman567: posts big blind $3
*** HOLE CARDS ***
JDARTS: raises $3 to $6
coman567: calls $3
*** FLOP *** [8c Th 2h]
coman567: checks
JDARTS: bets $3
coman567: raises $3 to $6
JDARTS: calls $3
*** TURN *** [8c Th 2h] [Ks]
coman567: bets $6
JDARTS: folds
Uncalled bet ($6) returned to coman567
coman567 collected $23.52 from pot
coman567: doesn't show hand
*** SUMMARY ***
Total pot $24 | Rake $0.48
Board [8c Th 2h Ks]
Seat 3: JDARTS (button) (small blind) folded on the Turn
Seat 4: coman567 (big blind) collected ($23.52)


PokerStars Hand #171917676627:  Hold'em Limit ($3/$6 USD) - 2017/06/18 1:52:07 ET
Table 'Ulysses' 6-max Seat #4 is the button
Seat 3: JDARTS ($94.52 in chips)
Seat 4: coman567 ($209.51 in chips)
coman567: posts small blind $1
JDARTS: posts big blind $3
*** HOLE CARDS ***
coman567: raises $3 to $6
JDARTS: calls $3
*** FLOP *** [Qs Th 8h]
JDARTS: bets $3
coman567: calls $3
*** TURN *** [Qs Th 8h] [Kc]
JDARTS: checks
RJF1943 was removed from the table for failing to post
coman567: bets $6
JDARTS: calls $6
*** RIVER *** [Qs Th 8h Kc] [Jc]
JDARTS: bets $6
coman567: calls $6
*** SHOW DOWN ***
JDARTS: shows [2c As] (a straight, Ten to Ace)
coman567: mucks hand
JDARTS collected $41.50 from pot
*** SUMMARY ***
Total pot $42 | Rake $0.50
Board [Qs Th 8h Kc Jc]
Seat 3: JDARTS (big blind) showed [2c As] and won ($41.50) with a straight, Ten to Ace
Seat 4: coman567 (button) (small blind) mucked


PokerStars Hand #171917681686:  Hold'em Limit ($3/$6 USD) - 2017/06/18 1:52:27 ET
Table 'Ulysses' 6-max Seat #3 is the button
Seat 3: JDARTS ($115.02 in chips)
Seat 4: coman567 ($188.51 in chips)
JDARTS: posts small blind $1
coman567: posts big blind $3
*** HOLE CARDS ***
JDARTS: raises $3 to $6
coman567: calls $3
*** FLOP *** [5h 3s 3c]
coman567: checks
JDARTS: checks
*** TURN *** [5h 3s 3c] [5s]
coman567: checks
JDARTS: bets $6
coman567: folds
Uncalled bet ($6) returned to JDARTS
JDARTS collected $11.76 from pot
JDARTS: doesn't show hand
*** SUMMARY ***
Total pot $12 | Rake $0.24
Board [5h 3s 3c 5s]
Seat 3: JDARTS (button) (small blind) collected ($11.76)
Seat 4: coman567 (big blind) folded on the Turn


PokerStars Hand #171917672081:  Hold'em Limit ($3/$6 USD) - 2017/06/18 1:51:49 ET
Table 'Ulysses' 6-max Seat #4 is the button
Seat 3: JDARTS ($84.88 in chips)
Seat 4: coman567 ($219.51 in chips)
coman567: posts small blind $1
JDARTS: posts big blind $3
*** HOLE CARDS ***
coman567: folds
Uncalled bet ($2) returned to JDARTS
JDARTS collected $2 from pot
JDARTS: doesn't show hand
*** SUMMARY ***
Total pot $2 | Rake $0
Seat 3: JDARTS (big blind) collected ($2)
Seat 4: coman567 (button) (small blind) folded before Flop


PokerStars Hand #171917673202:  Hold'em Limit ($3/$6 USD) - 2017/06/18 1:51:53 ET
Table 'Ulysses' 6-max Seat #3 is the button
Seat 3: JDARTS ($85.88 in chips)
Seat 4: coman567 ($218.51 in chips)
JDARTS: posts small blind $1
coman567: posts big blind $3
*** HOLE CARDS ***
JDARTS: calls $2
coman567: raises $3 to $6
JDARTS: calls $3
*** FLOP *** [8c Jc 8h]
coman567: bets $3
JDARTS: calls $3
*** TURN *** [8c Jc 8h] [6h]
coman567: checks
JDARTS: bets $6
coman567: folds
Uncalled bet ($6) returned to JDARTS
JDARTS collected $17.64 from pot
JDARTS: doesn't show hand
*** SUMMARY ***
Total pot $18 | Rake $0.36
Board [8c Jc 8h 6h]
Seat 3: JDARTS (button) (small blind) collected ($17.64)
Seat 4: coman567 (big blind) folded on the Turn


PokerStars Hand #171917670822:  Hold'em Limit ($3/$6 USD) - 2017/06/18 1:51:44 ET
Table 'Ulysses' 6-max Seat #3 is the button
Seat 3: JDARTS ($85.88 in chips)
Seat 4: coman567 ($218.51 in chips)
JDARTS: posts small blind $1
coman567: posts big blind $3
*** HOLE CARDS ***
JDARTS: folds
Uncalled bet ($2) returned to coman567
coman567 collected $2 from pot
coman567: doesn't show hand
*** SUMMARY ***
Total pot $2 | Rake $0
Seat 3: JDARTS (button) (small blind) folded before Flop
Seat 4: coman567 (big blind) collected ($2)


PokerStars Hand #171917666073:  Hold'em Limit ($3/$6 USD) - 2017/06/18 1:51:25 ET
Table 'Ulysses' 6-max Seat #4 is the button
Seat 3: JDARTS ($74.36 in chips)
Seat 4: coman567 ($230.51 in chips)
coman567: posts small blind $1
JDARTS: posts big blind $3
*** HOLE CARDS ***
coman567: raises $3 to $6
JDARTS: raises $3 to $9
coman567: calls $3
*** FLOP *** [9s Tc Ad]
JDARTS: bets $3
coman567: calls $3
*** TURN *** [9s Tc Ad] [3s]
JDARTS: checks
coman567: checks
*** RIVER *** [9s Tc Ad 3s] [4s]
JDARTS: checks
coman567: checks
*** SHOW DOWN ***
JDARTS: shows [4h 5h] (a pair of Fours)
coman567: mucks hand
JDARTS collected $23.52 from pot
*** SUMMARY ***
Total pot $24 | Rake $0.48
Board [9s Tc Ad 3s 4s]
Seat 3: JDARTS (big blind) showed [4h 5h] and won ($23.52) with a pair of Fours
Seat 4: coman567 (button) (small blind) mucked


PokerStars Hand #171917689978:  Hold'em Limit ($3/$6 USD) - 2017/06/18 1:53:00 ET
Table 'Ulysses' 6-max Seat #3 is the button
Seat 3: JDARTS ($96.78 in chips)
Seat 4: coman567 ($206.01 in chips)
JDARTS: posts small blind $1
coman567: posts big blind $3
*** HOLE CARDS ***
JDARTS: raises $3 to $6
coman567: raises $3 to $9
JDARTS: raises $3 to $12
Betting is capped
coman567: calls $3
*** FLOP *** [4c 5c 2d]
coman567: checks
JDARTS: bets $3
coman567: calls $3
*** TURN *** [4c 5c 2d] [Tc]
coman567: checks
JDARTS: bets $6
coman567: calls $6
*** RIVER *** [4c 5c 2d Tc] [7s]
coman567: checks
JDARTS: bets $6
coman567: folds
Uncalled bet ($6) returned to JDARTS
JDARTS collected $41.50 from pot
JDARTS: doesn't show hand
*** SUMMARY ***
Total pot $42 | Rake $0.50
Board [4c 5c 2d Tc 7s]
Seat 3: JDARTS (button) (small blind) collected ($41.50)
Seat 4: coman567 (big blind) folded on the River


PokerStars Hand #171917685156:  Hold'em Limit ($3/$6 USD) - 2017/06/18 1:52:41 ET
Table 'Ulysses' 6-max Seat #4 is the button
Seat 3: JDARTS ($120.78 in chips)
Seat 4: coman567 ($182.51 in chips)
coman567: posts small blind $1
JDARTS: posts big blind $3
*** HOLE CARDS ***
coman567: raises $3 to $6
JDARTS: raises $3 to $9
coman567: calls $3
*** FLOP *** [As Jh 4h]
JDARTS: bets $3
coman567: calls $3
*** TURN *** [As Jh 4h] [5d]
JDARTS: bets $6
coman567: calls $6
*** RIVER *** [As Jh 4h 5d] [3c]
JDARTS: checks
coman567: bets $6
JDARTS: calls $6
*** SHOW DOWN ***
coman567: shows [2h Ad] (a straight, Ace to Five)
JDARTS: mucks hand
coman567 collected $47.50 from pot
*** SUMMARY ***
Total pot $48 | Rake $0.50
Board [As Jh 4h 5d 3c]
Seat 3: JDARTS (big blind) mucked
Seat 4: coman567 (button) (small blind) showed [2h Ad] and won ($47.50) with a straight, Ace to Five


PokerStars Hand #171917694067:  Hold'em Limit ($3/$6 USD) - 2017/06/18 1:53:16 ET
Table 'Ulysses' 6-max Seat #4 is the button
Seat 3: JDARTS ($117.28 in chips)
Seat 4: coman567 ($185.01 in chips)
coman567: posts small blind $1
JDARTS: posts big blind $3
*** HOLE CARDS ***
coman567: raises $3 to $6
JDARTS: calls $3
*** FLOP *** [3d Js 4h]
JDARTS: checks
coman567: bets $3
JDARTS: calls $3
*** TURN *** [3d Js 4h] [Tc]
JDARTS: checks
coman567: bets $6
JDARTS: folds
Uncalled bet ($6) returned to coman567
coman567 collected $17.64 from pot
coman567: doesn't show hand
*** SUMMARY ***
Total pot $18 | Rake $0.36
Board [3d Js 4h Tc]
Seat 3: JDARTS (big blind) folded on the Turn
Seat 4: coman567 (button) (small blind) collected ($17.64)


PokerStars Hand #171917698621:  Hold'em Limit ($3/$6 USD) - 2017/06/18 1:53:34 ET
Table 'Ulysses' 6-max Seat #4 is the button
Seat 3: JDARTS ($107.28 in chips)
Seat 4: coman567 ($194.65 in chips)
coman567: posts small blind $1
JDARTS: posts big blind $3
*** HOLE CARDS ***
coman567: raises $3 to $6
JDARTS: folds
Uncalled bet ($3) returned to coman567
coman567 collected $6 from pot
coman567: doesn't show hand
*** SUMMARY ***
Total pot $6 | Rake $0
Seat 3: JDARTS (big blind) folded before Flop
Seat 4: coman567 (button) (small blind) collected ($6)


PokerStars Hand #171917697246:  Hold'em Limit ($3/$6 USD) - 2017/06/18 1:53:29 ET
Table 'Ulysses' 6-max Seat #3 is the button
Seat 3: JDARTS ($108.28 in chips)
Seat 4: coman567 ($193.65 in chips)
JDARTS: posts small blind $1
coman567: posts big blind $3
*** HOLE CARDS ***
JDARTS: folds
Uncalled bet ($2) returned to coman567
coman567 collected $2 from pot
coman567: doesn't show hand
*** SUMMARY ***
Total pot $2 | Rake $0
Seat 3: JDARTS (button) (small blind) folded before Flop
Seat 4: coman567 (big blind) collected ($2)


PokerStars Hand #171917700084:  Hold'em Limit ($3/$6 USD) - 2017/06/18 1:53:40 ET
Table 'Ulysses' 6-max Seat #3 is the button
Seat 3: JDARTS ($104.28 in chips)
Seat 4: coman567 ($197.65 in chips)
JDARTS: posts small blind $1
coman567: posts big blind $3
*** HOLE CARDS ***
JDARTS: folds
Uncalled bet ($2) returned to coman567
coman567 collected $2 from pot
coman567: doesn't show hand
*** SUMMARY ***
Total pot $2 | Rake $0
Seat 3: JDARTS (button) (small blind) folded before Flop
Seat 4: coman567 (big blind) collected ($2)


PokerStars Hand #171917706554:  Hold'em Limit ($3/$6 USD) - 2017/06/18 1:54:06 ET
Table 'Ulysses' 6-max Seat #3 is the button
Seat 3: JDARTS ($117.78 in chips)
Seat 4: coman567 ($183.65 in chips)
JDARTS: posts small blind $1
coman567: posts big blind $3
*** HOLE CARDS ***
JDARTS: raises $3 to $6
coman567: raises $3 to $9
JDARTS: calls $3
*** FLOP *** [Js 9c 3c]
coman567: bets $3
JDARTS: raises $3 to $6
coman567: calls $3
*** TURN *** [Js 9c 3c] [Ac]
coman567: checks
rasul2525 joins the table at seat #2
JDARTS: bets $6
coman567: calls $6
*** RIVER *** [Js 9c 3c Ac] [Ah]
coman567: checks
JDARTS: bets $6
coman567: calls $6
*** SHOW DOWN ***
JDARTS: shows [8c Th] (a pair of Aces)
coman567: shows [8d 9d] (two pair, Aces and Nines)
coman567 collected $53.50 from pot
*** SUMMARY ***
Total pot $54 | Rake $0.50
Board [Js 9c 3c Ac Ah]
Seat 3: JDARTS (button) (small blind) showed [8c Th] and lost with a pair of Aces
Seat 4: coman567 (big blind) showed [8d 9d] and won ($53.50) with two pair, Aces and Nines


PokerStars Hand #171917701554:  Hold'em Limit ($3/$6 USD) - 2017/06/18 1:53:46 ET
Table 'Ulysses' 6-max Seat #4 is the button
Seat 3: JDARTS ($103.28 in chips)
Seat 4: coman567 ($198.65 in chips)
coman567: posts small blind $1
JDARTS: posts big blind $3
*** HOLE CARDS ***
coman567: raises $3 to $6
JDARTS: calls $3
*** FLOP *** [Kd 4c Ad]
JDARTS: checks
coman567: bets $3
JDARTS: calls $3
*** TURN *** [Kd 4c Ad] [8h]
JDARTS: checks
coman567: bets $6
JDARTS: calls $6
*** RIVER *** [Kd 4c Ad 8h] [Jd]
JDARTS: checks
coman567: checks
*** SHOW DOWN ***
JDARTS: shows [9h Kh] (a pair of Kings)
coman567: mucks hand
JDARTS collected $29.50 from pot
*** SUMMARY ***
Total pot $30 | Rake $0.50
Board [Kd 4c Ad 8h Jd]
Seat 3: JDARTS (big blind) showed [9h Kh] and won ($29.50) with a pair of Kings
Seat 4: coman567 (button) (small blind) mucked


PokerStars Hand #171918744011:  Hold'em Limit ($3/$6 USD) - 2017/06/18 3:00:45 ET
Table 'Ulysses' 6-max Seat #4 is the button
Seat 1: MIBondiola ($109.81 in chips)
Seat 4: coman567 ($98.43 in chips)
coman567: posts small blind $1
Lowey277: is sitting out
MIBondiola: posts big blind $3
*** HOLE CARDS ***
coman567: raises $3 to $6
MIBondiola: raises $3 to $9
coman567: calls $3
*** FLOP *** [Qd 9d Qs]
MIBondiola: bets $3
coman567: calls $3
*** TURN *** [Qd 9d Qs] [Ac]
MIBondiola: bets $6
coman567: calls $6
*** RIVER *** [Qd 9d Qs Ac] [Td]
MIBondiola: checks
coman567: checks
*** SHOW DOWN ***
MIBondiola: shows [As Kc] (two pair, Aces and Queens)
coman567: mucks hand
MIBondiola collected $35.50 from pot
*** SUMMARY ***
Total pot $36 | Rake $0.50
Board [Qd 9d Qs Ac Td]
Seat 1: MIBondiola (big blind) showed [As Kc] and won ($35.50) with two pair, Aces and Queens
Seat 4: coman567 (button) (small blind) mucked


PokerStars Hand #171918752595:  Hold'em Limit ($3/$6 USD) - 2017/06/18 3:01:17 ET
Table 'Ulysses' 6-max Seat #1 is the button
Seat 1: MIBondiola ($127.31 in chips)
Seat 4: coman567 ($120 in chips)
MIBondiola: posts small blind $1
coman567: posts big blind $3
*** HOLE CARDS ***
MIBondiola: raises $3 to $6
coman567: calls $3
*** FLOP *** [4s 7s 4c]
coman567: checks
MIBondiola: bets $3
coman567: calls $3
*** TURN *** [4s 7s 4c] [5s]
coman567: checks
MIBondiola: bets $6
coman567: calls $6
*** RIVER *** [4s 7s 4c 5s] [8d]
coman567: bets $6
Lowey277 leaves the table
MIBondiola: calls $6
*** SHOW DOWN ***
coman567: shows [As 6d] (a straight, Four to Eight)
MIBondiola: mucks hand
coman567 collected $41.50 from pot
*** SUMMARY ***
Total pot $42 | Rake $0.50
Board [4s 7s 4c 5s 8d]
Seat 1: MIBondiola (button) (small blind) mucked
Seat 4: coman567 (big blind) showed [As 6d] and won ($41.50) with a straight, Four to Eight


PokerStars Hand #171918761936:  Hold'em Limit ($3/$6 USD) - 2017/06/18 3:01:52 ET
Table 'Ulysses' 6-max Seat #4 is the button
Seat 1: MIBondiola ($106.31 in chips)
Seat 4: coman567 ($140.50 in chips)
coman567: posts small blind $1
MIBondiola: posts big blind $3
*** HOLE CARDS ***
coman567: raises $3 to $6
MIBondiola: calls $3
*** FLOP *** [8h 9c 3s]
MIBondiola: checks
coman567: bets $3
MIBondiola: folds
Uncalled bet ($3) returned to coman567
coman567 collected $11.76 from pot
coman567: doesn't show hand
*** SUMMARY ***
Total pot $12 | Rake $0.24
Board [8h 9c 3s]
Seat 1: MIBondiola (big blind) folded on the Flop
Seat 4: coman567 (button) (small blind) collected ($11.76)


PokerStars Hand #171918779050:  Hold'em Limit ($3/$6 USD) - 2017/06/18 3:02:54 ET
Table 'Ulysses' 6-max Seat #4 is the button
Seat 1: MIBondiola ($108.95 in chips)
Seat 4: coman567 ($137.26 in chips)
coman567: posts small blind $1
MIBondiola: posts big blind $3
*** HOLE CARDS ***
coman567: raises $3 to $6
MIBondiola: folds
Uncalled bet ($3) returned to coman567
coman567 collected $6 from pot
coman567: doesn't show hand
*** SUMMARY ***
Total pot $6 | Rake $0
Seat 1: MIBondiola (big blind) folded before Flop
Seat 4: coman567 (button) (small blind) collected ($6)


PokerStars Hand #171918782270:  Hold'em Limit ($3/$6 USD) - 2017/06/18 3:03:06 ET
Table 'Ulysses' 6-max Seat #1 is the button
Seat 1: MIBondiola ($105.95 in chips)
Seat 4: coman567 ($140.26 in chips)
MIBondiola: posts small blind $1
coman567: posts big blind $3
*** HOLE CARDS ***
MIBondiola: raises $3 to $6
coman567: calls $3
*** FLOP *** [7d 2c Ac]
coman567: checks
MIBondiola: bets $3
coman567: raises $3 to $6
MIBondiola: calls $3
*** TURN *** [7d 2c Ac] [Qc]
coman567: checks
MIBondiola: checks
*** RIVER *** [7d 2c Ac Qc] [4s]
coman567: bets $6
MIBondiola: calls $6
*** SHOW DOWN ***
coman567: shows [5d 3d] (a straight, Ace to Five)
MIBondiola: mucks hand
coman567 collected $35.50 from pot
*** SUMMARY ***
Total pot $36 | Rake $0.50
Board [7d 2c Ac Qc 4s]
Seat 1: MIBondiola (button) (small blind) mucked
Seat 4: coman567 (big blind) showed [5d 3d] and won ($35.50) with a straight, Ace to Five


PokerStars Hand #171918798026:  Hold'em Limit ($3/$6 USD) - 2017/06/18 3:04:03 ET
Table 'Ulysses' 6-max Seat #1 is the button
Seat 1: MIBondiola ($69.95 in chips)
Seat 4: coman567 ($175.26 in chips)
MIBondiola: posts small blind $1
coman567: posts big blind $3
*** HOLE CARDS ***
MIBondiola: raises $3 to $6
coman567: folds
Uncalled bet ($3) returned to MIBondiola
MIBondiola collected $6 from pot
MIBondiola: doesn't show hand
*** SUMMARY ***
Total pot $6 | Rake $0
Seat 1: MIBondiola (button) (small blind) collected ($6)
Seat 4: coman567 (big blind) folded before Flop


PokerStars Hand #171918790712:  Hold'em Limit ($3/$6 USD) - 2017/06/18 3:03:37 ET
Table 'Ulysses' 6-max Seat #4 is the button
Seat 1: MIBondiola ($87.95 in chips)
Seat 4: coman567 ($157.76 in chips)
coman567: posts small blind $1
MIBondiola: posts big blind $3
*** HOLE CARDS ***
coman567: raises $3 to $6
MIBondiola: raises $3 to $9
coman567: calls $3
*** FLOP *** [2h Tc 7s]
MIBondiola: bets $3
coman567: calls $3
*** TURN *** [2h Tc 7s] [8h]
MIBondiola: bets $6
coman567: calls $6
*** RIVER *** [2h Tc 7s 8h] [5h]
MIBondiola: checks
coman567: checks
*** SHOW DOWN ***
MIBondiola: shows [Jc Qd] (high card Queen)
coman567: shows [9s As] (high card Ace)
coman567 collected $35.50 from pot
*** SUMMARY ***
Total pot $36 | Rake $0.50
Board [2h Tc 7s 8h 5h]
Seat 1: MIBondiola (big blind) showed [Jc Qd] and lost with high card Queen
Seat 4: coman567 (button) (small blind) showed [9s As] and won ($35.50) with high card Ace


PokerStars Hand #171918799948:  Hold'em Limit ($3/$6 USD) - 2017/06/18 3:04:10 ET
Table 'Ulysses' 6-max Seat #4 is the button
Seat 1: MIBondiola ($72.95 in chips)
Seat 4: coman567 ($172.26 in chips)
coman567: posts small blind $1
MIBondiola: posts big blind $3
*** HOLE CARDS ***
coman567: raises $3 to $6
MIBondiola: calls $3
*** FLOP *** [Ad Jc 5c]
MIBondiola: checks
coman567: bets $3
MIBondiola: raises $3 to $6
coman567: folds
Uncalled bet ($3) returned to MIBondiola
MIBondiola collected $17.64 from pot
MIBondiola: doesn't show hand
*** SUMMARY ***
Total pot $18 | Rake $0.36
Board [Ad Jc 5c]
Seat 1: MIBondiola (big blind) collected ($17.64)
Seat 4: coman567 (button) (small blind) folded on the Flop


PokerStars Hand #171918805203:  Hold'em Limit ($3/$6 USD) - 2017/06/18 3:04:29 ET
Table 'Ulysses' 6-max Seat #1 is the button
Seat 1: MIBondiola ($81.59 in chips)
Seat 4: coman567 ($163.26 in chips)
MIBondiola: posts small blind $1
coman567: posts big blind $3
*** HOLE CARDS ***
MIBondiola: raises $3 to $6
coman567: calls $3
*** FLOP *** [Kh 9c Ks]
coman567: checks
MIBondiola: bets $3
coman567: folds
Uncalled bet ($3) returned to MIBondiola
MIBondiola collected $11.76 from pot
MIBondiola: doesn't show hand
*** SUMMARY ***
Total pot $12 | Rake $0.24
Board [Kh 9c Ks]
Seat 1: MIBondiola (button) (small blind) collected ($11.76)
Seat 4: coman567 (big blind) folded on the Flop


PokerStars Hand #171918810546:  Hold'em Limit ($3/$6 USD) - 2017/06/18 3:04:48 ET
Table 'Ulysses' 6-max Seat #4 is the button
Seat 1: MIBondiola ($87.35 in chips)
Seat 4: coman567 ($157.26 in chips)
coman567: posts small blind $1
MIBondiola: posts big blind $3
*** HOLE CARDS ***
coman567: raises $3 to $6
MIBondiola: raises $3 to $9
coman567: calls $3
*** FLOP *** [Jh Qh Ac]
MIBondiola: bets $3
coman567: calls $3
*** TURN *** [Jh Qh Ac] [Kc]
MIBondiola: checks
coman567: bets $6
MIBondiola: calls $6
*** RIVER *** [Jh Qh Ac Kc] [2c]
MIBondiola: checks
coman567: checks
*** SHOW DOWN ***
MIBondiola: shows [Jc Qs] (two pair, Queens and Jacks)
coman567: mucks hand
MIBondiola collected $35.50 from pot
*** SUMMARY ***
Total pot $36 | Rake $0.50
Board [Jh Qh Ac Kc 2c]
Seat 1: MIBondiola (big blind) showed [Jc Qs] and won ($35.50) with two pair, Queens and Jacks
Seat 4: coman567 (button) (small blind) mucked


PokerStars Hand #171918821143:  Hold'em Limit ($3/$6 USD) - 2017/06/18 3:05:26 ET
Table 'Ulysses' 6-max Seat #4 is the button
Seat 1: MIBondiola ($107.85 in chips)
Seat 4: coman567 ($136.26 in chips)
coman567: posts small blind $1
MIBondiola: posts big blind $3
*** HOLE CARDS ***
coman567: raises $3 to $6
MIBondiola: folds
Uncalled bet ($3) returned to coman567
coman567 collected $6 from pot
coman567: doesn't show hand
*** SUMMARY ***
Total pot $6 | Rake $0
Seat 1: MIBondiola (big blind) folded before Flop
Seat 4: coman567 (button) (small blind) collected ($6)


PokerStars Hand #171918818939:  Hold'em Limit ($3/$6 USD) - 2017/06/18 3:05:18 ET
Table 'Ulysses' 6-max Seat #1 is the button
Seat 1: MIBondiola ($104.85 in chips)
Seat 4: coman567 ($139.26 in chips)
MIBondiola: posts small blind $1
coman567: posts big blind $3
*** HOLE CARDS ***
MIBondiola: raises $3 to $6
coman567: folds
Uncalled bet ($3) returned to MIBondiola
MIBondiola collected $6 from pot
MIBondiola: doesn't show hand
*** SUMMARY ***
Total pot $6 | Rake $0
Seat 1: MIBondiola (button) (small blind) collected ($6)
Seat 4: coman567 (big blind) folded before Flop


PokerStars Hand #171918828726:  Hold'em Limit ($3/$6 USD) - 2017/06/18 3:05:53 ET
Table 'Ulysses' 6-max Seat #4 is the button
Seat 1: MIBondiola ($110.61 in chips)
Seat 4: coman567 ($133.26 in chips)
coman567: posts small blind $1
MIBondiola: posts big blind $3
*** HOLE CARDS ***
coman567: raises $3 to $6
MIBondiola: calls $3
*** FLOP *** [6h 9d 4s]
MIBondiola: checks
coman567: bets $3
MIBondiola: raises $3 to $6
coman567: calls $3
*** TURN *** [6h 9d 4s] [Kh]
MIBondiola: bets $6
coman567: folds
Uncalled bet ($6) returned to MIBondiola
MIBondiola collected $23.52 from pot
MIBondiola: doesn't show hand
*** SUMMARY ***
Total pot $24 | Rake $0.48
Board [6h 9d 4s Kh]
Seat 1: MIBondiola (big blind) collected ($23.52)
Seat 4: coman567 (button) (small blind) folded on the Turn


PokerStars Hand #171918824958:  Hold'em Limit ($3/$6 USD) - 2017/06/18 3:05:40 ET
Table 'Ulysses' 6-max Seat #1 is the button
Seat 1: MIBondiola ($104.85 in chips)
Seat 4: coman567 ($139.26 in chips)
MIBondiola: posts small blind $1
coman567: posts big blind $3
*** HOLE CARDS ***
MIBondiola: raises $3 to $6
coman567: calls $3
*** FLOP *** [Jh 8c 3h]
coman567: checks
MIBondiola: bets $3
coman567: folds
Uncalled bet ($3) returned to MIBondiola
MIBondiola collected $11.76 from pot
MIBondiola: doesn't show hand
*** SUMMARY ***
Total pot $12 | Rake $0.24
Board [Jh 8c 3h]
Seat 1: MIBondiola (button) (small blind) collected ($11.76)
Seat 4: coman567 (big blind) folded on the Flop


PokerStars Hand #171918851971:  Hold'em Limit ($3/$6 USD) - 2017/06/18 3:07:17 ET
Table 'Ulysses' 6-max Seat #4 is the button
Seat 1: MIBondiola ($136.41 in chips)
Seat 4: coman567 ($106.26 in chips)
coman567: posts small blind $1
MIBondiola: posts big blind $3
*** HOLE CARDS ***
SALZHERZ joins the table at seat #2
coman567: folds
Uncalled bet ($2) returned to MIBondiola
MIBondiola collected $2 from pot
MIBondiola: doesn't show hand
*** SUMMARY ***
Total pot $2 | Rake $0
Seat 1: MIBondiola (big blind) collected ($2)
Seat 4: coman567 (button) (small blind) folded before Flop


PokerStars Hand #171918848371:  Hold'em Limit ($3/$6 USD) - 2017/06/18 3:07:04 ET
Table 'Ulysses' 6-max Seat #1 is the button
Seat 1: MIBondiola ($130.65 in chips)
Seat 4: coman567 ($112.26 in chips)
MIBondiola: posts small blind $1
coman567: posts big blind $3
*** HOLE CARDS ***
MIBondiola: raises $3 to $6
coman567: calls $3
*** FLOP *** [Ks 6h 6s]
coman567: checks
MIBondiola: bets $3
coman567: folds
Uncalled bet ($3) returned to MIBondiola
MIBondiola collected $11.76 from pot
MIBondiola: doesn't show hand
*** SUMMARY ***
Total pot $12 | Rake $0.24
Board [Ks 6h 6s]
Seat 1: MIBondiola (button) (small blind) collected ($11.76)
Seat 4: coman567 (big blind) folded on the Flop


PokerStars Hand #171918837132:  Hold'em Limit ($3/$6 USD) - 2017/06/18 3:06:23 ET
Table 'Ulysses' 6-max Seat #1 is the button
Seat 1: MIBondiola ($122.13 in chips)
Seat 4: coman567 ($121.26 in chips)
MIBondiola: posts small blind $1
coman567: posts big blind $3
*** HOLE CARDS ***
MIBondiola: raises $3 to $6
coman567: raises $3 to $9
MIBondiola: raises $3 to $12
Betting is capped
coman567: calls $3
*** FLOP *** [Jc Ks 3h]
coman567: checks
MIBondiola: bets $3
coman567: folds
Uncalled bet ($3) returned to MIBondiola
MIBondiola collected $23.52 from pot
MIBondiola: doesn't show hand
*** SUMMARY ***
Total pot $24 | Rake $0.48
Board [Jc Ks 3h]
Seat 1: MIBondiola (button) (small blind) collected ($23.52)
Seat 4: coman567 (big blind) folded on the Flop


PokerStars Hand #171918846264:  Hold'em Limit ($3/$6 USD) - 2017/06/18 3:06:56 ET
Table 'Ulysses' 6-max Seat #4 is the button
Seat 1: MIBondiola ($133.65 in chips)
Seat 4: coman567 ($109.26 in chips)
coman567: posts small blind $1
MIBondiola: posts big blind $3
*** HOLE CARDS ***
coman567: raises $3 to $6
MIBondiola: folds
Uncalled bet ($3) returned to coman567
coman567 collected $6 from pot
coman567: doesn't show hand
*** SUMMARY ***
Total pot $6 | Rake $0
Seat 1: MIBondiola (big blind) folded before Flop
Seat 4: coman567 (button) (small blind) collected ($6)


PokerStars Hand #171918867895:  Hold'em Limit ($3/$6 USD) - 2017/06/18 3:08:13 ET
Table 'Ulysses' 6-max Seat #4 is the button
Seat 2: SALZHERZ ($115 in chips)
Seat 4: coman567 ($128 in chips)
coman567: posts small blind $1
MIBondiola: is sitting out
SALZHERZ: posts big blind $3
*** HOLE CARDS ***
coman567: raises $3 to $6
SALZHERZ: calls $3
*** FLOP *** [Kh 3d 4d]
SALZHERZ: checks
coman567: bets $3
SALZHERZ: calls $3
*** TURN *** [Kh 3d 4d] [Tc]
SALZHERZ: checks
coman567: checks
*** RIVER *** [Kh 3d 4d Tc] [Ah]
SALZHERZ: checks
coman567: bets $6
SALZHERZ: calls $6
*** SHOW DOWN ***
coman567: shows [Jd Qc] (a straight, Ten to Ace)
SALZHERZ: mucks hand
MIBondiola leaves the table
coman567 collected $29.50 from pot
*** SUMMARY ***
Total pot $30 | Rake $0.50
Board [Kh 3d 4d Tc Ah]
Seat 2: SALZHERZ (big blind) mucked
Seat 4: coman567 (button) (small blind) showed [Jd Qc] and won ($29.50) with a straight, Ten to Ace


PokerStars Hand #171930286357:  Hold'em Limit ($3/$6 USD) - 2017/06/18 10:19:18 ET
Table 'Ulysses' 6-max Seat #6 is the button
Seat 2: Krazy90 ($149.17 in chips)
Seat 6: vladal 888 ($293.44 in chips)
vladal 888: posts small blind $1
EVBET: is sitting out
Krazy90: posts big blind $3
EVBET leaves the table
*** HOLE CARDS ***
vestimokrec joins the table at seat #1
vladal 888: raises $3 to $6
Krazy90: calls $3
*** FLOP *** [Th 9c 5c]
Krazy90: checks
vladal 888: bets $3
Krazy90: folds
Uncalled bet ($3) returned to vladal 888
vladal 888 collected $11.76 from pot
*** SUMMARY ***
Total pot $12 | Rake $0.24
Board [Th 9c 5c]
Seat 2: Krazy90 (big blind) folded on the Flop
Seat 6: vladal 888 (button) (small blind) collected ($11.76)


PokerStars Hand #171930298755:  Hold'em Limit ($3/$6 USD) - 2017/06/18 10:19:38 ET
Table 'Ulysses' 6-max Seat #2 is the button
Seat 2: Krazy90 ($143.17 in chips)
Seat 6: vladal 888 ($299.20 in chips)
Krazy90: posts small blind $1
vladal 888: posts big blind $3
*** HOLE CARDS ***
Krazy90: folds
Uncalled bet ($2) returned to vladal 888
vladal 888 collected $2 from pot
*** SUMMARY ***
Total pot $2 | Rake $0
Seat 2: Krazy90 (button) (small blind) folded before Flop
Seat 6: vladal 888 (big blind) collected ($2)


PokerStars Hand #171938905895:  Hold'em Limit ($3/$6 USD) - 2017/06/18 13:42:35 ET
Table 'Ulysses' 6-max Seat #1 is the button
Seat 1: craaa ($150.30 in chips)
Seat 5: scorpio04 ($328.29 in chips)
craaa: posts small blind $1
scorpio04: posts big blind $3
*** HOLE CARDS ***
craaa: raises $3 to $6
scorpio04: raises $3 to $9
craaa: calls $3
*** FLOP *** [4c 2h 3s]
scorpio04: bets $3
craaa: calls $3
*** TURN *** [4c 2h 3s] [4d]
scorpio04: bets $6
craaa: folds
Uncalled bet ($6) returned to scorpio04
scorpio04 collected $23.52 from pot
scorpio04: doesn't show hand
*** SUMMARY ***
Total pot $24 | Rake $0.48
Board [4c 2h 3s 4d]
Seat 1: craaa (button) (small blind) folded on the Turn
Seat 5: scorpio04 (big blind) collected ($23.52)


PokerStars Hand #171951378381:  Hold'em Limit ($3/$6 USD) - 2017/06/18 17:47:37 ET
Table 'Ulysses' 6-max Seat #1 is the button
Seat 1: scorpio04 ($150 in chips)
Seat 5: LotsaBalls12 ($46 in chips)
scorpio04: posts small blind $1
LotsaBalls12: posts big blind $3
*** HOLE CARDS ***
scorpio04: raises $3 to $6
LotsaBalls12: calls $3
*** FLOP *** [5c 8s 9d]
LotsaBalls12: checks
scorpio04: bets $3
LotsaBalls12: calls $3
*** TURN *** [5c 8s 9d] [7c]
LotsaBalls12: checks
scorpio04: checks
*** RIVER *** [5c 8s 9d 7c] [Ts]
LotsaBalls12: checks
scorpio04: checks
*** SHOW DOWN ***
LotsaBalls12: shows [2s Th] (a pair of Tens)
scorpio04: mucks hand
LotsaBalls12 collected $17.64 from pot
*** SUMMARY ***
Total pot $18 | Rake $0.36
Board [5c 8s 9d 7c Ts]
Seat 1: scorpio04 (button) (small blind) mucked
Seat 5: LotsaBalls12 (big blind) showed [2s Th] and won ($17.64) with a pair of Tens


PokerStars Hand #171951406117:  Hold'em Limit ($3/$6 USD) - 2017/06/18 17:48:13 ET
Table 'Ulysses' 6-max Seat #5 is the button
Seat 1: scorpio04 ($150 in chips)
Seat 5: LotsaBalls12 ($54.64 in chips)
LotsaBalls12: posts small blind $1
scorpio04: posts big blind $3
*** HOLE CARDS ***
Velbor107 joins the table at seat #6
LotsaBalls12: folds
Uncalled bet ($2) returned to scorpio04
scorpio04 collected $2 from pot
scorpio04: doesn't show hand
*** SUMMARY ***
Total pot $2 | Rake $0
Seat 1: scorpio04 (big blind) collected ($2)
Seat 5: LotsaBalls12 (button) (small blind) folded before Flop


PokerStars Hand #171951409847:  Hold'em Limit ($3/$6 USD) - 2017/06/18 17:48:18 ET
Table 'Ulysses' 6-max Seat #1 is the button
Seat 1: scorpio04 ($151 in chips)
Seat 5: LotsaBalls12 ($53.64 in chips)
scorpio04: posts small blind $1
LotsaBalls12: posts big blind $3
*** HOLE CARDS ***
scorpio04: raises $3 to $6
LotsaBalls12: calls $3
*** FLOP *** [7h 9s 5h]
LotsaBalls12: checks
scorpio04: bets $3
LotsaBalls12: calls $3
*** TURN *** [7h 9s 5h] [6h]
LotsaBalls12: checks
scorpio04: bets $6
LotsaBalls12: calls $6
*** RIVER *** [7h 9s 5h 6h] [2h]
LotsaBalls12: checks
scorpio04: bets $6
LotsaBalls12: calls $6
*** SHOW DOWN ***
scorpio04: shows [6d Qs] (a pair of Sixes)
LotsaBalls12: shows [Kh Js] (a flush, King high)
LotsaBalls12 collected $41.50 from pot
*** SUMMARY ***
Total pot $42 | Rake $0.50
Board [7h 9s 5h 6h 2h]
Seat 1: scorpio04 (button) (small blind) showed [6d Qs] and lost with a pair of Sixes
Seat 5: LotsaBalls12 (big blind) showed [Kh Js] and won ($41.50) with a flush, King high


PokerStars Hand #171951449139:  Hold'em Limit ($3/$6 USD) - 2017/06/18 17:49:10 ET
Table 'Ulysses' 6-max Seat #5 is the button
Seat 1: scorpio04 ($150 in chips)
Seat 5: LotsaBalls12 ($89.64 in chips)
LotsaBalls12: posts small blind $1
scorpio04: posts big blind $3
*** HOLE CARDS ***
LotsaBalls12: calls $2
scorpio04: checks
*** FLOP *** [5c 6c Tc]
scorpio04: bets $3
LotsaBalls12: calls $3
*** TURN *** [5c 6c Tc] [7c]
scorpio04: bets $6
LotsaBalls12: calls $6
*** RIVER *** [5c 6c Tc 7c] [Ac]
scorpio04: checks
LotsaBalls12: bets $6
scorpio04: calls $6
*** SHOW DOWN ***
LotsaBalls12: shows [Jc 5s] (a flush, Ace high)
scorpio04: mucks hand
LotsaBalls12 collected $35.50 from pot
*** SUMMARY ***
Total pot $36 | Rake $0.50
Board [5c 6c Tc 7c Ac]
Seat 1: scorpio04 (big blind) mucked
Seat 5: LotsaBalls12 (button) (small blind) showed [Jc 5s] and won ($35.50) with a flush, Ace high


PokerStars Hand #171951444728:  Hold'em Limit ($3/$6 USD) - 2017/06/18 17:49:05 ET
Table 'Ulysses' 6-max Seat #1 is the button
Seat 1: scorpio04 ($150 in chips)
Seat 5: LotsaBalls12 ($88.64 in chips)
scorpio04: posts small blind $1
LotsaBalls12: posts big blind $3
*** HOLE CARDS ***
scorpio04: folds
Uncalled bet ($2) returned to LotsaBalls12
LotsaBalls12 collected $2 from pot
LotsaBalls12: doesn't show hand
*** SUMMARY ***
Total pot $2 | Rake $0
Seat 1: scorpio04 (button) (small blind) folded before Flop
Seat 5: LotsaBalls12 (big blind) collected ($2)


PokerStars Hand #171951430608:  Hold'em Limit ($3/$6 USD) - 2017/06/18 17:48:46 ET
Table 'Ulysses' 6-max Seat #5 is the button
Seat 1: scorpio04 ($150 in chips)
Seat 5: LotsaBalls12 ($74.14 in chips)
LotsaBalls12: posts small blind $1
scorpio04: posts big blind $3
*** HOLE CARDS ***
LotsaBalls12: calls $2
scorpio04: raises $3 to $6
LotsaBalls12: calls $3
*** FLOP *** [Qd Ks Qs]
scorpio04: bets $3
LotsaBalls12: calls $3
*** TURN *** [Qd Ks Qs] [4c]
scorpio04: checks
LotsaBalls12: checks
*** RIVER *** [Qd Ks Qs 4c] [6d]
scorpio04: bets $6
LotsaBalls12: raises $6 to $12
scorpio04: folds
Uncalled bet ($6) returned to LotsaBalls12
LotsaBalls12 collected $29.50 from pot
LotsaBalls12: doesn't show hand
*** SUMMARY ***
Total pot $30 | Rake $0.50
Board [Qd Ks Qs 4c 6d]
Seat 1: scorpio04 (big blind) folded on the River
Seat 5: LotsaBalls12 (button) (small blind) collected ($29.50)


PokerStars Hand #171951462007:  Hold'em Limit ($3/$6 USD) - 2017/06/18 17:49:27 ET
Table 'Ulysses' 6-max Seat #1 is the button
Seat 1: scorpio04 ($150 in chips)
Seat 5: LotsaBalls12 ($107.14 in chips)
scorpio04: posts small blind $1
LotsaBalls12: posts big blind $3
*** HOLE CARDS ***
scorpio04: raises $3 to $6
LotsaBalls12: raises $3 to $9
scorpio04: calls $3
*** FLOP *** [6d Tc 8c]
LotsaBalls12: bets $3
scorpio04: raises $3 to $6
LotsaBalls12: calls $3
*** TURN *** [6d Tc 8c] [5c]
LotsaBalls12: checks
scorpio04: bets $6
LotsaBalls12: raises $6 to $12
scorpio04: calls $6
*** RIVER *** [6d Tc 8c 5c] [8h]
LotsaBalls12: bets $6
scorpio04: folds
Uncalled bet ($6) returned to LotsaBalls12
LotsaBalls12 collected $53.50 from pot
LotsaBalls12: doesn't show hand
*** SUMMARY ***
Total pot $54 | Rake $0.50
Board [6d Tc 8c 5c 8h]
Seat 1: scorpio04 (button) (small blind) folded on the River
Seat 5: LotsaBalls12 (big blind) collected ($53.50)


PokerStars Hand #171951503434:  Hold'em Limit ($3/$6 USD) - 2017/06/18 17:50:18 ET
Table 'Ulysses' 6-max Seat #5 is the button
Seat 1: scorpio04 ($150 in chips)
Seat 5: LotsaBalls12 ($143.28 in chips)
LotsaBalls12: posts small blind $1
scorpio04: posts big blind $3
*** HOLE CARDS ***
LotsaBalls12: raises $3 to $6
scorpio04: raises $3 to $9
LotsaBalls12: raises $3 to $12
Betting is capped
scorpio04: calls $3
*** FLOP *** [Ad Ts 9s]
scorpio04: checks
LotsaBalls12: bets $3
scorpio04: calls $3
*** TURN *** [Ad Ts 9s] [7d]
scorpio04: checks
LotsaBalls12: bets $6
scorpio04: calls $6
*** RIVER *** [Ad Ts 9s 7d] [6h]
scorpio04: checks
LotsaBalls12: bets $6
scorpio04: calls $6
*** SHOW DOWN ***
LotsaBalls12: shows [Jd Qc] (high card Ace)
scorpio04: shows [Qd 9c] (a pair of Nines)
scorpio04 collected $53.50 from pot
*** SUMMARY ***
Total pot $54 | Rake $0.50
Board [Ad Ts 9s 7d 6h]
Seat 1: scorpio04 (big blind) showed [Qd 9c] and won ($53.50) with a pair of Nines
Seat 5: LotsaBalls12 (button) (small blind) showed [Jd Qc] and lost with high card Ace


PokerStars Hand #171951477707:  Hold'em Limit ($3/$6 USD) - 2017/06/18 17:49:48 ET
Table 'Ulysses' 6-max Seat #5 is the button
Seat 1: scorpio04 ($150 in chips)
Seat 5: LotsaBalls12 ($133.64 in chips)
LotsaBalls12: posts small blind $1
scorpio04: posts big blind $3
*** HOLE CARDS ***
LotsaBalls12: raises $3 to $6
scorpio04: calls $3
*** FLOP *** [Kc Kh 2c]
scorpio04: checks
LotsaBalls12: bets $3
scorpio04: calls $3
*** TURN *** [Kc Kh 2c] [2d]
scorpio04: checks
LotsaBalls12: bets $6
scorpio04: folds
Uncalled bet ($6) returned to LotsaBalls12
LotsaBalls12 collected $17.64 from pot
LotsaBalls12: doesn't show hand
*** SUMMARY ***
Total pot $18 | Rake $0.36
Board [Kc Kh 2c 2d]
Seat 1: scorpio04 (big blind) folded on the Turn
Seat 5: LotsaBalls12 (button) (small blind) collected ($17.64)


PokerStars Hand #171951494791:  Hold'em Limit ($3/$6 USD) - 2017/06/18 17:50:11 ET
Table 'Ulysses' 6-max Seat #1 is the button
Seat 1: scorpio04 ($150 in chips)
Seat 5: LotsaBalls12 ($142.28 in chips)
scorpio04: posts small blind $1
LotsaBalls12: posts big blind $3
*** HOLE CARDS ***
scorpio04: folds
Uncalled bet ($2) returned to LotsaBalls12
LotsaBalls12 collected $2 from pot
LotsaBalls12: doesn't show hand
*** SUMMARY ***
Total pot $2 | Rake $0
Seat 1: scorpio04 (button) (small blind) folded before Flop
Seat 5: LotsaBalls12 (big blind) collected ($2)


PokerStars Hand #171951532345:  Hold'em Limit ($3/$6 USD) - 2017/06/18 17:50:56 ET
Table 'Ulysses' 6-max Seat #5 is the button
Seat 1: scorpio04 ($150 in chips)
Seat 5: LotsaBalls12 ($142.78 in chips)
LotsaBalls12: posts small blind $1
scorpio04: posts big blind $3
*** HOLE CARDS ***
LotsaBalls12: calls $2
scorpio04: raises $3 to $6
LotsaBalls12: calls $3
*** FLOP *** [7d Qc 2h]
scorpio04: bets $3
LotsaBalls12: folds
Uncalled bet ($3) returned to scorpio04
scorpio04 collected $11.76 from pot
scorpio04: doesn't show hand
*** SUMMARY ***
Total pot $12 | Rake $0.24
Board [7d Qc 2h]
Seat 1: scorpio04 (big blind) collected ($11.76)
Seat 5: LotsaBalls12 (button) (small blind) folded on the Flop


PokerStars Hand #171951517358:  Hold'em Limit ($3/$6 USD) - 2017/06/18 17:50:36 ET
Table 'Ulysses' 6-max Seat #1 is the button
Seat 1: scorpio04 ($176.50 in chips)
Seat 5: LotsaBalls12 ($116.28 in chips)
scorpio04: posts small blind $1
LotsaBalls12: posts big blind $3
*** HOLE CARDS ***
scorpio04: raises $3 to $6
LotsaBalls12: calls $3
*** FLOP *** [3s 6c 5d]
LotsaBalls12: checks
scorpio04: bets $3
LotsaBalls12: calls $3
*** TURN *** [3s 6c 5d] [Qs]
LotsaBalls12: checks
scorpio04: bets $6
LotsaBalls12: raises $6 to $12
scorpio04: calls $6
*** RIVER *** [3s 6c 5d Qs] [Ac]
LotsaBalls12: bets $6
scorpio04: calls $6
*** SHOW DOWN ***
LotsaBalls12: shows [7s Qd] (a pair of Queens)
scorpio04: mucks hand
LotsaBalls12 collected $53.50 from pot
*** SUMMARY ***
Total pot $54 | Rake $0.50
Board [3s 6c 5d Qs Ac]
Seat 1: scorpio04 (button) (small blind) mucked
Seat 5: LotsaBalls12 (big blind) showed [7s Qd] and won ($53.50) with a pair of Queens


PokerStars Hand #171951542571:  Hold'em Limit ($3/$6 USD) - 2017/06/18 17:51:10 ET
Table 'Ulysses' 6-max Seat #5 is the button
Seat 1: scorpio04 ($158.76 in chips)
Seat 5: LotsaBalls12 ($133.78 in chips)
LotsaBalls12: posts small blind $1
scorpio04: posts big blind $3
*** HOLE CARDS ***
LotsaBalls12: folds
Uncalled bet ($2) returned to scorpio04
scorpio04 collected $2 from pot
scorpio04: doesn't show hand
*** SUMMARY ***
Total pot $2 | Rake $0
Seat 1: scorpio04 (big blind) collected ($2)
Seat 5: LotsaBalls12 (button) (small blind) folded before Flop


PokerStars Hand #171951538522:  Hold'em Limit ($3/$6 USD) - 2017/06/18 17:51:04 ET
Table 'Ulysses' 6-max Seat #1 is the button
Seat 1: scorpio04 ($155.76 in chips)
Seat 5: LotsaBalls12 ($136.78 in chips)
scorpio04: posts small blind $1
LotsaBalls12: posts big blind $3
*** HOLE CARDS ***
scorpio04: raises $3 to $6
LotsaBalls12: folds
Uncalled bet ($3) returned to scorpio04
scorpio04 collected $6 from pot
scorpio04: doesn't show hand
*** SUMMARY ***
Total pot $6 | Rake $0
Seat 1: scorpio04 (button) (small blind) collected ($6)
Seat 5: LotsaBalls12 (big blind) folded before Flop


PokerStars Hand #171951545990:  Hold'em Limit ($3/$6 USD) - 2017/06/18 17:51:14 ET
Table 'Ulysses' 6-max Seat #1 is the button
Seat 1: scorpio04 ($159.76 in chips)
Seat 5: LotsaBalls12 ($132.78 in chips)
scorpio04: posts small blind $1
LotsaBalls12: posts big blind $3
*** HOLE CARDS ***
scorpio04: raises $3 to $6
LotsaBalls12: calls $3
*** FLOP *** [9h As 4h]
LotsaBalls12: checks
scorpio04: bets $3
LotsaBalls12: calls $3
*** TURN *** [9h As 4h] [5h]
LotsaBalls12: checks
scorpio04: checks
*** RIVER *** [9h As 4h 5h] [2h]
LotsaBalls12: checks
scorpio04: bets $6
LotsaBalls12: calls $6
*** SHOW DOWN ***
scorpio04: shows [6h Qs] (a flush, Nine high)
LotsaBalls12: mucks hand
scorpio04 collected $29.50 from pot
*** SUMMARY ***
Total pot $30 | Rake $0.50
Board [9h As 4h 5h 2h]
Seat 1: scorpio04 (button) (small blind) showed [6h Qs] and won ($29.50) with a flush, Nine high
Seat 5: LotsaBalls12 (big blind) mucked


PokerStars Hand #171951561223:  Hold'em Limit ($3/$6 USD) - 2017/06/18 17:51:34 ET
Table 'Ulysses' 6-max Seat #5 is the button
Seat 1: scorpio04 ($174.26 in chips)
Seat 5: LotsaBalls12 ($117.78 in chips)
LotsaBalls12: posts small blind $1
scorpio04: posts big blind $3
*** HOLE CARDS ***
LotsaBalls12: raises $3 to $6
scorpio04: raises $3 to $9
LotsaBalls12: calls $3
*** FLOP *** [4c 4h 2s]
scorpio04: bets $3
LotsaBalls12: calls $3
*** TURN *** [4c 4h 2s] [Qh]
scorpio04: checks
LotsaBalls12: bets $6
scorpio04: folds
Uncalled bet ($6) returned to LotsaBalls12
LotsaBalls12 collected $23.52 from pot
LotsaBalls12: doesn't show hand
*** SUMMARY ***
Total pot $24 | Rake $0.48
Board [4c 4h 2s Qh]
Seat 1: scorpio04 (big blind) folded on the Turn
Seat 5: LotsaBalls12 (button) (small blind) collected ($23.52)


PokerStars Hand #171951577879:  Hold'em Limit ($3/$6 USD) - 2017/06/18 17:51:56 ET
Table 'Ulysses' 6-max Seat #1 is the button
Seat 1: scorpio04 ($162.26 in chips)
Seat 5: LotsaBalls12 ($129.30 in chips)
scorpio04: posts small blind $1
LotsaBalls12: posts big blind $3
*** HOLE CARDS ***
scorpio04: raises $3 to $6
LotsaBalls12: calls $3
*** FLOP *** [5c 2s Tc]
LotsaBalls12: checks
scorpio04: bets $3
LotsaBalls12: calls $3
*** TURN *** [5c 2s Tc] [4s]
LotsaBalls12: checks
scorpio04: bets $6
LotsaBalls12: calls $6
*** RIVER *** [5c 2s Tc 4s] [Jd]
LotsaBalls12: bets $6
scorpio04: raises $6 to $12
LotsaBalls12: folds
Uncalled bet ($6) returned to scorpio04
scorpio04 collected $41.50 from pot
scorpio04: doesn't show hand
*** SUMMARY ***
Total pot $42 | Rake $0.50
Board [5c 2s Tc 4s Jd]
Seat 1: scorpio04 (button) (small blind) collected ($41.50)
Seat 5: LotsaBalls12 (big blind) folded on the River


PokerStars Hand #171951574469:  Hold'em Limit ($3/$6 USD) - 2017/06/18 17:51:52 ET
Table 'Ulysses' 6-max Seat #5 is the button
Seat 1: scorpio04 ($161.26 in chips)
Seat 5: LotsaBalls12 ($130.30 in chips)
LotsaBalls12: posts small blind $1
scorpio04: posts big blind $3
*** HOLE CARDS ***
LotsaBalls12: folds
Uncalled bet ($2) returned to scorpio04
scorpio04 collected $2 from pot
scorpio04: doesn't show hand
*** SUMMARY ***
Total pot $2 | Rake $0
Seat 1: scorpio04 (big blind) collected ($2)
Seat 5: LotsaBalls12 (button) (small blind) folded before Flop


PokerStars Hand #171951571056:  Hold'em Limit ($3/$6 USD) - 2017/06/18 17:51:47 ET
Table 'Ulysses' 6-max Seat #1 is the button
Seat 1: scorpio04 ($162.26 in chips)
Seat 5: LotsaBalls12 ($129.30 in chips)
scorpio04: posts small blind $1
LotsaBalls12: posts big blind $3
*** HOLE CARDS ***
scorpio04: folds
Uncalled bet ($2) returned to LotsaBalls12
LotsaBalls12 collected $2 from pot
LotsaBalls12: doesn't show hand
*** SUMMARY ***
Total pot $2 | Rake $0
Seat 1: scorpio04 (button) (small blind) folded before Flop
Seat 5: LotsaBalls12 (big blind) collected ($2)


PokerStars Hand #171951601692:  Hold'em Limit ($3/$6 USD) - 2017/06/18 17:52:28 ET
Table 'Ulysses' 6-max Seat #5 is the button
Seat 1: scorpio04 ($182.76 in chips)
Seat 5: LotsaBalls12 ($108.30 in chips)
LotsaBalls12: posts small blind $1
scorpio04: posts big blind $3
*** HOLE CARDS ***
LotsaBalls12: calls $2
scorpio04: raises $3 to $6
LotsaBalls12: calls $3
*** FLOP *** [5d 6d 2h]
scorpio04: bets $3
LotsaBalls12: calls $3
*** TURN *** [5d 6d 2h] [Kc]
gertjan75 joins the table at seat #4
scorpio04: bets $6
LotsaBalls12: calls $6
*** RIVER *** [5d 6d 2h Kc] [Ad]
scorpio04: checks
LotsaBalls12: checks
*** SHOW DOWN ***
scorpio04: shows [9c 9d] (a pair of Nines)
LotsaBalls12: mucks hand
scorpio04 collected $29.50 from pot
*** SUMMARY ***
Total pot $30 | Rake $0.50
Board [5d 6d 2h Kc Ad]
Seat 1: scorpio04 (big blind) showed [9c 9d] and won ($29.50) with a pair of Nines
Seat 5: LotsaBalls12 (button) (small blind) mucked


