PokerStars Hand #157134463757:  Hold'em Limit ($3/$6 USD) - 2016/08/11 6:02:20 ET
Table 'Ulysses II' 6-max Seat #2 is the button
Seat 2: simper11 ($134.50 in chips)
Seat 3: ChipsOrre ($106 in chips)
simper11: posts small blind $1
ChipsOrre: posts big blind $3
*** HOLE CARDS ***
simper11: folds
Uncalled bet ($2) returned to ChipsOrre
ChipsOrre collected $2 from pot
ChipsOrre: doesn't show hand
*** SUMMARY ***
Total pot $2 | Rake $0
Seat 2: simper11 (button) (small blind) folded before Flop
Seat 3: ChipsOrre (big blind) collected ($2)


PokerStars Hand #157134451275:  Hold'em Limit ($3/$6 USD) - 2016/08/11 6:01:46 ET
Table 'Ulysses II' 6-max Seat #3 is the button
Seat 2: simper11 ($120 in chips)
Seat 3: ChipsOrre ($121 in chips)
ChipsOrre: posts small blind $1
simper11: posts big blind $3
*** HOLE CARDS ***
ChipsOrre: raises $3 to $6
simper11: raises $3 to $9
ChipsOrre: calls $3
*** FLOP *** [8h 7c 4s]
simper11: bets $3
ChipsOrre: raises $3 to $6
simper11: calls $3
*** TURN *** [8h 7c 4s] [Qc]
simper11: checks
ChipsOrre: checks
*** RIVER *** [8h 7c 4s Qc] [3h]
simper11: checks
ChipsOrre: checks
*** SHOW DOWN ***
simper11: shows [As Kh] (high card Ace)
ChipsOrre: mucks hand
simper11 collected $29.50 from pot
*** SUMMARY ***
Total pot $30 | Rake $0.50
Board [8h 7c 4s Qc 3h]
Seat 2: simper11 (big blind) showed [As Kh] and won ($29.50) with high card Ace
Seat 3: ChipsOrre (button) (small blind) mucked


PokerStars Hand #157134447134:  Hold'em Limit ($3/$6 USD) - 2016/08/11 6:01:35 ET
Table 'Ulysses II' 6-max Seat #2 is the button
Seat 2: simper11 ($120 in chips)
Seat 3: ChipsOrre ($120 in chips)
simper11: posts small blind $1
ChipsOrre: posts big blind $3
*** HOLE CARDS ***
simper11: folds
Uncalled bet ($2) returned to ChipsOrre
ChipsOrre collected $2 from pot
ChipsOrre: doesn't show hand
*** SUMMARY ***
Total pot $2 | Rake $0
Seat 2: simper11 (button) (small blind) folded before Flop
Seat 3: ChipsOrre (big blind) collected ($2)


PokerStars Hand #157134478181:  Hold'em Limit ($3/$6 USD) - 2016/08/11 6:03:00 ET
Table 'Ulysses II' 6-max Seat #2 is the button
Seat 2: simper11 ($121 in chips)
Seat 3: ChipsOrre ($144.14 in chips)
simper11: posts small blind $1
ChipsOrre: posts big blind $3
*** HOLE CARDS ***
simper11: raises $3 to $6
ChipsOrre: raises $3 to $9
simper11: calls $3
*** FLOP *** [4d 4s 9h]
ChipsOrre: bets $3
simper11: calls $3
*** TURN *** [4d 4s 9h] [Jh]
ChipsOrre: bets $6
JoeBlack1982 joins the table at seat #6
simper11: folds
Uncalled bet ($6) returned to ChipsOrre
ChipsOrre collected $23.52 from pot
ChipsOrre: doesn't show hand
*** SUMMARY ***
Total pot $24 | Rake $0.48
Board [4d 4s 9h Jh]
Seat 2: simper11 (button) (small blind) folded on the Turn
Seat 3: ChipsOrre (big blind) collected ($23.52)


PokerStars Hand #157134476181:  Hold'em Limit ($3/$6 USD) - 2016/08/11 6:02:54 ET
Table 'Ulysses II' 6-max Seat #3 is the button
Seat 2: simper11 ($120 in chips)
Seat 3: ChipsOrre ($145.14 in chips)
ChipsOrre: posts small blind $1
simper11: posts big blind $3
*** HOLE CARDS ***
ChipsOrre: folds
Uncalled bet ($2) returned to simper11
simper11 collected $2 from pot
simper11: doesn't show hand
*** SUMMARY ***
Total pot $2 | Rake $0
Seat 2: simper11 (big blind) collected ($2)
Seat 3: ChipsOrre (button) (small blind) folded before Flop


PokerStars Hand #157134473000:  Hold'em Limit ($3/$6 USD) - 2016/08/11 6:02:45 ET
Table 'Ulysses II' 6-max Seat #2 is the button
Seat 2: simper11 ($120 in chips)
Seat 3: ChipsOrre ($136.50 in chips)
simper11: posts small blind $1
ChipsOrre: posts big blind $3
*** HOLE CARDS ***
simper11: raises $3 to $6
ChipsOrre: calls $3
*** FLOP *** [7d 2c Td]
ChipsOrre: checks
simper11: bets $3
ChipsOrre: raises $3 to $6
simper11: folds
Uncalled bet ($3) returned to ChipsOrre
ChipsOrre collected $17.64 from pot
ChipsOrre: doesn't show hand
*** SUMMARY ***
Total pot $18 | Rake $0.36
Board [7d 2c Td]
Seat 2: simper11 (button) (small blind) folded on the Flop
Seat 3: ChipsOrre (big blind) collected ($17.64)


PokerStars Hand #157134466108:  Hold'em Limit ($3/$6 USD) - 2016/08/11 6:02:26 ET
Table 'Ulysses II' 6-max Seat #3 is the button
Seat 2: simper11 ($133.50 in chips)
Seat 3: ChipsOrre ($107 in chips)
ChipsOrre: posts small blind $1
simper11: posts big blind $3
*** HOLE CARDS ***
ChipsOrre: raises $3 to $6
simper11: calls $3
*** FLOP *** [4s 7c 8c]
simper11: checks
ChipsOrre: bets $3
simper11: raises $3 to $6
ChipsOrre: calls $3
*** TURN *** [4s 7c 8c] [7h]
simper11: bets $6
ChipsOrre: raises $6 to $12
simper11: calls $6
*** RIVER *** [4s 7c 8c 7h] [Ks]
simper11: checks
ChipsOrre: bets $6
simper11: calls $6
*** SHOW DOWN ***
ChipsOrre: shows [5h Kh] (two pair, Kings and Sevens)
simper11: mucks hand
ChipsOrre collected $59.50 from pot
*** SUMMARY ***
Total pot $60 | Rake $0.50
Board [4s 7c 8c 7h Ks]
Seat 2: simper11 (big blind) mucked
Seat 3: ChipsOrre (button) (small blind) showed [5h Kh] and won ($59.50) with two pair, Kings and Sevens


PokerStars Hand #157134651309:  Hold'em Limit ($3/$6 USD) - 2016/08/11 6:10:37 ET
Table 'Ulysses II' 6-max Seat #1 is the button
Seat 1: TbIP-TbIP 88 ($78.07 in chips)
Seat 6: JoeBlack1982 ($132.06 in chips)
TbIP-TbIP 88: posts small blind $1
JoeBlack1982: posts big blind $3
*** HOLE CARDS ***
TbIP-TbIP 88: raises $3 to $6
JoeBlack1982: folds
Uncalled bet ($3) returned to TbIP-TbIP 88
TbIP-TbIP 88 collected $6 from pot
TbIP-TbIP 88: doesn't show hand
*** SUMMARY ***
Total pot $6 | Rake $0
Seat 1: TbIP-TbIP 88 (button) (small blind) collected ($6)
Seat 6: JoeBlack1982 (big blind) folded before Flop


PokerStars Hand #157134639664:  Hold'em Limit ($3/$6 USD) - 2016/08/11 6:10:05 ET
Table 'Ulysses II' 6-max Seat #6 is the button
Seat 1: TbIP-TbIP 88 ($81.07 in chips)
Seat 6: JoeBlack1982 ($129.18 in chips)
JoeBlack1982: posts small blind $1
TbIP-TbIP 88: posts big blind $3
*** HOLE CARDS ***
JoeBlack1982: calls $2
TbIP-TbIP 88: checks
*** FLOP *** [7s 4c Th]
TbIP-TbIP 88: checks
JoeBlack1982: checks
*** TURN *** [7s 4c Th] [7c]
TbIP-TbIP 88: checks
JoeBlack1982: checks
*** RIVER *** [7s 4c Th 7c] [4h]
TbIP-TbIP 88: checks
JoeBlack1982: checks
*** SHOW DOWN ***
TbIP-TbIP 88: shows [8h 3c] (two pair, Sevens and Fours)
JoeBlack1982: shows [8d Qh] (two pair, Sevens and Fours - Queen kicker)
JoeBlack1982 collected $5.88 from pot
*** SUMMARY ***
Total pot $6 | Rake $0.12
Board [7s 4c Th 7c 4h]
Seat 1: TbIP-TbIP 88 (big blind) showed [8h 3c] and lost with two pair, Sevens and Fours
Seat 6: JoeBlack1982 (button) (small blind) showed [8d Qh] and won ($5.88) with two pair, Sevens and Fours


PokerStars Hand #157134635251:  Hold'em Limit ($3/$6 USD) - 2016/08/11 6:09:53 ET
Table 'Ulysses II' 6-max Seat #1 is the button
Seat 1: TbIP-TbIP 88 ($78.07 in chips)
Seat 6: JoeBlack1982 ($132.18 in chips)
TbIP-TbIP 88: posts small blind $1
simper11: is sitting out
JoeBlack1982: posts big blind $3
*** HOLE CARDS ***
TbIP-TbIP 88: raises $3 to $6
JoeBlack1982: folds
Uncalled bet ($3) returned to TbIP-TbIP 88
TbIP-TbIP 88 collected $6 from pot
TbIP-TbIP 88: doesn't show hand
*** SUMMARY ***
Total pot $6 | Rake $0
Seat 1: TbIP-TbIP 88 (button) (small blind) collected ($6)
Seat 6: JoeBlack1982 (big blind) folded before Flop


PokerStars Hand #157134654277:  Hold'em Limit ($3/$6 USD) - 2016/08/11 6:10:44 ET
Table 'Ulysses II' 6-max Seat #6 is the button
Seat 1: TbIP-TbIP 88 ($81.07 in chips)
Seat 6: JoeBlack1982 ($129.06 in chips)
JoeBlack1982: posts small blind $1
TbIP-TbIP 88: posts big blind $3
*** HOLE CARDS ***
JoeBlack1982: calls $2
TbIP-TbIP 88: checks
*** FLOP *** [Jh 8d Tc]
vijinder joins the table at seat #5
TbIP-TbIP 88: bets $3
JoeBlack1982: calls $3
*** TURN *** [Jh 8d Tc] [4h]
TbIP-TbIP 88: checks
JoeBlack1982: checks
*** RIVER *** [Jh 8d Tc 4h] [Jd]
TbIP-TbIP 88: bets $6
JoeBlack1982: raises $6 to $12
TbIP-TbIP 88: calls $6
*** SHOW DOWN ***
JoeBlack1982: shows [9d 7s] (a straight, Seven to Jack)
TbIP-TbIP 88: mucks hand
JoeBlack1982 collected $35.50 from pot
*** SUMMARY ***
Total pot $36 | Rake $0.50
Board [Jh 8d Tc 4h Jd]
Seat 1: TbIP-TbIP 88 (big blind) mucked
Seat 6: JoeBlack1982 (button) (small blind) showed [9d 7s] and won ($35.50) with a straight, Seven to Jack


PokerStars Hand #157134848885:  Hold'em Limit ($3/$6 USD) - 2016/08/11 6:19:23 ET
Table 'Ulysses II' 6-max Seat #6 is the button
Seat 1: TbIP-TbIP 88 ($154.60 in chips)
Seat 6: JoeBlack1982 ($161.14 in chips)
JoeBlack1982: posts small blind $1
TbIP-TbIP 88: posts big blind $3
*** HOLE CARDS ***
JoeBlack1982: raises $3 to $6
TbIP-TbIP 88: calls $3
*** FLOP *** [7h 2c 6d]
vijinder leaves the table
TbIP-TbIP 88: checks
vijinder joins the table at seat #2
JoeBlack1982: checks
*** TURN *** [7h 2c 6d] [Ts]
TbIP-TbIP 88: bets $6
JoeBlack1982: calls $6
*** RIVER *** [7h 2c 6d Ts] [Kc]
TbIP-TbIP 88: bets $6
JoeBlack1982: folds
Uncalled bet ($6) returned to TbIP-TbIP 88
TbIP-TbIP 88 collected $23.52 from pot
TbIP-TbIP 88: doesn't show hand
*** SUMMARY ***
Total pot $24 | Rake $0.48
Board [7h 2c 6d Ts Kc]
Seat 1: TbIP-TbIP 88 (big blind) collected ($23.52)
Seat 6: JoeBlack1982 (button) (small blind) folded on the River


PokerStars Hand #157136866376:  Hold'em Limit ($3/$6 USD) - 2016/08/11 7:42:12 ET
Table 'Ulysses II' 6-max Seat #1 is the button
Seat 1: hasky156 ($233.02 in chips)
Seat 2: TbIP-TbIP 88 ($97.35 in chips)
hasky156: posts small blind $1
TbIP-TbIP 88: posts big blind $3
*** HOLE CARDS ***
hasky156: raises $3 to $6
TbIP-TbIP 88: calls $3
*** FLOP *** [8h 3h 6h]
TbIP-TbIP 88: checks
hasky156: bets $3
TbIP-TbIP 88: calls $3
*** TURN *** [8h 3h 6h] [7c]
Sixten63 leaves the table
TbIP-TbIP 88: checks
hasky156: bets $6
TbIP-TbIP 88: calls $6
*** RIVER *** [8h 3h 6h 7c] [Kh]
TbIP-TbIP 88: checks
$polu4atel*$ joins the table at seat #3
hasky156: checks
*** SHOW DOWN ***
TbIP-TbIP 88: shows [Qs 3s] (a pair of Threes)
hasky156: shows [9h 9c] (a flush, King high)
hasky156 collected $29.50 from pot
*** SUMMARY ***
Total pot $30 | Rake $0.50
Board [8h 3h 6h 7c Kh]
Seat 1: hasky156 (button) (small blind) showed [9h 9c] and won ($29.50) with a flush, King high
Seat 2: TbIP-TbIP 88 (big blind) showed [Qs 3s] and lost with a pair of Threes


PokerStars Hand #157136863447:  Hold'em Limit ($3/$6 USD) - 2016/08/11 7:42:05 ET
Table 'Ulysses II' 6-max Seat #2 is the button
Seat 1: hasky156 ($232.02 in chips)
Seat 2: TbIP-TbIP 88 ($98.35 in chips)
TbIP-TbIP 88: posts small blind $1
hasky156: posts big blind $3
*** HOLE CARDS ***
TbIP-TbIP 88: folds
Uncalled bet ($2) returned to hasky156
hasky156 collected $2 from pot
*** SUMMARY ***
Total pot $2 | Rake $0
Seat 1: hasky156 (big blind) collected ($2)
Seat 2: TbIP-TbIP 88 (button) (small blind) folded before Flop


PokerStars Hand #157138636873:  Hold'em Limit ($3/$6 USD) - 2016/08/11 8:46:32 ET
Table 'Ulysses II' 6-max Seat #6 is the button
Seat 4: simper11 ($204.67 in chips)
Seat 6: StarWoks ($67.51 in chips)
StarWoks: posts small blind $1
RockKillerTY: is sitting out
simper11: posts big blind $3
*** HOLE CARDS ***
StarWoks: raises $3 to $6
simper11: calls $3
*** FLOP *** [8d 7h 9d]
simper11: checks
StarWoks: bets $3
simper11: calls $3
*** TURN *** [8d 7h 9d] [2c]
simper11: checks
StarWoks: checks
*** RIVER *** [8d 7h 9d 2c] [7d]
simper11: bets $6
StarWoks: calls $6
*** SHOW DOWN ***
simper11: shows [7s 5s] (three of a kind, Sevens)
RockKillerTY leaves the table
StarWoks: mucks hand
simper11 collected $29.50 from pot
*** SUMMARY ***
Total pot $30 | Rake $0.50
Board [8d 7h 9d 2c 7d]
Seat 4: simper11 (big blind) showed [7s 5s] and won ($29.50) with three of a kind, Sevens
Seat 6: StarWoks (button) (small blind) mucked


PokerStars Hand #157138649057:  Hold'em Limit ($3/$6 USD) - 2016/08/11 8:46:57 ET
Table 'Ulysses II' 6-max Seat #4 is the button
Seat 4: simper11 ($219.17 in chips)
Seat 6: StarWoks ($52.51 in chips)
simper11: posts small blind $1
StarWoks: posts big blind $3
*** HOLE CARDS ***
simper11: raises $3 to $6
siliciom joins the table at seat #2
StarWoks: calls $3
*** FLOP *** [Ah Tc 8s]
StarWoks: checks
simper11: bets $3
StarWoks: calls $3
*** TURN *** [Ah Tc 8s] [As]
StarWoks: bets $6
simper11: folds
Uncalled bet ($6) returned to StarWoks
StarWoks collected $17.64 from pot
*** SUMMARY ***
Total pot $18 | Rake $0.36
Board [Ah Tc 8s As]
Seat 4: simper11 (button) (small blind) folded on the Turn
Seat 6: StarWoks (big blind) collected ($17.64)


PokerStars Hand #157141701545:  Hold'em Limit ($3/$6 USD) - 2016/08/11 10:25:23 ET
Table 'Ulysses II' 6-max Seat #1 is the button
Seat 1: givvitme ($182.70 in chips)
Seat 5: LeandroNSN ($222.57 in chips)
givvitme: posts small blind $1
qqppii999: is sitting out
LeandroNSN: posts big blind $3
*** HOLE CARDS ***
givvitme: raises $3 to $6
LeandroNSN: calls $3
*** FLOP *** [6d 4h 9c]
LeandroNSN: checks
qqppii999 leaves the table
givvitme: bets $3
LeandroNSN: calls $3
*** TURN *** [6d 4h 9c] [2c]
LeandroNSN: checks
givvitme: checks
*** RIVER *** [6d 4h 9c 2c] [9h]
LeandroNSN: bets $6
givvitme: calls $6
*** SHOW DOWN ***
LeandroNSN: shows [3s Kc] (a pair of Nines)
givvitme: shows [Kh Ad] (a pair of Nines - Ace kicker)
givvitme collected $29.50 from pot
*** SUMMARY ***
Total pot $30 | Rake $0.50
Board [6d 4h 9c 2c 9h]
Seat 1: givvitme (button) (small blind) showed [Kh Ad] and won ($29.50) with a pair of Nines
Seat 5: LeandroNSN (big blind) showed [3s Kc] and lost with a pair of Nines


PokerStars Hand #157141711189:  Hold'em Limit ($3/$6 USD) - 2016/08/11 10:25:41 ET
Table 'Ulysses II' 6-max Seat #5 is the button
Seat 1: givvitme ($197.20 in chips)
Seat 5: LeandroNSN ($207.57 in chips)
LeandroNSN: posts small blind $1
givvitme: posts big blind $3
*** HOLE CARDS ***
LeandroNSN: raises $3 to $6
givvitme: calls $3
*** FLOP *** [9d 6d Qc]
givvitme: bets $3
LeandroNSN: calls $3
*** TURN *** [9d 6d Qc] [2s]
givvitme: bets $6
LeandroNSN: calls $6
*** RIVER *** [9d 6d Qc 2s] [8h]
givvitme: bets $6
LeandroNSN: calls $6
*** SHOW DOWN ***
givvitme: shows [9c 7c] (a pair of Nines)
LeandroNSN: mucks hand
givvitme collected $41.50 from pot
*** SUMMARY ***
Total pot $42 | Rake $0.50
Board [9d 6d Qc 2s 8h]
Seat 1: givvitme (big blind) showed [9c 7c] and won ($41.50) with a pair of Nines
Seat 5: LeandroNSN (button) (small blind) mucked


PokerStars Hand #157141764935:  Hold'em Limit ($3/$6 USD) - 2016/08/11 10:27:19 ET
Table 'Ulysses II' 6-max Seat #5 is the button
Seat 1: givvitme ($204.70 in chips)
Seat 5: LeandroNSN ($179.03 in chips)
LeandroNSN: posts small blind $1
givvitme: posts big blind $3
*** HOLE CARDS ***
LeandroNSN: folds
Uncalled bet ($2) returned to givvitme
givvitme collected $2 from pot
*** SUMMARY ***
Total pot $2 | Rake $0
Seat 1: givvitme (big blind) collected ($2)
Seat 5: LeandroNSN (button) (small blind) folded before Flop


PokerStars Hand #157141760487:  Hold'em Limit ($3/$6 USD) - 2016/08/11 10:27:11 ET
Table 'Ulysses II' 6-max Seat #1 is the button
Seat 1: givvitme ($205.70 in chips)
Seat 5: LeandroNSN ($178.03 in chips)
givvitme: posts small blind $1
yoyoma7777: is sitting out
LeandroNSN: posts big blind $3
*** HOLE CARDS ***
givvitme: folds
Uncalled bet ($2) returned to LeandroNSN
LeandroNSN collected $2 from pot
*** SUMMARY ***
Total pot $2 | Rake $0
Seat 1: givvitme (button) (small blind) folded before Flop
Seat 5: LeandroNSN (big blind) collected ($2)


PokerStars Hand #157144058500:  Hold'em Limit ($3/$6 USD) - 2016/08/11 11:35:10 ET
Table 'Ulysses II' 6-max Seat #1 is the button
Seat 1: Murrrr_@T ($100 in chips)
Seat 3: TmsFerreira ($81.32 in chips)
Murrrr_@T: posts small blind $1
humlefar joins the table at seat #6
TmsFerreira: posts big blind $3
*** HOLE CARDS ***
Murrrr_@T: raises $3 to $6
TmsFerreira: calls $3
*** FLOP *** [5d 3c 3h]
TmsFerreira: checks
Murrrr_@T: bets $3
TmsFerreira: raises $3 to $6
Murrrr_@T: folds
Uncalled bet ($3) returned to TmsFerreira
TmsFerreira collected $17.64 from pot
*** SUMMARY ***
Total pot $18 | Rake $0.36
Board [5d 3c 3h]
Seat 1: Murrrr_@T (button) (small blind) folded on the Flop
Seat 3: TmsFerreira (big blind) collected ($17.64)


PokerStars Hand #157144099854:  Hold'em Limit ($3/$6 USD) - 2016/08/11 11:36:20 ET
Table 'Ulysses II' 6-max Seat #6 is the button
Seat 1: Murrrr_@T ($100 in chips)
Seat 6: humlefar ($70 in chips)
humlefar: posts small blind $1
TmsFerreira is disconnected
Murrrr_@T: posts big blind $3
*** HOLE CARDS ***
humlefar: raises $3 to $6
Murrrr_@T: calls $3
*** FLOP *** [Ac Qd 2h]
Murrrr_@T: checks
humlefar: bets $3
Murrrr_@T: folds
Uncalled bet ($3) returned to humlefar
humlefar collected $11.76 from pot
humlefar: doesn't show hand
*** SUMMARY ***
Total pot $12 | Rake $0.24
Board [Ac Qd 2h]
Seat 1: Murrrr_@T (big blind) folded on the Flop
Seat 6: humlefar (button) (small blind) collected ($11.76)


PokerStars Hand #157144132390:  Hold'em Limit ($3/$6 USD) - 2016/08/11 11:37:15 ET
Table 'Ulysses II' 6-max Seat #6 is the button
Seat 1: Murrrr_@T ($123.50 in chips)
Seat 6: humlefar ($51.76 in chips)
humlefar: posts small blind $1
Murrrr_@T: posts big blind $3
*** HOLE CARDS ***
humlefar: raises $3 to $6
Murrrr_@T: calls $3
*** FLOP *** [7d 3h Kc]
TmsFerreira leaves the table
Murrrr_@T: checks
humlefar: bets $3
Murrrr_@T: folds
Uncalled bet ($3) returned to humlefar
humlefar collected $11.76 from pot
humlefar: doesn't show hand
*** SUMMARY ***
Total pot $12 | Rake $0.24
Board [7d 3h Kc]
Seat 1: Murrrr_@T (big blind) folded on the Flop
Seat 6: humlefar (button) (small blind) collected ($11.76)


PokerStars Hand #157144116021:  Hold'em Limit ($3/$6 USD) - 2016/08/11 11:36:48 ET
Table 'Ulysses II' 6-max Seat #1 is the button
Seat 1: Murrrr_@T ($100 in chips)
Seat 6: humlefar ($75.76 in chips)
Murrrr_@T: posts small blind $1
humlefar: posts big blind $3
*** HOLE CARDS ***
Murrrr_@T: raises $3 to $6
humlefar: calls $3
*** FLOP *** [Ad Ts 2c]
humlefar: checks
Murrrr_@T: bets $3
humlefar: raises $3 to $6
Murrrr_@T: calls $3
*** TURN *** [Ad Ts 2c] [2s]
humlefar: bets $6
Murrrr_@T: calls $6
*** RIVER *** [Ad Ts 2c 2s] [9c]
humlefar: bets $6
Murrrr_@T: calls $6
*** SHOW DOWN ***
humlefar: shows [8h 4s] (a pair of Deuces)
Murrrr_@T: shows [Td Jh] (two pair, Tens and Deuces)
Murrrr_@T collected $47.50 from pot
*** SUMMARY ***
Total pot $48 | Rake $0.50
Board [Ad Ts 2c 2s 9c]
Seat 1: Murrrr_@T (button) (small blind) showed [Td Jh] and won ($47.50) with two pair, Tens and Deuces
Seat 6: humlefar (big blind) showed [8h 4s] and lost with a pair of Deuces


PokerStars Hand #157144147421:  Hold'em Limit ($3/$6 USD) - 2016/08/11 11:37:41 ET
Table 'Ulysses II' 6-max Seat #1 is the button
Seat 1: Murrrr_@T ($117.50 in chips)
Seat 6: humlefar ($57.52 in chips)
Murrrr_@T: posts small blind $1
humlefar: posts big blind $3
*** HOLE CARDS ***
simper11 joins the table at seat #2
Murrrr_@T: raises $3 to $6
humlefar: calls $3
*** FLOP *** [8s 6d Ac]
humlefar: bets $3
Murrrr_@T: folds
Uncalled bet ($3) returned to humlefar
humlefar collected $11.76 from pot
humlefar: doesn't show hand
*** SUMMARY ***
Total pot $12 | Rake $0.24
Board [8s 6d Ac]
Seat 1: Murrrr_@T (button) (small blind) folded on the Flop
Seat 6: humlefar (big blind) collected ($11.76)


PokerStars Hand #157144160763:  Hold'em Limit ($3/$6 USD) - 2016/08/11 11:38:04 ET
Table 'Ulysses II' 6-max Seat #6 is the button
Seat 1: Murrrr_@T ($111.50 in chips)
Seat 6: humlefar ($63.28 in chips)
humlefar: posts small blind $1
Murrrr_@T: posts big blind $3
*** HOLE CARDS ***
humlefar: raises $3 to $6
Murrrr_@T: calls $3
*** FLOP *** [Jc 5c 6c]
Murrrr_@T: checks
humlefar: bets $3
Murrrr_@T: calls $3
*** TURN *** [Jc 5c 6c] [4h]
Murrrr_@T: checks
humlefar: bets $6
Murrrr_@T: calls $6
*** RIVER *** [Jc 5c 6c 4h] [4c]
Murrrr_@T: checks
humlefar: bets $6
Murrrr_@T: folds
Uncalled bet ($6) returned to humlefar
humlefar collected $29.50 from pot
humlefar: doesn't show hand
*** SUMMARY ***
Total pot $30 | Rake $0.50
Board [Jc 5c 6c 4h 4c]
Seat 1: Murrrr_@T (big blind) folded on the River
Seat 6: humlefar (button) (small blind) collected ($29.50)


PokerStars Hand #157148773844:  Hold'em Limit ($3/$6 USD) - 2016/08/11 13:37:46 ET
Table 'Ulysses II' 6-max Seat #1 is the button
Seat 1: ChipsOrre ($173.17 in chips)
Seat 4: tomacampi ($120 in chips)
ChipsOrre: posts small blind $1
tomacampi: posts big blind $3
*** HOLE CARDS ***
ChipsOrre: folds
Uncalled bet ($2) returned to tomacampi
tomacampi collected $2 from pot
tomacampi: doesn't show hand
*** SUMMARY ***
Total pot $2 | Rake $0
Seat 1: ChipsOrre (button) (small blind) folded before Flop
Seat 4: tomacampi (big blind) collected ($2)


PokerStars Hand #157148758936:  Hold'em Limit ($3/$6 USD) - 2016/08/11 13:37:25 ET
Table 'Ulysses II' 6-max Seat #4 is the button
Seat 1: ChipsOrre ($152.67 in chips)
Seat 4: tomacampi ($132.10 in chips)
tomacampi: posts small blind $1
ChipsOrre: posts big blind $3
*** HOLE CARDS ***
tomacampi: raises $3 to $6
ChipsOrre: calls $3
*** FLOP *** [3c 5c 6s]
ChipsOrre: checks
tomacampi: bets $3
ChipsOrre: calls $3
*** TURN *** [3c 5c 6s] [Jc]
ChipsOrre: checks
tomacampi: bets $6
ChipsOrre: calls $6
*** RIVER *** [3c 5c 6s Jc] [5h]
ChipsOrre: checks
tomacampi: bets $6
ChipsOrre: calls $6
*** SHOW DOWN ***
tomacampi: shows [8d 7d] (a pair of Fives)
ChipsOrre: shows [As 4c] (a pair of Fives - Ace kicker)
ChipsOrre collected $41.50 from pot
*** SUMMARY ***
Total pot $42 | Rake $0.50
Board [3c 5c 6s Jc 5h]
Seat 1: ChipsOrre (big blind) showed [As 4c] and won ($41.50) with a pair of Fives
Seat 4: tomacampi (button) (small blind) showed [8d 7d] and lost with a pair of Fives


PokerStars Hand #157148749470:  Hold'em Limit ($3/$6 USD) - 2016/08/11 13:37:12 ET
Table 'Ulysses II' 6-max Seat #1 is the button
Seat 1: ChipsOrre ($146.91 in chips)
Seat 4: tomacampi ($138.10 in chips)
ChipsOrre: posts small blind $1
TJFrosty: is sitting out
tomacampi: posts big blind $3
*** HOLE CARDS ***
ChipsOrre: raises $3 to $6
TJFrosty leaves the table
tomacampi: calls $3
*** FLOP *** [4c 3d 7h]
tomacampi: checks
ChipsOrre: bets $3
tomacampi: folds
Uncalled bet ($3) returned to ChipsOrre
ChipsOrre collected $11.76 from pot
ChipsOrre: doesn't show hand
*** SUMMARY ***
Total pot $12 | Rake $0.24
Board [4c 3d 7h]
Seat 1: ChipsOrre (button) (small blind) collected ($11.76)
Seat 4: tomacampi (big blind) folded on the Flop


PokerStars Hand #157148777309:  Hold'em Limit ($3/$6 USD) - 2016/08/11 13:37:51 ET
Table 'Ulysses II' 6-max Seat #4 is the button
Seat 1: ChipsOrre ($172.17 in chips)
Seat 4: tomacampi ($121 in chips)
tomacampi: posts small blind $1
ChipsOrre: posts big blind $3
*** HOLE CARDS ***
tomacampi: raises $3 to $6
ChipsOrre: raises $3 to $9
tomacampi: calls $3
*** FLOP *** [7c Jd 3h]
ChipsOrre: bets $3
tomacampi: calls $3
*** TURN *** [7c Jd 3h] [9c]
ChipsOrre: bets $6
tomacampi: calls $6
*** RIVER *** [7c Jd 3h 9c] [Qh]
ChipsOrre: bets $6
tomacampi: raises $6 to $12
ChipsOrre: raises $6 to $18
tomacampi: folds
Uncalled bet ($6) returned to ChipsOrre
ChipsOrre collected $59.50 from pot
ChipsOrre: doesn't show hand
*** SUMMARY ***
Total pot $60 | Rake $0.50
Board [7c Jd 3h 9c Qh]
Seat 1: ChipsOrre (big blind) collected ($59.50)
Seat 4: tomacampi (button) (small blind) folded on the River


PokerStars Hand #157148800755:  Hold'em Limit ($3/$6 USD) - 2016/08/11 13:38:25 ET
Table 'Ulysses II' 6-max Seat #1 is the button
Seat 1: ChipsOrre ($201.67 in chips)
Seat 4: tomacampi ($120 in chips)
ChipsOrre: posts small blind $1
tomacampi: posts big blind $3
*** HOLE CARDS ***
ChipsOrre: raises $3 to $6
tomacampi: raises $3 to $9
ChipsOrre: calls $3
*** FLOP *** [4h Ac 7s]
tomacampi: bets $3
ChipsOrre: calls $3
*** TURN *** [4h Ac 7s] [5d]
tomacampi: bets $6
ChipsOrre: folds
Uncalled bet ($6) returned to tomacampi
tomacampi collected $23.52 from pot
tomacampi: doesn't show hand
*** SUMMARY ***
Total pot $24 | Rake $0.48
Board [4h Ac 7s 5d]
Seat 1: ChipsOrre (button) (small blind) folded on the Turn
Seat 4: tomacampi (big blind) collected ($23.52)


PokerStars Hand #157148898394:  Hold'em Limit ($3/$6 USD) - 2016/08/11 13:40:43 ET
Table 'Ulysses II' 6-max Seat #4 is the button
Seat 1: ChipsOrre ($207.50 in chips)
Seat 4: tomacampi ($131.59 in chips)
tomacampi: posts small blind $1
ChipsOrre: posts big blind $3
*** HOLE CARDS ***
tomacampi: raises $3 to $6
ChipsOrre: calls $3
*** FLOP *** [8s 4d Qc]
ChipsOrre: checks
tomacampi: checks
*** TURN *** [8s 4d Qc] [8c]
ChipsOrre: checks
tomacampi: bets $6
ChipsOrre: folds
Uncalled bet ($6) returned to tomacampi
tomacampi collected $11.76 from pot
tomacampi: doesn't show hand
*** SUMMARY ***
Total pot $12 | Rake $0.24
Board [8s 4d Qc 8c]
Seat 1: ChipsOrre (big blind) folded on the Turn
Seat 4: tomacampi (button) (small blind) collected ($11.76)


PokerStars Hand #157148890010:  Hold'em Limit ($3/$6 USD) - 2016/08/11 13:40:31 ET
Table 'Ulysses II' 6-max Seat #1 is the button
Seat 1: ChipsOrre ($201.74 in chips)
Seat 4: tomacampi ($137.59 in chips)
ChipsOrre: posts small blind $1
tomacampi: posts big blind $3
*** HOLE CARDS ***
crash19867 joins the table at seat #6
ChipsOrre: raises $3 to $6
tomacampi: calls $3
*** FLOP *** [Jd 2h 3h]
tomacampi: checks
ChipsOrre: bets $3
tomacampi: folds
Uncalled bet ($3) returned to ChipsOrre
ChipsOrre collected $11.76 from pot
ChipsOrre: doesn't show hand
*** SUMMARY ***
Total pot $12 | Rake $0.24
Board [Jd 2h 3h]
Seat 1: ChipsOrre (button) (small blind) collected ($11.76)
Seat 4: tomacampi (big blind) folded on the Flop


PokerStars Hand #157148882388:  Hold'em Limit ($3/$6 USD) - 2016/08/11 13:40:20 ET
Table 'Ulysses II' 6-max Seat #4 is the button
Seat 1: ChipsOrre ($204.74 in chips)
Seat 4: tomacampi ($134.59 in chips)
tomacampi: posts small blind $1
ChipsOrre: posts big blind $3
*** HOLE CARDS ***
veterankwu leaves the table
tomacampi: raises $3 to $6
ChipsOrre: folds
Uncalled bet ($3) returned to tomacampi
tomacampi collected $6 from pot
tomacampi: doesn't show hand
*** SUMMARY ***
Total pot $6 | Rake $0
Seat 1: ChipsOrre (big blind) folded before Flop
Seat 4: tomacampi (button) (small blind) collected ($6)


