PokerStars Hand #146920137177:  Hold'em Limit ($3/$6 USD) - 2016/01/12 12:38:34 ET
Table 'Ulysses IV' 2-max Seat #1 is the button
Seat 1: BelSv ($107.50 in chips)
Seat 2: perten ($56.23 in chips)
BelSv: posts small blind $1
perten: posts big blind $3
*** HOLE CARDS ***
BelSv: raises $3 to $6
perten: folds
Uncalled bet ($3) returned to BelSv
BelSv collected $6 from pot
BelSv: doesn't show hand
*** SUMMARY ***
Total pot $6 | Rake $0
Seat 1: BelSv (button) (small blind) collected ($6)
Seat 2: perten (big blind) folded before Flop


PokerStars Hand #146920132662:  Hold'em Limit ($3/$6 USD) - 2016/01/12 12:38:29 ET
Table 'Ulysses IV' 2-max Seat #2 is the button
Seat 1: BelSv ($106.50 in chips)
Seat 2: perten ($57.23 in chips)
perten: posts small blind $1
BelSv: posts big blind $3
*** HOLE CARDS ***
perten: folds
Uncalled bet ($2) returned to BelSv
BelSv collected $2 from pot
BelSv: doesn't show hand
*** SUMMARY ***
Total pot $2 | Rake $0
Seat 1: BelSv (big blind) collected ($2)
Seat 2: perten (button) (small blind) folded before Flop


PokerStars Hand #146920121548:  Hold'em Limit ($3/$6 USD) - 2016/01/12 12:38:17 ET
Table 'Ulysses IV' 2-max Seat #1 is the button
Seat 1: BelSv ($115.50 in chips)
Seat 2: perten ($48.59 in chips)
BelSv: posts small blind $1
perten: posts big blind $3
*** HOLE CARDS ***
BelSv: raises $3 to $6
perten: raises $3 to $9
BelSv: calls $3
*** FLOP *** [2c Ac 3d]
perten: bets $3
BelSv: folds
Uncalled bet ($3) returned to perten
perten collected $17.64 from pot
perten: doesn't show hand
*** SUMMARY ***
Total pot $18 | Rake $0.36
Board [2c Ac 3d]
Seat 1: BelSv (button) (small blind) folded on the Flop
Seat 2: perten (big blind) collected ($17.64)


PokerStars Hand #146920116905:  Hold'em Limit ($3/$6 USD) - 2016/01/12 12:38:12 ET
Table 'Ulysses IV' 2-max Seat #2 is the button
Seat 1: BelSv ($114.50 in chips)
Seat 2: perten ($49.59 in chips)
perten: posts small blind $1
BelSv: posts big blind $3
*** HOLE CARDS ***
perten: folds
Uncalled bet ($2) returned to BelSv
BelSv collected $2 from pot
BelSv: doesn't show hand
*** SUMMARY ***
Total pot $2 | Rake $0
Seat 1: BelSv (big blind) collected ($2)
Seat 2: perten (button) (small blind) folded before Flop


PokerStars Hand #146920195168:  Hold'em Limit ($3/$6 USD) - 2016/01/12 12:39:38 ET
Table 'Ulysses IV' 2-max Seat #2 is the button
Seat 1: BelSv ($102.26 in chips)
Seat 2: perten ($60.63 in chips)
perten: posts small blind $1
BelSv: posts big blind $3
*** HOLE CARDS ***
perten: folds
Uncalled bet ($2) returned to BelSv
BelSv collected $2 from pot
BelSv: doesn't show hand
*** SUMMARY ***
Total pot $2 | Rake $0
Seat 1: BelSv (big blind) collected ($2)
Seat 2: perten (button) (small blind) folded before Flop


PokerStars Hand #146920183148:  Hold'em Limit ($3/$6 USD) - 2016/01/12 12:39:25 ET
Table 'Ulysses IV' 2-max Seat #1 is the button
Seat 1: BelSv ($111.26 in chips)
Seat 2: perten ($51.99 in chips)
BelSv: posts small blind $1
perten: posts big blind $3
*** HOLE CARDS ***
BelSv: raises $3 to $6
perten: raises $3 to $9
BelSv: calls $3
*** FLOP *** [Ts Jh 4s]
perten: bets $3
BelSv: folds
Uncalled bet ($3) returned to perten
perten collected $17.64 from pot
perten: doesn't show hand
*** SUMMARY ***
Total pot $18 | Rake $0.36
Board [Ts Jh 4s]
Seat 1: BelSv (button) (small blind) folded on the Flop
Seat 2: perten (big blind) collected ($17.64)


PokerStars Hand #146920178222:  Hold'em Limit ($3/$6 USD) - 2016/01/12 12:39:20 ET
Table 'Ulysses IV' 2-max Seat #2 is the button
Seat 1: BelSv ($110.26 in chips)
Seat 2: perten ($52.99 in chips)
perten: posts small blind $1
BelSv: posts big blind $3
*** HOLE CARDS ***
perten: folds
Uncalled bet ($2) returned to BelSv
BelSv collected $2 from pot
BelSv: doesn't show hand
*** SUMMARY ***
Total pot $2 | Rake $0
Seat 1: BelSv (big blind) collected ($2)
Seat 2: perten (button) (small blind) folded before Flop


PokerStars Hand #146920169222:  Hold'em Limit ($3/$6 USD) - 2016/01/12 12:39:10 ET
Table 'Ulysses IV' 2-max Seat #1 is the button
Seat 1: BelSv ($104.50 in chips)
Seat 2: perten ($58.99 in chips)
BelSv: posts small blind $1
perten: posts big blind $3
*** HOLE CARDS ***
BelSv: raises $3 to $6
perten: calls $3
*** FLOP *** [Ad Th Js]
perten: checks
BelSv: bets $3
perten: folds
Uncalled bet ($3) returned to BelSv
BelSv collected $11.76 from pot
BelSv: doesn't show hand
*** SUMMARY ***
Total pot $12 | Rake $0.24
Board [Ad Th Js]
Seat 1: BelSv (button) (small blind) collected ($11.76)
Seat 2: perten (big blind) folded on the Flop


PokerStars Hand #146920157024:  Hold'em Limit ($3/$6 USD) - 2016/01/12 12:38:56 ET
Table 'Ulysses IV' 2-max Seat #1 is the button
Seat 1: BelSv ($104.50 in chips)
Seat 2: perten ($58.99 in chips)
BelSv: posts small blind $1
perten: posts big blind $3
*** HOLE CARDS ***
BelSv: raises $3 to $6
perten: folds
Uncalled bet ($3) returned to BelSv
BelSv collected $6 from pot
BelSv: doesn't show hand
*** SUMMARY ***
Total pot $6 | Rake $0
Seat 1: BelSv (button) (small blind) collected ($6)
Seat 2: perten (big blind) folded before Flop


PokerStars Hand #146920142445:  Hold'em Limit ($3/$6 USD) - 2016/01/12 12:38:40 ET
Table 'Ulysses IV' 2-max Seat #2 is the button
Seat 1: BelSv ($110.50 in chips)
Seat 2: perten ($53.23 in chips)
perten: posts small blind $1
BelSv: posts big blind $3
*** HOLE CARDS ***
perten: raises $3 to $6
BelSv: calls $3
*** FLOP *** [5d 4s 8d]
BelSv: checks
perten: checks
*** TURN *** [5d 4s 8d] [7s]
BelSv: checks
perten: bets $6
BelSv: folds
Uncalled bet ($6) returned to perten
perten collected $11.76 from pot
perten: doesn't show hand
*** SUMMARY ***
Total pot $12 | Rake $0.24
Board [5d 4s 8d 7s]
Seat 1: BelSv (big blind) folded on the Turn
Seat 2: perten (button) (small blind) collected ($11.76)


PokerStars Hand #146920244010:  Hold'em Limit ($3/$6 USD) - 2016/01/12 12:40:33 ET
Table 'Ulysses IV' 2-max Seat #2 is the button
Seat 1: BelSv ($98.78 in chips)
Seat 2: perten ($63.13 in chips)
perten: posts small blind $1
BelSv: posts big blind $3
*** HOLE CARDS ***
perten: folds
Uncalled bet ($2) returned to BelSv
BelSv collected $2 from pot
BelSv: doesn't show hand
*** SUMMARY ***
Total pot $2 | Rake $0
Seat 1: BelSv (big blind) collected ($2)
Seat 2: perten (button) (small blind) folded before Flop


PokerStars Hand #146920234208:  Hold'em Limit ($3/$6 USD) - 2016/01/12 12:40:22 ET
Table 'Ulysses IV' 2-max Seat #1 is the button
Seat 1: BelSv ($93.02 in chips)
Seat 2: perten ($69.13 in chips)
BelSv: posts small blind $1
perten: posts big blind $3
*** HOLE CARDS ***
BelSv: raises $3 to $6
perten: calls $3
*** FLOP *** [7h Ac 3c]
perten: checks
BelSv: bets $3
perten: folds
Uncalled bet ($3) returned to BelSv
BelSv collected $11.76 from pot
BelSv: doesn't show hand
*** SUMMARY ***
Total pot $12 | Rake $0.24
Board [7h Ac 3c]
Seat 1: BelSv (button) (small blind) collected ($11.76)
Seat 2: perten (big blind) folded on the Flop


PokerStars Hand #146920229254:  Hold'em Limit ($3/$6 USD) - 2016/01/12 12:40:16 ET
Table 'Ulysses IV' 2-max Seat #2 is the button
Seat 1: BelSv ($92.02 in chips)
Seat 2: perten ($70.13 in chips)
perten: posts small blind $1
BelSv: posts big blind $3
*** HOLE CARDS ***
perten: folds
Uncalled bet ($2) returned to BelSv
BelSv collected $2 from pot
BelSv: doesn't show hand
*** SUMMARY ***
Total pot $2 | Rake $0
Seat 1: BelSv (big blind) collected ($2)
Seat 2: perten (button) (small blind) folded before Flop


PokerStars Hand #146920222318:  Hold'em Limit ($3/$6 USD) - 2016/01/12 12:40:08 ET
Table 'Ulysses IV' 2-max Seat #1 is the button
Seat 1: BelSv ($86.26 in chips)
Seat 2: perten ($76.13 in chips)
BelSv: posts small blind $1
perten: posts big blind $3
*** HOLE CARDS ***
BelSv: raises $3 to $6
perten: calls $3
*** FLOP *** [5s 3c Tc]
perten: checks
BelSv: bets $3
perten: folds
Uncalled bet ($3) returned to BelSv
BelSv collected $11.76 from pot
BelSv: doesn't show hand
*** SUMMARY ***
Total pot $12 | Rake $0.24
Board [5s 3c Tc]
Seat 1: BelSv (button) (small blind) collected ($11.76)
Seat 2: perten (big blind) folded on the Flop


PokerStars Hand #146920217897:  Hold'em Limit ($3/$6 USD) - 2016/01/12 12:40:03 ET
Table 'Ulysses IV' 2-max Seat #2 is the button
Seat 1: BelSv ($85.26 in chips)
Seat 2: perten ($77.13 in chips)
perten: posts small blind $1
BelSv: posts big blind $3
*** HOLE CARDS ***
perten: folds
Uncalled bet ($2) returned to BelSv
BelSv collected $2 from pot
BelSv: doesn't show hand
*** SUMMARY ***
Total pot $2 | Rake $0
Seat 1: BelSv (big blind) collected ($2)
Seat 2: perten (button) (small blind) folded before Flop


PokerStars Hand #146920199582:  Hold'em Limit ($3/$6 USD) - 2016/01/12 12:39:43 ET
Table 'Ulysses IV' 2-max Seat #1 is the button
Seat 1: BelSv ($103.26 in chips)
Seat 2: perten ($59.63 in chips)
BelSv: posts small blind $1
perten: posts big blind $3
*** HOLE CARDS ***
BelSv: raises $3 to $6
perten: raises $3 to $9
BelSv: calls $3
*** FLOP *** [Kd Tc 5h]
perten: bets $3
BelSv: calls $3
*** TURN *** [Kd Tc 5h] [9c]
perten: checks
BelSv: bets $6
perten: calls $6
*** RIVER *** [Kd Tc 5h 9c] [Ac]
perten: checks
BelSv: checks
*** SHOW DOWN ***
perten: shows [As 5s] (two pair, Aces and Fives)
BelSv: mucks hand
perten collected $35.50 from pot
*** SUMMARY ***
Total pot $36 | Rake $0.50
Board [Kd Tc 5h 9c Ac]
Seat 1: BelSv (button) (small blind) mucked
Seat 2: perten (big blind) showed [As 5s] and won ($35.50) with two pair, Aces and Fives


PokerStars Hand #146920296356:  Hold'em Limit ($3/$6 USD) - 2016/01/12 12:41:31 ET
Table 'Ulysses IV' 2-max Seat #1 is the button
Seat 1: BelSv ($126.80 in chips)
Seat 2: perten ($33.77 in chips)
BelSv: posts small blind $1
perten: posts big blind $3
*** HOLE CARDS ***
BelSv: raises $3 to $6
perten: calls $3
*** FLOP *** [7d Kh 6d]
perten: checks
BelSv: bets $3
perten: calls $3
*** TURN *** [7d Kh 6d] [Ah]
perten: checks
BelSv: bets $6
perten: folds
Uncalled bet ($6) returned to BelSv
BelSv collected $17.64 from pot
BelSv: doesn't show hand
*** SUMMARY ***
Total pot $18 | Rake $0.36
Board [7d Kh 6d Ah]
Seat 1: BelSv (button) (small blind) collected ($17.64)
Seat 2: perten (big blind) folded on the Turn


PokerStars Hand #146920285715:  Hold'em Limit ($3/$6 USD) - 2016/01/12 12:41:19 ET
Table 'Ulysses IV' 2-max Seat #2 is the button
Seat 1: BelSv ($115.28 in chips)
Seat 2: perten ($45.77 in chips)
perten: posts small blind $1
BelSv: posts big blind $3
*** HOLE CARDS ***
perten: raises $3 to $6
BelSv: raises $3 to $9
perten: calls $3
*** FLOP *** [5s 8h Qd]
BelSv: bets $3
perten: calls $3
*** TURN *** [5s 8h Qd] [2d]
BelSv: bets $6
perten: folds
Uncalled bet ($6) returned to BelSv
BelSv collected $23.52 from pot
BelSv: doesn't show hand
*** SUMMARY ***
Total pot $24 | Rake $0.48
Board [5s 8h Qd 2d]
Seat 1: BelSv (big blind) collected ($23.52)
Seat 2: perten (button) (small blind) folded on the Turn


PokerStars Hand #146920277327:  Hold'em Limit ($3/$6 USD) - 2016/01/12 12:41:10 ET
Table 'Ulysses IV' 2-max Seat #1 is the button
Seat 1: BelSv ($124.28 in chips)
Seat 2: perten ($37.13 in chips)
BelSv: posts small blind $1
perten: posts big blind $3
*** HOLE CARDS ***
BelSv: raises $3 to $6
perten: raises $3 to $9
BelSv: calls $3
*** FLOP *** [9d 3h 7d]
perten: bets $3
BelSv: folds
Uncalled bet ($3) returned to perten
perten collected $17.64 from pot
perten: doesn't show hand
*** SUMMARY ***
Total pot $18 | Rake $0.36
Board [9d 3h 7d]
Seat 1: BelSv (button) (small blind) folded on the Flop
Seat 2: perten (big blind) collected ($17.64)


PokerStars Hand #146920272329:  Hold'em Limit ($3/$6 USD) - 2016/01/12 12:41:04 ET
Table 'Ulysses IV' 2-max Seat #2 is the button
Seat 1: BelSv ($123.28 in chips)
Seat 2: perten ($38.13 in chips)
perten: posts small blind $1
BelSv: posts big blind $3
*** HOLE CARDS ***
perten: folds
Uncalled bet ($2) returned to BelSv
BelSv collected $2 from pot
BelSv: doesn't show hand
*** SUMMARY ***
Total pot $2 | Rake $0
Seat 1: BelSv (big blind) collected ($2)
Seat 2: perten (button) (small blind) folded before Flop


PokerStars Hand #146920249107:  Hold'em Limit ($3/$6 USD) - 2016/01/12 12:40:38 ET
Table 'Ulysses IV' 2-max Seat #1 is the button
Seat 1: BelSv ($99.78 in chips)
Seat 2: perten ($62.13 in chips)
BelSv: posts small blind $1
perten: posts big blind $3
*** HOLE CARDS ***
BelSv: raises $3 to $6
perten: raises $3 to $9
BelSv: calls $3
*** FLOP *** [Kh 5h 7h]
perten: bets $3
BelSv: calls $3
*** TURN *** [Kh 5h 7h] [As]
perten: bets $6
BelSv: raises $6 to $12
perten: calls $6
*** RIVER *** [Kh 5h 7h As] [9s]
perten: checks
BelSv: bets $6
perten: folds
Uncalled bet ($6) returned to BelSv
BelSv collected $47.50 from pot
BelSv: doesn't show hand
*** SUMMARY ***
Total pot $48 | Rake $0.50
Board [Kh 5h 7h As 9s]
Seat 1: BelSv (button) (small blind) collected ($47.50)
Seat 2: perten (big blind) folded on the River


PokerStars Hand #146920322689:  Hold'em Limit ($3/$6 USD) - 2016/01/12 12:42:01 ET
Table 'Ulysses IV' 2-max Seat #2 is the button
Seat 1: BelSv ($135.20 in chips)
Seat 2: perten ($24.53 in chips)
perten: posts small blind $1
BelSv: posts big blind $3
*** HOLE CARDS ***
perten: raises $3 to $6
BelSv: calls $3
*** FLOP *** [Td 8c 3c]
BelSv: checks
perten: checks
*** TURN *** [Td 8c 3c] [4d]
BelSv: bets $6
perten: folds
Uncalled bet ($6) returned to BelSv
BelSv collected $11.76 from pot
BelSv: doesn't show hand
*** SUMMARY ***
Total pot $12 | Rake $0.24
Board [Td 8c 3c 4d]
Seat 1: BelSv (big blind) collected ($11.76)
Seat 2: perten (button) (small blind) folded on the Turn


PokerStars Hand #146920314902:  Hold'em Limit ($3/$6 USD) - 2016/01/12 12:41:52 ET
Table 'Ulysses IV' 2-max Seat #1 is the button
Seat 1: BelSv ($129.44 in chips)
Seat 2: perten ($30.53 in chips)
BelSv: posts small blind $1
perten: posts big blind $3
*** HOLE CARDS ***
BelSv: raises $3 to $6
perten: calls $3
*** FLOP *** [Kc 3s 8h]
perten: checks
BelSv: bets $3
perten: folds
Uncalled bet ($3) returned to BelSv
BelSv collected $11.76 from pot
BelSv: doesn't show hand
*** SUMMARY ***
Total pot $12 | Rake $0.24
Board [Kc 3s 8h]
Seat 1: BelSv (button) (small blind) collected ($11.76)
Seat 2: perten (big blind) folded on the Flop


PokerStars Hand #146920307361:  Hold'em Limit ($3/$6 USD) - 2016/01/12 12:41:43 ET
Table 'Ulysses IV' 2-max Seat #2 is the button
Seat 1: BelSv ($135.44 in chips)
Seat 2: perten ($24.77 in chips)
perten: posts small blind $1
BelSv: posts big blind $3
*** HOLE CARDS ***
perten: raises $3 to $6
BelSv: calls $3
*** FLOP *** [Kc 7h 8h]
BelSv: checks
perten: bets $3
BelSv: folds
Uncalled bet ($3) returned to perten
perten collected $11.76 from pot
perten: doesn't show hand
*** SUMMARY ***
Total pot $12 | Rake $0.24
Board [Kc 7h 8h]
Seat 1: BelSv (big blind) folded on the Flop
Seat 2: perten (button) (small blind) collected ($11.76)


