PokerStars Hand #154626952222:  Hold'em Limit ($3/$6 USD) - 2016/06/12 6:32:08 ET
Table 'Umbriel II' 10-max Seat #7 is the button
Seat 1: SeanPeary ($30.40 in chips)
Seat 7: VolkovDmitri ($147.54 in chips)
VolkovDmitri: posts small blind $1
SeanPeary: posts big blind $3
*** HOLE CARDS ***
VolkovDmitri: raises $3 to $6
SeanPeary: folds
Uncalled bet ($3) returned to VolkovDmitri
VolkovDmitri collected $6 from pot
VolkovDmitri: doesn't show hand
*** SUMMARY ***
Total pot $6 | Rake $0
Seat 1: SeanPeary (big blind) folded before Flop
Seat 7: VolkovDmitri (button) (small blind) collected ($6)


PokerStars Hand #154626950075:  Hold'em Limit ($3/$6 USD) - 2016/06/12 6:32:04 ET
Table 'Umbriel II' 10-max Seat #1 is the button
Seat 1: SeanPeary ($31.40 in chips)
Seat 7: VolkovDmitri ($146.54 in chips)
SeanPeary: posts small blind $1
VolkovDmitri: posts big blind $3
*** HOLE CARDS ***
SeanPeary: folds
Uncalled bet ($2) returned to VolkovDmitri
VolkovDmitri collected $2 from pot
VolkovDmitri: doesn't show hand
*** SUMMARY ***
Total pot $2 | Rake $0
Seat 1: SeanPeary (button) (small blind) folded before Flop
Seat 7: VolkovDmitri (big blind) collected ($2)


PokerStars Hand #154626945695:  Hold'em Limit ($3/$6 USD) - 2016/06/12 6:31:54 ET
Table 'Umbriel II' 10-max Seat #7 is the button
Seat 1: SeanPeary ($37.40 in chips)
Seat 7: VolkovDmitri ($140.78 in chips)
VolkovDmitri: posts small blind $1
SeanPeary: posts big blind $3
*** HOLE CARDS ***
VolkovDmitri: raises $3 to $6
SeanPeary: calls $3
*** FLOP *** [Td 3c 6d]
SeanPeary: checks
VolkovDmitri: bets $3
SeanPeary: folds
Uncalled bet ($3) returned to VolkovDmitri
VolkovDmitri collected $11.76 from pot
VolkovDmitri: doesn't show hand
*** SUMMARY ***
Total pot $12 | Rake $0.24
Board [Td 3c 6d]
Seat 1: SeanPeary (big blind) folded on the Flop
Seat 7: VolkovDmitri (button) (small blind) collected ($11.76)


PokerStars Hand #154626943663:  Hold'em Limit ($3/$6 USD) - 2016/06/12 6:31:50 ET
Table 'Umbriel II' 10-max Seat #1 is the button
Seat 1: SeanPeary ($38.40 in chips)
Seat 7: VolkovDmitri ($139.78 in chips)
SeanPeary: posts small blind $1
VolkovDmitri: posts big blind $3
*** HOLE CARDS ***
SeanPeary: folds
Uncalled bet ($2) returned to VolkovDmitri
VolkovDmitri collected $2 from pot
VolkovDmitri: doesn't show hand
*** SUMMARY ***
Total pot $2 | Rake $0
Seat 1: SeanPeary (button) (small blind) folded before Flop
Seat 7: VolkovDmitri (big blind) collected ($2)


PokerStars Hand #154626941183:  Hold'em Limit ($3/$6 USD) - 2016/06/12 6:31:45 ET
Table 'Umbriel II' 10-max Seat #7 is the button
Seat 1: SeanPeary ($41.40 in chips)
Seat 7: VolkovDmitri ($136.78 in chips)
VolkovDmitri: posts small blind $1
SeanPeary: posts big blind $3
*** HOLE CARDS ***
VolkovDmitri: raises $3 to $6
SeanPeary: folds
Uncalled bet ($3) returned to VolkovDmitri
VolkovDmitri collected $6 from pot
VolkovDmitri: doesn't show hand
*** SUMMARY ***
Total pot $6 | Rake $0
Seat 1: SeanPeary (big blind) folded before Flop
Seat 7: VolkovDmitri (button) (small blind) collected ($6)


PokerStars Hand #154626926741:  Hold'em Limit ($3/$6 USD) - 2016/06/12 6:31:14 ET
Table 'Umbriel II' 10-max Seat #1 is the button
Seat 1: SeanPeary ($35.64 in chips)
Seat 7: VolkovDmitri ($142.78 in chips)
SeanPeary: posts small blind $1
VolkovDmitri: posts big blind $3
*** HOLE CARDS ***
SeanPeary: raises $3 to $6
VolkovDmitri: calls $3
*** FLOP *** [Ac 3d 5s]
VolkovDmitri: checks
SeanPeary: checks
*** TURN *** [Ac 3d 5s] [Ks]
VolkovDmitri: checks
SeanPeary: checks
*** RIVER *** [Ac 3d 5s Ks] [5c]
VolkovDmitri: checks
SeanPeary: checks
*** SHOW DOWN ***
VolkovDmitri: shows [Td 8d] (a pair of Fives)
SeanPeary: shows [8c Qd] (a pair of Fives - Ace+King+Queen kicker)
SeanPeary collected $11.76 from pot
*** SUMMARY ***
Total pot $12 | Rake $0.24
Board [Ac 3d 5s Ks 5c]
Seat 1: SeanPeary (button) (small blind) showed [8c Qd] and won ($11.76) with a pair of Fives
Seat 7: VolkovDmitri (big blind) showed [Td 8d] and lost with a pair of Fives


PokerStars Hand #154626954845:  Hold'em Limit ($3/$6 USD) - 2016/06/12 6:32:14 ET
Table 'Umbriel II' 10-max Seat #1 is the button
Seat 1: SeanPeary ($27.40 in chips)
Seat 7: VolkovDmitri ($150.54 in chips)
SeanPeary: posts small blind $1
VolkovDmitri: posts big blind $3
*** HOLE CARDS ***
SeanPeary: raises $3 to $6
VolkovDmitri: raises $3 to $9
SeanPeary: calls $3
*** FLOP *** [7h 2c Qs]
VolkovDmitri: bets $3
SeanPeary: raises $3 to $6
VolkovDmitri: calls $3
*** TURN *** [7h 2c Qs] [As]
VolkovDmitri: bets $6
SeanPeary: folds
Uncalled bet ($6) returned to VolkovDmitri
VolkovDmitri collected $29.50 from pot
VolkovDmitri: doesn't show hand
*** SUMMARY ***
Total pot $30 | Rake $0.50
Board [7h 2c Qs As]
Seat 1: SeanPeary (button) (small blind) folded on the Turn
Seat 7: VolkovDmitri (big blind) collected ($29.50)


PokerStars Hand #154626982609:  Hold'em Limit ($3/$6 USD) - 2016/06/12 6:33:13 ET
Table 'Umbriel II' 10-max Seat #1 is the button
Seat 1: SeanPeary ($30 in chips)
Seat 7: VolkovDmitri ($176.94 in chips)
SeanPeary: posts small blind $1
VolkovDmitri: posts big blind $3
*** HOLE CARDS ***
SeanPeary: folds
Uncalled bet ($2) returned to VolkovDmitri
VolkovDmitri collected $2 from pot
VolkovDmitri: doesn't show hand
*** SUMMARY ***
Total pot $2 | Rake $0
Seat 1: SeanPeary (button) (small blind) folded before Flop
Seat 7: VolkovDmitri (big blind) collected ($2)


PokerStars Hand #154626966280:  Hold'em Limit ($3/$6 USD) - 2016/06/12 6:32:38 ET
Table 'Umbriel II' 10-max Seat #7 is the button
Seat 1: SeanPeary ($12.40 in chips)
Seat 7: VolkovDmitri ($165.04 in chips)
VolkovDmitri: posts small blind $1
SeanPeary: posts big blind $3
*** HOLE CARDS ***
VolkovDmitri: raises $3 to $6
SeanPeary: calls $3
*** FLOP *** [5s Js 3s]
SeanPeary: checks
VolkovDmitri: checks
*** TURN *** [5s Js 3s] [Ac]
SeanPeary: checks
VolkovDmitri: checks
*** RIVER *** [5s Js 3s Ac] [Qs]
SeanPeary: bets $6
VolkovDmitri: raises $6 to $12
SeanPeary: calls $0.40 and is all-in
Uncalled bet ($5.60) returned to VolkovDmitri
*** SHOW DOWN ***
VolkovDmitri: shows [Tc Ts] (a flush, Queen high)
SeanPeary: shows [2d Qh] (a pair of Queens)
VolkovDmitri collected $24.30 from pot
*** SUMMARY ***
Total pot $24.80 | Rake $0.50
Board [5s Js 3s Ac Qs]
Seat 1: SeanPeary (big blind) showed [2d Qh] and lost with a pair of Queens
Seat 7: VolkovDmitri (button) (small blind) showed [Tc Ts] and won ($24.30) with a flush, Queen high


PokerStars Hand #154627015609:  Hold'em Limit ($3/$6 USD) - 2016/06/12 6:34:23 ET
Table 'Umbriel II' 10-max Seat #7 is the button
Seat 1: SeanPeary ($51.14 in chips)
Seat 7: VolkovDmitri ($154.70 in chips)
VolkovDmitri: posts small blind $1
SeanPeary: posts big blind $3
*** HOLE CARDS ***
VolkovDmitri: raises $3 to $6
SeanPeary: folds
Uncalled bet ($3) returned to VolkovDmitri
VolkovDmitri collected $6 from pot
VolkovDmitri: doesn't show hand
*** SUMMARY ***
Total pot $6 | Rake $0
Seat 1: SeanPeary (big blind) folded before Flop
Seat 7: VolkovDmitri (button) (small blind) collected ($6)


PokerStars Hand #154627011040:  Hold'em Limit ($3/$6 USD) - 2016/06/12 6:34:14 ET
Table 'Umbriel II' 10-max Seat #1 is the button
Seat 1: SeanPeary ($57.14 in chips)
Seat 7: VolkovDmitri ($148.94 in chips)
SeanPeary: posts small blind $1
VolkovDmitri: posts big blind $3
*** HOLE CARDS ***
SeanPeary: calls $2
VolkovDmitri: raises $3 to $6
SeanPeary: calls $3
*** FLOP *** [9h 7c Jd]
VolkovDmitri: bets $3
SeanPeary: folds
Uncalled bet ($3) returned to VolkovDmitri
VolkovDmitri collected $11.76 from pot
VolkovDmitri: doesn't show hand
*** SUMMARY ***
Total pot $12 | Rake $0.24
Board [9h 7c Jd]
Seat 1: SeanPeary (button) (small blind) folded on the Flop
Seat 7: VolkovDmitri (big blind) collected ($11.76)


PokerStars Hand #154627001556:  Hold'em Limit ($3/$6 USD) - 2016/06/12 6:33:53 ET
Table 'Umbriel II' 10-max Seat #7 is the button
Seat 1: SeanPeary ($36.64 in chips)
Seat 7: VolkovDmitri ($169.94 in chips)
VolkovDmitri: posts small blind $1
SeanPeary: posts big blind $3
*** HOLE CARDS ***
VolkovDmitri: raises $3 to $6
SeanPeary: calls $3
*** FLOP *** [Tc 6c 6d]
SeanPeary: checks
VolkovDmitri: bets $3
SeanPeary: calls $3
*** TURN *** [Tc 6c 6d] [Ac]
SeanPeary: checks
VolkovDmitri: bets $6
SeanPeary: calls $6
*** RIVER *** [Tc 6c 6d Ac] [Jd]
SeanPeary: checks
VolkovDmitri: bets $6
SeanPeary: calls $6
*** SHOW DOWN ***
VolkovDmitri: shows [4h 5s] (a pair of Sixes)
SeanPeary: shows [4c 4s] (two pair, Sixes and Fours)
SeanPeary collected $41.50 from pot
*** SUMMARY ***
Total pot $42 | Rake $0.50
Board [Tc 6c 6d Ac Jd]
Seat 1: SeanPeary (big blind) showed [4c 4s] and won ($41.50) with two pair, Sixes and Fours
Seat 7: VolkovDmitri (button) (small blind) showed [4h 5s] and lost with a pair of Sixes


PokerStars Hand #154626999452:  Hold'em Limit ($3/$6 USD) - 2016/06/12 6:33:49 ET
Table 'Umbriel II' 10-max Seat #1 is the button
Seat 1: SeanPeary ($37.64 in chips)
Seat 7: VolkovDmitri ($168.94 in chips)
SeanPeary: posts small blind $1
VolkovDmitri: posts big blind $3
*** HOLE CARDS ***
SeanPeary: folds
Uncalled bet ($2) returned to VolkovDmitri
VolkovDmitri collected $2 from pot
VolkovDmitri: doesn't show hand
*** SUMMARY ***
Total pot $2 | Rake $0
Seat 1: SeanPeary (button) (small blind) folded before Flop
Seat 7: VolkovDmitri (big blind) collected ($2)


PokerStars Hand #154626988295:  Hold'em Limit ($3/$6 USD) - 2016/06/12 6:33:25 ET
Table 'Umbriel II' 10-max Seat #7 is the button
Seat 1: SeanPeary ($29 in chips)
Seat 7: VolkovDmitri ($177.94 in chips)
VolkovDmitri: posts small blind $1
SeanPeary: posts big blind $3
*** HOLE CARDS ***
VolkovDmitri: raises $3 to $6
SeanPeary: calls $3
*** FLOP *** [Ks Ah 9c]
SeanPeary: checks
VolkovDmitri: bets $3
SeanPeary: calls $3
*** TURN *** [Ks Ah 9c] [Ac]
SeanPeary: checks
VolkovDmitri: checks
*** RIVER *** [Ks Ah 9c Ac] [Ad]
SeanPeary: bets $6
VolkovDmitri: folds
Uncalled bet ($6) returned to SeanPeary
SeanPeary collected $17.64 from pot
SeanPeary: doesn't show hand
*** SUMMARY ***
Total pot $18 | Rake $0.36
Board [Ks Ah 9c Ac Ad]
Seat 1: SeanPeary (big blind) collected ($17.64)
Seat 7: VolkovDmitri (button) (small blind) folded on the River


PokerStars Hand #154627033947:  Hold'em Limit ($3/$6 USD) - 2016/06/12 6:35:02 ET
Table 'Umbriel II' 10-max Seat #1 is the button
Seat 1: SeanPeary ($59.64 in chips)
Seat 7: VolkovDmitri ($145.46 in chips)
SeanPeary: posts small blind $1
VolkovDmitri: posts big blind $3
*** HOLE CARDS ***
SeanPeary: calls $2
VolkovDmitri: raises $3 to $6
SeanPeary: calls $3
*** FLOP *** [As 5d 6c]
VolkovDmitri: bets $3
SeanPeary: folds
Uncalled bet ($3) returned to VolkovDmitri
VolkovDmitri collected $11.76 from pot
VolkovDmitri: doesn't show hand
*** SUMMARY ***
Total pot $12 | Rake $0.24
Board [As 5d 6c]
Seat 1: SeanPeary (button) (small blind) folded on the Flop
Seat 7: VolkovDmitri (big blind) collected ($11.76)


PokerStars Hand #154627028614:  Hold'em Limit ($3/$6 USD) - 2016/06/12 6:34:51 ET
Table 'Umbriel II' 10-max Seat #7 is the button
Seat 1: SeanPeary ($65.64 in chips)
Seat 7: VolkovDmitri ($139.70 in chips)
VolkovDmitri: posts small blind $1
SeanPeary: posts big blind $3
*** HOLE CARDS ***
VolkovDmitri: raises $3 to $6
SeanPeary: calls $3
*** FLOP *** [Th 3s 2s]
SeanPeary: checks
VolkovDmitri: bets $3
SeanPeary: folds
Uncalled bet ($3) returned to VolkovDmitri
VolkovDmitri collected $11.76 from pot
VolkovDmitri: doesn't show hand
*** SUMMARY ***
Total pot $12 | Rake $0.24
Board [Th 3s 2s]
Seat 1: SeanPeary (big blind) folded on the Flop
Seat 7: VolkovDmitri (button) (small blind) collected ($11.76)


PokerStars Hand #154627038464:  Hold'em Limit ($3/$6 USD) - 2016/06/12 6:35:12 ET
Table 'Umbriel II' 10-max Seat #7 is the button
Seat 1: SeanPeary ($53.64 in chips)
Seat 7: VolkovDmitri ($151.22 in chips)
VolkovDmitri: posts small blind $1
SeanPeary: posts big blind $3
*** HOLE CARDS ***
VolkovDmitri: raises $3 to $6
SeanPeary: folds
Uncalled bet ($3) returned to VolkovDmitri
VolkovDmitri collected $6 from pot
VolkovDmitri: doesn't show hand
*** SUMMARY ***
Total pot $6 | Rake $0
Seat 1: SeanPeary (big blind) folded before Flop
Seat 7: VolkovDmitri (button) (small blind) collected ($6)


PokerStars Hand #154627018508:  Hold'em Limit ($3/$6 USD) - 2016/06/12 6:34:30 ET
Table 'Umbriel II' 10-max Seat #1 is the button
Seat 1: SeanPeary ($48.14 in chips)
Seat 7: VolkovDmitri ($157.70 in chips)
SeanPeary: posts small blind $1
VolkovDmitri: posts big blind $3
*** HOLE CARDS ***
SeanPeary: calls $2
VolkovDmitri: raises $3 to $6
SeanPeary: calls $3
*** FLOP *** [2h 8h Th]
VolkovDmitri: bets $3
SeanPeary: raises $3 to $6
VolkovDmitri: calls $3
*** TURN *** [2h 8h Th] [3s]
VolkovDmitri: checks
SeanPeary: bets $6
VolkovDmitri: calls $6
*** RIVER *** [2h 8h Th 3s] [7c]
VolkovDmitri: checks
SeanPeary: bets $6
VolkovDmitri: folds
Uncalled bet ($6) returned to SeanPeary
SeanPeary collected $35.50 from pot
SeanPeary: doesn't show hand
*** SUMMARY ***
Total pot $36 | Rake $0.50
Board [2h 8h Th 3s 7c]
Seat 1: SeanPeary (button) (small blind) collected ($35.50)
Seat 7: VolkovDmitri (big blind) folded on the River


PokerStars Hand #154627060417:  Hold'em Limit ($3/$6 USD) - 2016/06/12 6:35:59 ET
Table 'Umbriel II' 10-max Seat #1 is the button
Seat 1: SeanPeary ($38.64 in chips)
Seat 7: VolkovDmitri ($165.86 in chips)
SeanPeary: posts small blind $1
VolkovDmitri: posts big blind $3
*** HOLE CARDS ***
SeanPeary: raises $3 to $6
VolkovDmitri: raises $3 to $9
SeanPeary: calls $3
*** FLOP *** [8d Ac 2c]
VolkovDmitri: bets $3
SeanPeary: raises $3 to $6
VolkovDmitri: calls $3
*** TURN *** [8d Ac 2c] [8s]
VolkovDmitri: checks
SeanPeary: checks
*** RIVER *** [8d Ac 2c 8s] [Td]
VolkovDmitri: bets $6
SeanPeary: folds
Uncalled bet ($6) returned to VolkovDmitri
VolkovDmitri collected $29.50 from pot
VolkovDmitri: doesn't show hand
*** SUMMARY ***
Total pot $30 | Rake $0.50
Board [8d Ac 2c 8s Td]
Seat 1: SeanPeary (button) (small blind) folded on the River
Seat 7: VolkovDmitri (big blind) collected ($29.50)


PokerStars Hand #154627054160:  Hold'em Limit ($3/$6 USD) - 2016/06/12 6:35:45 ET
Table 'Umbriel II' 10-max Seat #7 is the button
Seat 1: SeanPeary ($41.64 in chips)
Seat 7: VolkovDmitri ($162.86 in chips)
VolkovDmitri: posts small blind $1
SeanPeary: posts big blind $3
*** HOLE CARDS ***
VolkovDmitri: raises $3 to $6
SeanPeary: folds
Uncalled bet ($3) returned to VolkovDmitri
VolkovDmitri collected $6 from pot
VolkovDmitri: doesn't show hand
*** SUMMARY ***
Total pot $6 | Rake $0
Seat 1: SeanPeary (big blind) folded before Flop
Seat 7: VolkovDmitri (button) (small blind) collected ($6)


PokerStars Hand #154627043079:  Hold'em Limit ($3/$6 USD) - 2016/06/12 6:35:22 ET
Table 'Umbriel II' 10-max Seat #1 is the button
Seat 1: SeanPeary ($50.64 in chips)
Seat 7: VolkovDmitri ($154.22 in chips)
SeanPeary: posts small blind $1
VolkovDmitri: posts big blind $3
*** HOLE CARDS ***
SeanPeary: raises $3 to $6
VolkovDmitri: calls $3
*** FLOP *** [9s 2s 6h]
VolkovDmitri: bets $3
SeanPeary: calls $3
*** TURN *** [9s 2s 6h] [9c]
VolkovDmitri: bets $6
SeanPeary: folds
Uncalled bet ($6) returned to VolkovDmitri
VolkovDmitri collected $17.64 from pot
VolkovDmitri: doesn't show hand
*** SUMMARY ***
Total pot $18 | Rake $0.36
Board [9s 2s 6h 9c]
Seat 1: SeanPeary (button) (small blind) folded on the Turn
Seat 7: VolkovDmitri (big blind) collected ($17.64)


PokerStars Hand #154627085563:  Hold'em Limit ($3/$6 USD) - 2016/06/12 6:36:52 ET
Table 'Umbriel II' 10-max Seat #1 is the button
Seat 1: SeanPeary ($32.28 in chips)
Seat 7: VolkovDmitri ($171.36 in chips)
SeanPeary: posts small blind $1
VolkovDmitri: posts big blind $3
*** HOLE CARDS ***
SeanPeary: calls $2
tomte999 joins the table at seat #2
VolkovDmitri: raises $3 to $6
SeanPeary said, "HU plz"
SeanPeary: calls $3
*** FLOP *** [Td 5s 2h]
VolkovDmitri: bets $3
SeanPeary: folds
Uncalled bet ($3) returned to VolkovDmitri
VolkovDmitri collected $11.76 from pot
VolkovDmitri: doesn't show hand
VolkovDmitri said, "hu"
*** SUMMARY ***
Total pot $12 | Rake $0.24
Board [Td 5s 2h]
Seat 1: SeanPeary (button) (small blind) folded on the Flop
Seat 7: VolkovDmitri (big blind) collected ($11.76)


PokerStars Hand #154627074583:  Hold'em Limit ($3/$6 USD) - 2016/06/12 6:36:29 ET
Table 'Umbriel II' 10-max Seat #7 is the button
Seat 1: SeanPeary ($23.64 in chips)
Seat 7: VolkovDmitri ($180.36 in chips)
VolkovDmitri: posts small blind $1
SeanPeary: posts big blind $3
*** HOLE CARDS ***
VolkovDmitri: raises $3 to $6
SeanPeary: calls $3
*** FLOP *** [Ah 3s 4d]
SeanPeary: checks
VolkovDmitri: bets $3
SeanPeary: calls $3
*** TURN *** [Ah 3s 4d] [2c]
SeanPeary: checks
VolkovDmitri: checks
*** RIVER *** [Ah 3s 4d 2c] [Kd]
SeanPeary: bets $6
VolkovDmitri: folds
Uncalled bet ($6) returned to SeanPeary
SeanPeary collected $17.64 from pot
SeanPeary: doesn't show hand
*** SUMMARY ***
Total pot $18 | Rake $0.36
Board [Ah 3s 4d 2c Kd]
Seat 1: SeanPeary (big blind) collected ($17.64)
Seat 7: VolkovDmitri (button) (small blind) folded on the River


PokerStars Hand #154627093802:  Hold'em Limit ($3/$6 USD) - 2016/06/12 6:37:10 ET
Table 'Umbriel II' 10-max Seat #7 is the button
Seat 1: SeanPeary ($26.28 in chips)
Seat 7: VolkovDmitri ($177.12 in chips)
VolkovDmitri: posts small blind $1
SeanPeary: posts big blind $3
*** HOLE CARDS ***
VolkovDmitri: raises $3 to $6
SeanPeary: raises $3 to $9
VolkovDmitri: calls $3
*** FLOP *** [2d 3h 8s]
SeanPeary: bets $3
VolkovDmitri: calls $3
*** TURN *** [2d 3h 8s] [6s]
SeanPeary: bets $6
VolkovDmitri: calls $6
*** RIVER *** [2d 3h 8s 6s] [Kc]
SeanPeary: bets $6
VolkovDmitri: folds
Uncalled bet ($6) returned to SeanPeary
SeanPeary collected $35.50 from pot
SeanPeary: doesn't show hand
*** SUMMARY ***
Total pot $36 | Rake $0.50
Board [2d 3h 8s 6s Kc]
Seat 1: SeanPeary (big blind) collected ($35.50)
Seat 7: VolkovDmitri (button) (small blind) folded on the River


PokerStars Hand #154627204447:  Hold'em Limit ($3/$6 USD) - 2016/06/12 6:41:05 ET
Table 'Umbriel II' 10-max Seat #7 is the button
Seat 1: SeanPeary ($32.59 in chips)
Seat 7: VolkovDmitri ($140.83 in chips)
VolkovDmitri: posts small blind $1
SeanPeary: posts big blind $3
*** HOLE CARDS ***
VolkovDmitri: raises $3 to $6
SeanPeary: raises $3 to $9
VolkovDmitri: calls $3
*** FLOP *** [Kc Th Kd]
SeanPeary: bets $3
VolkovDmitri: calls $3
*** TURN *** [Kc Th Kd] [Ac]
SeanPeary: bets $6
VolkovDmitri: raises $6 to $12
SeanPeary: raises $6 to $18
VolkovDmitri: raises $6 to $24
Betting is capped
SeanPeary: calls $2.59 and is all-in
Uncalled bet ($3.41) returned to VolkovDmitri
*** RIVER *** [Kc Th Kd Ac] [Jh]
*** SHOW DOWN ***
SeanPeary: shows [Js Ah] (two pair, Aces and Kings)
VolkovDmitri: shows [Kh 7h] (three of a kind, Kings)
VolkovDmitri collected $64.68 from pot
*** SUMMARY ***
Total pot $65.18 | Rake $0.50
Board [Kc Th Kd Ac Jh]
Seat 1: SeanPeary (big blind) showed [Js Ah] and lost with two pair, Aces and Kings
Seat 7: VolkovDmitri (button) (small blind) showed [Kh 7h] and won ($64.68) with three of a kind, Kings


PokerStars Hand #154627196884:  Hold'em Limit ($3/$6 USD) - 2016/06/12 6:40:49 ET
Table 'Umbriel II' 10-max Seat #1 is the button
Seat 1: SeanPeary ($26.83 in chips)
Seat 7: VolkovDmitri ($146.83 in chips)
SeanPeary: posts small blind $1
VolkovDmitri: posts big blind $3
*** HOLE CARDS ***
SeanPeary: raises $3 to $6
VolkovDmitri: calls $3
*** FLOP *** [7d Ts 2d]
VolkovDmitri: checks
SeanPeary: checks
*** TURN *** [7d Ts 2d] [As]
VolkovDmitri: checks
SeanPeary: bets $6
VolkovDmitri: folds
Uncalled bet ($6) returned to SeanPeary
SeanPeary collected $11.76 from pot
SeanPeary: doesn't show hand
*** SUMMARY ***
Total pot $12 | Rake $0.24
Board [7d Ts 2d As]
Seat 1: SeanPeary (button) (small blind) collected ($11.76)
Seat 7: VolkovDmitri (big blind) folded on the Turn


PokerStars Hand #154627194326:  Hold'em Limit ($3/$6 USD) - 2016/06/12 6:40:43 ET
Table 'Umbriel II' 10-max Seat #7 is the button
Seat 1: SeanPeary ($29.83 in chips)
Seat 7: VolkovDmitri ($143.83 in chips)
VolkovDmitri: posts small blind $1
SeanPeary: posts big blind $3
*** HOLE CARDS ***
VolkovDmitri: raises $3 to $6
SeanPeary: folds
Uncalled bet ($3) returned to VolkovDmitri
VolkovDmitri collected $6 from pot
VolkovDmitri: doesn't show hand
*** SUMMARY ***
Total pot $6 | Rake $0
Seat 1: SeanPeary (big blind) folded before Flop
Seat 7: VolkovDmitri (button) (small blind) collected ($6)


PokerStars Hand #154627191764:  Hold'em Limit ($3/$6 USD) - 2016/06/12 6:40:38 ET
Table 'Umbriel II' 10-max Seat #1 is the button
Seat 1: SeanPeary ($26.83 in chips)
Seat 7: VolkovDmitri ($146.83 in chips)
SeanPeary: posts small blind $1
VolkovDmitri: posts big blind $3
*** HOLE CARDS ***
SeanPeary: raises $3 to $6
VolkovDmitri: folds
Uncalled bet ($3) returned to SeanPeary
SeanPeary collected $6 from pot
SeanPeary: doesn't show hand
*** SUMMARY ***
Total pot $6 | Rake $0
Seat 1: SeanPeary (button) (small blind) collected ($6)
Seat 7: VolkovDmitri (big blind) folded before Flop


PokerStars Hand #154627228687:  Hold'em Limit ($3/$6 USD) - 2016/06/12 6:41:57 ET
Table 'Umbriel II' 10-max Seat #1 is the button
Seat 1: SeanPeary ($26 in chips)
Seat 7: VolkovDmitri ($176.92 in chips)
SeanPeary: posts small blind $1
VolkovDmitri: posts big blind $3
*** HOLE CARDS ***
SeanPeary: raises $3 to $6
VolkovDmitri: calls $3
*** FLOP *** [Qc 6h Tc]
VolkovDmitri: checks
SeanPeary: bets $3
VolkovDmitri: raises $3 to $6
SeanPeary: calls $3
*** TURN *** [Qc 6h Tc] [As]
VolkovDmitri: bets $6
SeanPeary: raises $6 to $12
VolkovDmitri: raises $6 to $18
SeanPeary: calls $2 and is all-in
Uncalled bet ($4) returned to VolkovDmitri
*** RIVER *** [Qc 6h Tc As] [Ks]
*** SHOW DOWN ***
VolkovDmitri: shows [Qs 9c] (a pair of Queens)
SeanPeary: shows [2d Ac] (a pair of Aces)
SeanPeary collected $51.50 from pot
*** SUMMARY ***
Total pot $52 | Rake $0.50
Board [Qc 6h Tc As Ks]
Seat 1: SeanPeary (button) (small blind) showed [2d Ac] and won ($51.50) with a pair of Aces
Seat 7: VolkovDmitri (big blind) showed [Qs 9c] and lost with a pair of Queens


PokerStars Hand #154627225768:  Hold'em Limit ($3/$6 USD) - 2016/06/12 6:41:51 ET
Table 'Umbriel II' 10-max Seat #7 is the button
Seat 1: SeanPeary ($29 in chips)
Seat 7: VolkovDmitri ($173.92 in chips)
VolkovDmitri: posts small blind $1
SeanPeary: posts big blind $3
*** HOLE CARDS ***
VolkovDmitri: raises $3 to $6
SeanPeary: folds
Uncalled bet ($3) returned to VolkovDmitri
VolkovDmitri collected $6 from pot
VolkovDmitri: doesn't show hand
*** SUMMARY ***
Total pot $6 | Rake $0
Seat 1: SeanPeary (big blind) folded before Flop
Seat 7: VolkovDmitri (button) (small blind) collected ($6)


PokerStars Hand #154627222851:  Hold'em Limit ($3/$6 USD) - 2016/06/12 6:41:44 ET
Table 'Umbriel II' 10-max Seat #1 is the button
Seat 1: SeanPeary ($30 in chips)
Seat 7: VolkovDmitri ($172.92 in chips)
SeanPeary: posts small blind $1
VolkovDmitri: posts big blind $3
*** HOLE CARDS ***
SeanPeary: folds
Uncalled bet ($2) returned to VolkovDmitri
VolkovDmitri collected $2 from pot
VolkovDmitri: doesn't show hand
*** SUMMARY ***
Total pot $2 | Rake $0
Seat 1: SeanPeary (button) (small blind) folded before Flop
Seat 7: VolkovDmitri (big blind) collected ($2)


PokerStars Hand #154627260354:  Hold'em Limit ($3/$6 USD) - 2016/06/12 6:43:05 ET
Table 'Umbriel II' 10-max Seat #1 is the button
Seat 1: SeanPeary ($27.50 in chips)
Seat 7: VolkovDmitri ($174.42 in chips)
SeanPeary: posts small blind $1
VolkovDmitri: posts big blind $3
*** HOLE CARDS ***
SeanPeary: raises $3 to $6
VolkovDmitri: raises $3 to $9
SeanPeary: calls $3
*** FLOP *** [9s 4d 5s]
VolkovDmitri: bets $3
SeanPeary: folds
Uncalled bet ($3) returned to VolkovDmitri
VolkovDmitri collected $17.64 from pot
VolkovDmitri: doesn't show hand
*** SUMMARY ***
Total pot $18 | Rake $0.36
Board [9s 4d 5s]
Seat 1: SeanPeary (button) (small blind) folded on the Flop
Seat 7: VolkovDmitri (big blind) collected ($17.64)


PokerStars Hand #154627239646:  Hold'em Limit ($3/$6 USD) - 2016/06/12 6:42:20 ET
Table 'Umbriel II' 10-max Seat #7 is the button
Seat 1: SeanPeary ($51.50 in chips)
Seat 7: VolkovDmitri ($150.92 in chips)
VolkovDmitri: posts small blind $1
SeanPeary: posts big blind $3
*** HOLE CARDS ***
VolkovDmitri: raises $3 to $6
SeanPeary: raises $3 to $9
VolkovDmitri: calls $3
*** FLOP *** [7c 2c Qc]
SeanPeary: bets $3
VolkovDmitri: calls $3
*** TURN *** [7c 2c Qc] [Th]
SeanPeary: checks
VolkovDmitri: bets $6
SeanPeary: calls $6
*** RIVER *** [7c 2c Qc Th] [Qh]
SeanPeary: checks
VolkovDmitri: bets $6
SeanPeary: calls $6
*** SHOW DOWN ***
VolkovDmitri: shows [7h Tc] (two pair, Queens and Tens)
SeanPeary: mucks hand
VolkovDmitri collected $47.50 from pot
*** SUMMARY ***
Total pot $48 | Rake $0.50
Board [7c 2c Qc Th Qh]
Seat 1: SeanPeary (big blind) mucked
Seat 7: VolkovDmitri (button) (small blind) showed [7h Tc] and won ($47.50) with two pair, Queens and Tens


PokerStars Hand #154627266098:  Hold'em Limit ($3/$6 USD) - 2016/06/12 6:43:18 ET
Table 'Umbriel II' 10-max Seat #7 is the button
Seat 1: SeanPeary ($18.50 in chips)
Seat 7: VolkovDmitri ($183.06 in chips)
VolkovDmitri: posts small blind $1
SeanPeary: posts big blind $3
*** HOLE CARDS ***
VolkovDmitri: raises $3 to $6
SeanPeary: calls $3
*** FLOP *** [Kh Qd Ks]
SeanPeary: checks
VolkovDmitri: bets $3
SeanPeary: calls $3
*** TURN *** [Kh Qd Ks] [Td]
SeanPeary: checks
VolkovDmitri: checks
*** RIVER *** [Kh Qd Ks Td] [7d]
SeanPeary: bets $6
VolkovDmitri: calls $6
*** SHOW DOWN ***
SeanPeary: shows [8s Kd] (three of a kind, Kings)
VolkovDmitri: mucks hand
SeanPeary collected $29.50 from pot
*** SUMMARY ***
Total pot $30 | Rake $0.50
Board [Kh Qd Ks Td 7d]
Seat 1: SeanPeary (big blind) showed [8s Kd] and won ($29.50) with three of a kind, Kings
Seat 7: VolkovDmitri (button) (small blind) mucked


PokerStars Hand #154627281559:  Hold'em Limit ($3/$6 USD) - 2016/06/12 6:43:51 ET
Table 'Umbriel II' 10-max Seat #7 is the button
Seat 1: SeanPeary ($27 in chips)
Seat 7: VolkovDmitri ($173.82 in chips)
VolkovDmitri: posts small blind $1
SeanPeary: posts big blind $3
*** HOLE CARDS ***
VolkovDmitri: raises $3 to $6
SeanPeary: folds
Uncalled bet ($3) returned to VolkovDmitri
VolkovDmitri collected $6 from pot
VolkovDmitri: doesn't show hand
*** SUMMARY ***
Total pot $6 | Rake $0
Seat 1: SeanPeary (big blind) folded before Flop
Seat 7: VolkovDmitri (button) (small blind) collected ($6)


PokerStars Hand #154627275636:  Hold'em Limit ($3/$6 USD) - 2016/06/12 6:43:38 ET
Table 'Umbriel II' 10-max Seat #1 is the button
Seat 1: SeanPeary ($33 in chips)
Seat 7: VolkovDmitri ($168.06 in chips)
SeanPeary: posts small blind $1
VolkovDmitri: posts big blind $3
*** HOLE CARDS ***
SeanPeary: calls $2
VolkovDmitri: raises $3 to $6
SeanPeary: calls $3
*** FLOP *** [Qh 8s 4s]
VolkovDmitri: bets $3
SeanPeary: folds
Uncalled bet ($3) returned to VolkovDmitri
VolkovDmitri collected $11.76 from pot
VolkovDmitri: doesn't show hand
*** SUMMARY ***
Total pot $12 | Rake $0.24
Board [Qh 8s 4s]
Seat 1: SeanPeary (button) (small blind) folded on the Flop
Seat 7: VolkovDmitri (big blind) collected ($11.76)


PokerStars Hand #154627288548:  Hold'em Limit ($3/$6 USD) - 2016/06/12 6:44:06 ET
Table 'Umbriel II' 10-max Seat #1 is the button
Seat 1: SeanPeary ($24 in chips)
Seat 7: VolkovDmitri ($176.82 in chips)
SeanPeary: posts small blind $1
VolkovDmitri: posts big blind $3
*** HOLE CARDS ***
SeanPeary: calls $2
VolkovDmitri: raises $3 to $6
SeanPeary: calls $3
*** FLOP *** [2h Ac 9s]
VolkovDmitri: bets $3
SeanPeary: folds
Uncalled bet ($3) returned to VolkovDmitri
VolkovDmitri collected $11.76 from pot
VolkovDmitri: doesn't show hand
*** SUMMARY ***
Total pot $12 | Rake $0.24
Board [2h Ac 9s]
Seat 1: SeanPeary (button) (small blind) folded on the Flop
Seat 7: VolkovDmitri (big blind) collected ($11.76)


PokerStars Hand #154627294277:  Hold'em Limit ($3/$6 USD) - 2016/06/12 6:44:18 ET
Table 'Umbriel II' 10-max Seat #7 is the button
Seat 1: SeanPeary ($18 in chips)
Seat 7: VolkovDmitri ($182.58 in chips)
VolkovDmitri: posts small blind $1
SeanPeary: posts big blind $3
*** HOLE CARDS ***
VolkovDmitri: raises $3 to $6
SeanPeary: calls $3
*** FLOP *** [Jd 5h 4c]
SeanPeary: checks
VolkovDmitri: bets $3
SeanPeary: raises $3 to $6
VolkovDmitri: raises $3 to $9
SeanPeary: calls $3
*** TURN *** [Jd 5h 4c] [2c]
SeanPeary: checks
VolkovDmitri: bets $6
SeanPeary: calls $3 and is all-in
Uncalled bet ($3) returned to VolkovDmitri
*** RIVER *** [Jd 5h 4c 2c] [8h]
*** SHOW DOWN ***
SeanPeary: shows [As Ts] (high card Ace)
VolkovDmitri: shows [6d Ah] (high card Ace - lower kicker)
SeanPeary collected $35.50 from pot
*** SUMMARY ***
Total pot $36 | Rake $0.50
Board [Jd 5h 4c 2c 8h]
Seat 1: SeanPeary (big blind) showed [As Ts] and won ($35.50) with high card Ace
Seat 7: VolkovDmitri (button) (small blind) showed [6d Ah] and lost with high card Ace


PokerStars Hand #154627332968:  Hold'em Limit ($3/$6 USD) - 2016/06/12 6:45:24 ET
Table 'Umbriel II' 10-max Seat #1 is the button
Seat 1: SeanPeary ($5.50 in chips)
Seat 7: VolkovDmitri ($193.84 in chips)
SeanPeary: posts small blind $1
VolkovDmitri: posts big blind $3
*** HOLE CARDS ***
SeanPeary: raises $2.50 to $5.50 and is all-in
VolkovDmitri: calls $2.50
*** FLOP *** [Kd 7c 6s]
SeanPeary said, "u win"
*** TURN *** [Kd 7c 6s] [Ad]
*** RIVER *** [Kd 7c 6s Ad] [7d]
*** SHOW DOWN ***
VolkovDmitri: shows [Ac Qc] (two pair, Aces and Sevens)
SeanPeary: shows [5d 4h] (a pair of Sevens)
VolkovDmitri collected $10.78 from pot
*** SUMMARY ***
Total pot $11 | Rake $0.22
Board [Kd 7c 6s Ad 7d]
Seat 1: SeanPeary (button) (small blind) showed [5d 4h] and lost with a pair of Sevens
Seat 7: VolkovDmitri (big blind) showed [Ac Qc] and won ($10.78) with two pair, Aces and Sevens


PokerStars Hand #154627305386:  Hold'em Limit ($3/$6 USD) - 2016/06/12 6:44:42 ET
Table 'Umbriel II' 10-max Seat #1 is the button
Seat 1: SeanPeary ($35.50 in chips)
Seat 7: VolkovDmitri ($164.58 in chips)
SeanPeary: posts small blind $1
VolkovDmitri: posts big blind $3
*** HOLE CARDS ***
SeanPeary: calls $2
VolkovDmitri: raises $3 to $6
SeanPeary: calls $3
*** FLOP *** [8h Th 5c]
VolkovDmitri: bets $3
SeanPeary: folds
Uncalled bet ($3) returned to VolkovDmitri
VolkovDmitri collected $11.76 from pot
VolkovDmitri: doesn't show hand
*** SUMMARY ***
Total pot $12 | Rake $0.24
Board [8h Th 5c]
Seat 1: SeanPeary (button) (small blind) folded on the Flop
Seat 7: VolkovDmitri (big blind) collected ($11.76)


PokerStars Hand #154627310502:  Hold'em Limit ($3/$6 USD) - 2016/06/12 6:44:53 ET
Table 'Umbriel II' 10-max Seat #7 is the button
Seat 1: SeanPeary ($29.50 in chips)
Seat 7: VolkovDmitri ($170.34 in chips)
VolkovDmitri: posts small blind $1
SeanPeary: posts big blind $3
*** HOLE CARDS ***
VolkovDmitri: raises $3 to $6
SeanPeary: calls $3
*** FLOP *** [2s 8h 3c]
SeanPeary: checks
VolkovDmitri: bets $3
SeanPeary: raises $3 to $6
VolkovDmitri: calls $3
*** TURN *** [2s 8h 3c] [Js]
SeanPeary: checks
VolkovDmitri: bets $6
SeanPeary: calls $6
*** RIVER *** [2s 8h 3c Js] [2h]
SeanPeary: checks
VolkovDmitri: bets $6
SeanPeary: calls $6
*** SHOW DOWN ***
VolkovDmitri: shows [8s Kc] (two pair, Eights and Deuces)
SeanPeary: mucks hand
VolkovDmitri collected $47.50 from pot
*** SUMMARY ***
Total pot $48 | Rake $0.50
Board [2s 8h 3c Js 2h]
Seat 1: SeanPeary (big blind) mucked
Seat 7: VolkovDmitri (button) (small blind) showed [8s Kc] and won ($47.50) with two pair, Eights and Deuces


