PokerStars Hand #162915497522:  Hold'em Limit ($3/$6 USD) - 2016/12/14 0:05:29 ET
Table 'Umtata' 6-max Seat #3 is the button
Seat 2: RaisemyNut$ ($105.25 in chips)
Seat 3: karambakilla ($550.57 in chips)
karambakilla: posts small blind $1
ToDaFelt: is sitting out
RaisemyNut$: posts big blind $3
*** HOLE CARDS ***
ToDaFelt leaves the table
karambakilla: folds
Uncalled bet ($2) returned to RaisemyNut$
RaisemyNut$ collected $2 from pot
RaisemyNut$: doesn't show hand
*** SUMMARY ***
Total pot $2 | Rake $0
Seat 2: RaisemyNut$ (big blind) collected ($2)
Seat 3: karambakilla (button) (small blind) folded before Flop


PokerStars Hand #162915753681:  Hold'em Limit ($3/$6 USD) - 2016/12/14 0:20:41 ET
Table 'Umtata' 6-max Seat #2 is the button
Seat 2: RaisemyNut$ ($136.75 in chips)
Seat 3: hairy1961 ($19 in chips)
RaisemyNut$: posts small blind $1
hairy1961: posts big blind $3
*** HOLE CARDS ***
RaisemyNut$: raises $3 to $6
hairy1961: folds
Uncalled bet ($3) returned to RaisemyNut$
RaisemyNut$ collected $6 from pot
RaisemyNut$: doesn't show hand
*** SUMMARY ***
Total pot $6 | Rake $0
Seat 2: RaisemyNut$ (button) (small blind) collected ($6)
Seat 3: hairy1961 (big blind) folded before Flop


PokerStars Hand #162915751891:  Hold'em Limit ($3/$6 USD) - 2016/12/14 0:20:35 ET
Table 'Umtata' 6-max Seat #3 is the button
Seat 2: RaisemyNut$ ($135.75 in chips)
Seat 3: hairy1961 ($20 in chips)
hairy1961: posts small blind $1
RaisemyNut$: posts big blind $3
*** HOLE CARDS ***
hairy1961: folds
Uncalled bet ($2) returned to RaisemyNut$
RaisemyNut$ collected $2 from pot
RaisemyNut$: doesn't show hand
*** SUMMARY ***
Total pot $2 | Rake $0
Seat 2: RaisemyNut$ (big blind) collected ($2)
Seat 3: hairy1961 (button) (small blind) folded before Flop


PokerStars Hand #162915740132:  Hold'em Limit ($3/$6 USD) - 2016/12/14 0:19:52 ET
Table 'Umtata' 6-max Seat #2 is the button
Seat 2: RaisemyNut$ ($106.25 in chips)
Seat 3: hairy1961 ($50 in chips)
RaisemyNut$: posts small blind $1
hairy1961: posts big blind $3
*** HOLE CARDS ***
RaisemyNut$: raises $3 to $6
hairy1961: raises $3 to $9
RaisemyNut$: calls $3
*** FLOP *** [Ad 7c 5s]
hairy1961: bets $3
RaisemyNut$: calls $3
*** TURN *** [Ad 7c 5s] [Qd]
hairy1961: bets $6
RaisemyNut$: raises $6 to $12
hairy1961: calls $6
*** RIVER *** [Ad 7c 5s Qd] [7h]
hairy1961: bets $6
RaisemyNut$: raises $6 to $12
hairy1961: folds
Uncalled bet ($6) returned to RaisemyNut$
RaisemyNut$ collected $59.50 from pot
RaisemyNut$: doesn't show hand
*** SUMMARY ***
Total pot $60 | Rake $0.50
Board [Ad 7c 5s Qd 7h]
Seat 2: RaisemyNut$ (button) (small blind) collected ($59.50)
Seat 3: hairy1961 (big blind) folded on the River


PokerStars Hand #162915756591:  Hold'em Limit ($3/$6 USD) - 2016/12/14 0:20:52 ET
Table 'Umtata' 6-max Seat #3 is the button
Seat 2: RaisemyNut$ ($139.75 in chips)
Seat 3: hairy1961 ($16 in chips)
hairy1961: posts small blind $1
RaisemyNut$: posts big blind $3
*** HOLE CARDS ***
hairy1961: folds
Uncalled bet ($2) returned to RaisemyNut$
RaisemyNut$ collected $2 from pot
RaisemyNut$: doesn't show hand
*** SUMMARY ***
Total pot $2 | Rake $0
Seat 2: RaisemyNut$ (big blind) collected ($2)
Seat 3: hairy1961 (button) (small blind) folded before Flop


PokerStars Hand #162915758442:  Hold'em Limit ($3/$6 USD) - 2016/12/14 0:20:58 ET
Table 'Umtata' 6-max Seat #2 is the button
Seat 2: RaisemyNut$ ($140.75 in chips)
Seat 3: hairy1961 ($15 in chips)
RaisemyNut$: posts small blind $1
hairy1961: posts big blind $3
*** HOLE CARDS ***
RaisemyNut$: raises $3 to $6
hairy1961: calls $3
*** FLOP *** [Kc 5h 2d]
hairy1961: checks
RaisemyNut$: bets $3
hairy1961: calls $3
*** TURN *** [Kc 5h 2d] [5d]
hairy1961: checks
RaisemyNut$: bets $6
hairy1961: calls $6 and is all-in
*** RIVER *** [Kc 5h 2d 5d] [Td]
*** SHOW DOWN ***
hairy1961: shows [4s Qd] (a pair of Fives)
RaisemyNut$: shows [Qs 2s] (two pair, Fives and Deuces)
RaisemyNut$ collected $29.50 from pot
*** SUMMARY ***
Total pot $30 | Rake $0.50
Board [Kc 5h 2d 5d Td]
Seat 2: RaisemyNut$ (button) (small blind) showed [Qs 2s] and won ($29.50) with two pair, Fives and Deuces
Seat 3: hairy1961 (big blind) showed [4s Qd] and lost with a pair of Fives


PokerStars Hand #162915818643:  Hold'em Limit ($3/$6 USD) - 2016/12/14 0:24:14 ET
Table 'Umtata' 6-max Seat #2 is the button
Seat 2: RaisemyNut$ ($156.25 in chips)
Seat 4: Sunny1022 ($79 in chips)
RaisemyNut$: posts small blind $1
Sunny1022: posts big blind $3
*** HOLE CARDS ***
RaisemyNut$: raises $3 to $6
Sunny1022: calls $3
*** FLOP *** [Ac Ts Ah]
Sunny1022: checks
RaisemyNut$: bets $3
Sunny1022: calls $3
*** TURN *** [Ac Ts Ah] [8d]
Sunny1022: checks
RaisemyNut$: bets $6
Sunny1022: calls $6
*** RIVER *** [Ac Ts Ah 8d] [5c]
Sunny1022: checks
RaisemyNut$: checks
*** SHOW DOWN ***
Sunny1022: shows [Kh Jc] (a pair of Aces)
RaisemyNut$: shows [2d 2h] (two pair, Aces and Deuces)
RaisemyNut$ collected $29.50 from pot
*** SUMMARY ***
Total pot $30 | Rake $0.50
Board [Ac Ts Ah 8d 5c]
Seat 2: RaisemyNut$ (button) (small blind) showed [2d 2h] and won ($29.50) with two pair, Aces and Deuces
Seat 4: Sunny1022 (big blind) showed [Kh Jc] and lost with a pair of Aces


PokerStars Hand #162915815784:  Hold'em Limit ($3/$6 USD) - 2016/12/14 0:24:04 ET
Table 'Umtata' 6-max Seat #4 is the button
Seat 2: RaisemyNut$ ($155.25 in chips)
Seat 4: Sunny1022 ($80 in chips)
Sunny1022: posts small blind $1
RaisemyNut$: posts big blind $3
*** HOLE CARDS ***
Sunny1022: folds
Uncalled bet ($2) returned to RaisemyNut$
RaisemyNut$ collected $2 from pot
RaisemyNut$: doesn't show hand
*** SUMMARY ***
Total pot $2 | Rake $0
Seat 2: RaisemyNut$ (big blind) collected ($2)
Seat 4: Sunny1022 (button) (small blind) folded before Flop


PokerStars Hand #162915826658:  Hold'em Limit ($3/$6 USD) - 2016/12/14 0:24:43 ET
Table 'Umtata' 6-max Seat #4 is the button
Seat 2: RaisemyNut$ ($170.75 in chips)
Seat 4: Sunny1022 ($64 in chips)
Sunny1022: posts small blind $1
RaisemyNut$: posts big blind $3
*** HOLE CARDS ***
Sunny1022: raises $3 to $6
RaisemyNut$: folds
Uncalled bet ($3) returned to Sunny1022
Sunny1022 collected $6 from pot
Sunny1022: doesn't show hand
*** SUMMARY ***
Total pot $6 | Rake $0
Seat 2: RaisemyNut$ (big blind) folded before Flop
Seat 4: Sunny1022 (button) (small blind) collected ($6)


PokerStars Hand #162915828198:  Hold'em Limit ($3/$6 USD) - 2016/12/14 0:24:49 ET
Table 'Umtata' 6-max Seat #2 is the button
Seat 2: RaisemyNut$ ($167.75 in chips)
Seat 4: Sunny1022 ($67 in chips)
RaisemyNut$: posts small blind $1
Sunny1022: posts big blind $3
*** HOLE CARDS ***
RaisemyNut$: raises $3 to $6
Sunny1022: calls $3
*** FLOP *** [2d 9c As]
Sunny1022: checks
ToDaFelt joins the table at seat #5
RaisemyNut$: bets $3
Sunny1022: folds
Uncalled bet ($3) returned to RaisemyNut$
RaisemyNut$ collected $11.76 from pot
RaisemyNut$: doesn't show hand
*** SUMMARY ***
Total pot $12 | Rake $0.24
Board [2d 9c As]
Seat 2: RaisemyNut$ (button) (small blind) collected ($11.76)
Seat 4: Sunny1022 (big blind) folded on the Flop


PokerStars Hand #162915870498:  Hold'em Limit ($3/$6 USD) - 2016/12/14 0:27:23 ET
Table 'Umtata' 6-max Seat #2 is the button
Seat 2: RaisemyNut$ ($187.25 in chips)
Seat 5: ToDaFelt ($156.02 in chips)
RaisemyNut$: posts small blind $1
ToDaFelt: posts big blind $3
*** HOLE CARDS ***
RaisemyNut$: raises $3 to $6
ToDaFelt: calls $3
*** FLOP *** [Jc 8d Tc]
ToDaFelt: checks
RaisemyNut$: bets $3
ToDaFelt: folds
Uncalled bet ($3) returned to RaisemyNut$
RaisemyNut$ collected $11.76 from pot
RaisemyNut$: doesn't show hand
*** SUMMARY ***
Total pot $12 | Rake $0.24
Board [Jc 8d Tc]
Seat 2: RaisemyNut$ (button) (small blind) collected ($11.76)
Seat 5: ToDaFelt (big blind) folded on the Flop


