PokerStars Hand #146128885155:  Hold'em Limit ($3/$6 USD) - 2015/12/29 15:01:57 ET
Table 'Una III' 6-max Seat #6 is the button
Seat 2: SashaYuvelir ($54.14 in chips)
Seat 6: feilinho ($161.63 in chips)
feilinho: posts small blind $1
soakas: is sitting out
SashaYuvelir: posts big blind $3
*** HOLE CARDS ***
vestimokrec leaves the table
feilinho: raises $3 to $6
SashaYuvelir: calls $3
*** FLOP *** [Ks Tc Qd]
SashaYuvelir: checks
feilinho: bets $3
SashaYuvelir: calls $3
*** TURN *** [Ks Tc Qd] [5c]
SashaYuvelir: checks
feilinho: bets $6
SashaYuvelir: raises $6 to $12
feilinho: raises $6 to $18
SashaYuvelir: calls $6
*** RIVER *** [Ks Tc Qd 5c] [Jc]
SashaYuvelir: checks
feilinho: checks
*** SHOW DOWN ***
SashaYuvelir: shows [Jh 5d] (two pair, Jacks and Fives)
feilinho: shows [Kh Qc] (two pair, Kings and Queens)
feilinho collected $53.50 from pot
soakas said, "feiglinge"
*** SUMMARY ***
Total pot $54 | Rake $0.50
Board [Ks Tc Qd 5c Jc]
Seat 2: SashaYuvelir (big blind) showed [Jh 5d] and lost with two pair, Jacks and Fives
Seat 6: feilinho (button) (small blind) showed [Kh Qc] and won ($53.50) with two pair, Kings and Queens


PokerStars Hand #146128919452:  Hold'em Limit ($3/$6 USD) - 2015/12/29 15:02:29 ET
Table 'Una III' 6-max Seat #6 is the button
Seat 2: SashaYuvelir ($15.14 in chips)
Seat 6: feilinho ($199.65 in chips)
feilinho: posts small blind $1
SashaYuvelir: posts big blind $3
*** HOLE CARDS ***
soakas leaves the table
feilinho: folds
Uncalled bet ($2) returned to SashaYuvelir
SashaYuvelir collected $2 from pot
SashaYuvelir: doesn't show hand
*** SUMMARY ***
Total pot $2 | Rake $0
Seat 2: SashaYuvelir (big blind) collected ($2)
Seat 6: feilinho (button) (small blind) folded before Flop


PokerStars Hand #146128925316:  Hold'em Limit ($3/$6 USD) - 2015/12/29 15:02:34 ET
Table 'Una III' 6-max Seat #2 is the button
Seat 2: SashaYuvelir ($16.14 in chips)
Seat 6: feilinho ($198.65 in chips)
SashaYuvelir: posts small blind $1
feilinho: posts big blind $3
*** HOLE CARDS ***
SashaYuvelir: raises $3 to $6
feilinho: raises $3 to $9
SashaYuvelir: calls $3
*** FLOP *** [3h 4h Kh]
7superpoker joins the table at seat #3
feilinho: bets $3
SashaYuvelir: raises $3 to $6
feilinho: raises $3 to $9
SashaYuvelir: calls $1.14 and is all-in
Uncalled bet ($1.86) returned to feilinho
*** TURN *** [3h 4h Kh] [Kd]
*** RIVER *** [3h 4h Kh Kd] [Jc]
*** SHOW DOWN ***
feilinho: shows [Kc 9c] (three of a kind, Kings)
SashaYuvelir: shows [6h 7h] (a flush, King high)
SashaYuvelir collected $31.78 from pot
*** SUMMARY ***
Total pot $32.28 | Rake $0.50
Board [3h 4h Kh Kd Jc]
Seat 2: SashaYuvelir (button) (small blind) showed [6h 7h] and won ($31.78) with a flush, King high
Seat 6: feilinho (big blind) showed [Kc 9c] and lost with three of a kind, Kings


PokerStars Hand #146128901346:  Hold'em Limit ($3/$6 USD) - 2015/12/29 15:02:12 ET
Table 'Una III' 6-max Seat #2 is the button
Seat 2: SashaYuvelir ($27.14 in chips)
Seat 6: feilinho ($188.13 in chips)
SashaYuvelir: posts small blind $1
feilinho: posts big blind $3
*** HOLE CARDS ***
SashaYuvelir: raises $3 to $6
feilinho: raises $3 to $9
SashaYuvelir: calls $3
*** FLOP *** [2d Ks 3s]
feilinho: bets $3
SashaYuvelir: calls $3
*** TURN *** [2d Ks 3s] [Kd]
feilinho: checks
SashaYuvelir: checks
*** RIVER *** [2d Ks 3s Kd] [2h]
feilinho: bets $6
SashaYuvelir: folds
Uncalled bet ($6) returned to feilinho
feilinho collected $23.52 from pot
feilinho: doesn't show hand
*** SUMMARY ***
Total pot $24 | Rake $0.48
Board [2d Ks 3s Kd 2h]
Seat 2: SashaYuvelir (button) (small blind) folded on the River
Seat 6: feilinho (big blind) collected ($23.52)


PokerStars Hand #146128939954:  Hold'em Limit ($3/$6 USD) - 2015/12/29 15:02:47 ET
Table 'Una III' 6-max Seat #6 is the button
Seat 2: SashaYuvelir ($31.78 in chips)
Seat 6: feilinho ($182.51 in chips)
feilinho: posts small blind $1
SashaYuvelir: posts big blind $3
*** HOLE CARDS ***
feilinho: raises $3 to $6
SashaYuvelir: calls $3
*** FLOP *** [Td 2d Kd]
SashaYuvelir: checks
feilinho: bets $3
SashaYuvelir: folds
Uncalled bet ($3) returned to feilinho
feilinho collected $11.76 from pot
feilinho: doesn't show hand
*** SUMMARY ***
Total pot $12 | Rake $0.24
Board [Td 2d Kd]
Seat 2: SashaYuvelir (big blind) folded on the Flop
Seat 6: feilinho (button) (small blind) collected ($11.76)


PokerStars Hand #146128983168:  Hold'em Limit ($3/$6 USD) - 2015/12/29 15:03:27 ET
Table 'Una III' 6-max Seat #3 is the button
Seat 3: 7superpoker ($90.23 in chips)
Seat 6: feilinho ($188.27 in chips)
7superpoker: posts small blind $1
feilinho: posts big blind $3
*** HOLE CARDS ***
7superpoker: folds
Uncalled bet ($2) returned to feilinho
SashaYuvelir leaves the table
feilinho collected $2 from pot
feilinho: doesn't show hand
*** SUMMARY ***
Total pot $2 | Rake $0
Seat 3: 7superpoker (button) (small blind) folded before Flop
Seat 6: feilinho (big blind) collected ($2)


