PokerStars Hand #173026399620:  Hold'em Limit ($3/$6 USD) - 2017/07/14 13:47:59 ET
Table 'Underhill' 10-max Seat #10 is the button
Seat 3: AllandAllAA ($258 in chips)
Seat 10: scorpio04 ($150 in chips)
scorpio04: posts small blind $1
AllandAllAA: posts big blind $3
*** HOLE CARDS ***
scorpio04: raises $3 to $6
AllandAllAA: raises $3 to $9
scorpio04: calls $3
*** FLOP *** [2s 9s Td]
AllandAllAA: bets $3
scorpio04: calls $3
*** TURN *** [2s 9s Td] [4c]
AllandAllAA: bets $6
scorpio04: calls $6
*** RIVER *** [2s 9s Td 4c] [Ad]
AllandAllAA: checks
scorpio04: checks
*** SHOW DOWN ***
AllandAllAA: shows [Qc Qh] (a pair of Queens)
scorpio04: mucks hand
AllandAllAA collected $35.50 from pot
*** SUMMARY ***
Total pot $36 | Rake $0.50
Board [2s 9s Td 4c Ad]
Seat 3: AllandAllAA (big blind) showed [Qc Qh] and won ($35.50) with a pair of Queens
Seat 10: scorpio04 (button) (small blind) mucked


PokerStars Hand #173026446120:  Hold'em Limit ($3/$6 USD) - 2017/07/14 13:49:08 ET
Table 'Underhill' 10-max Seat #3 is the button
Seat 3: AllandAllAA ($269.38 in chips)
Seat 10: scorpio04 ($158.64 in chips)
AllandAllAA: posts small blind $1
scorpio04: posts big blind $3
*** HOLE CARDS ***
AllandAllAA: raises $3 to $6
scorpio04: calls $3
*** FLOP *** [6d 7c Ah]
scorpio04: checks
AllandAllAA: bets $3
scorpio04: raises $3 to $6
AllandAllAA: calls $3
*** TURN *** [6d 7c Ah] [2c]
scorpio04: bets $6
AllandAllAA: folds
Uncalled bet ($6) returned to scorpio04
scorpio04 collected $23.52 from pot
scorpio04: doesn't show hand
*** SUMMARY ***
Total pot $24 | Rake $0.48
Board [6d 7c Ah 2c]
Seat 3: AllandAllAA (button) (small blind) folded on the Turn
Seat 10: scorpio04 (big blind) collected ($23.52)


PokerStars Hand #173026421264:  Hold'em Limit ($3/$6 USD) - 2017/07/14 13:48:31 ET
Table 'Underhill' 10-max Seat #3 is the button
Seat 3: AllandAllAA ($275.50 in chips)
Seat 10: scorpio04 ($150 in chips)
AllandAllAA: posts small blind $1
scorpio04: posts big blind $3
*** HOLE CARDS ***
AllandAllAA: calls $2
scorpio04: checks
*** FLOP *** [3d 7s Ac]
scorpio04: checks
AllandAllAA: bets $3
scorpio04: folds
Uncalled bet ($3) returned to AllandAllAA
AllandAllAA collected $5.88 from pot
AllandAllAA: doesn't show hand
*** SUMMARY ***
Total pot $6 | Rake $0.12
Board [3d 7s Ac]
Seat 3: AllandAllAA (button) (small blind) collected ($5.88)
Seat 10: scorpio04 (big blind) folded on the Flop


PokerStars Hand #173026437280:  Hold'em Limit ($3/$6 USD) - 2017/07/14 13:48:55 ET
Table 'Underhill' 10-max Seat #10 is the button
Seat 3: AllandAllAA ($278.38 in chips)
Seat 10: scorpio04 ($150 in chips)
scorpio04: posts small blind $1
AllandAllAA: posts big blind $3
*** HOLE CARDS ***
scorpio04: raises $3 to $6
AllandAllAA: calls $3
*** FLOP *** [4h 3d Jc]
AllandAllAA: checks
scorpio04: bets $3
AllandAllAA: calls $3
*** TURN *** [4h 3d Jc] [Qh]
AllandAllAA: checks
scorpio04: bets $6
AllandAllAA: folds
Uncalled bet ($6) returned to scorpio04
scorpio04 collected $17.64 from pot
scorpio04: doesn't show hand
*** SUMMARY ***
Total pot $18 | Rake $0.36
Board [4h 3d Jc Qh]
Seat 3: AllandAllAA (big blind) folded on the Turn
Seat 10: scorpio04 (button) (small blind) collected ($17.64)


PokerStars Hand #173026456982:  Hold'em Limit ($3/$6 USD) - 2017/07/14 13:49:24 ET
Table 'Underhill' 10-max Seat #10 is the button
Seat 3: AllandAllAA ($257.38 in chips)
Seat 10: scorpio04 ($170.16 in chips)
scorpio04: posts small blind $1
AllandAllAA: posts big blind $3
*** HOLE CARDS ***
scorpio04: raises $3 to $6
AllandAllAA: calls $3
*** FLOP *** [3s Qh As]
AllandAllAA: checks
scorpio04: bets $3
AllandAllAA: folds
Uncalled bet ($3) returned to scorpio04
scorpio04 collected $11.76 from pot
scorpio04: doesn't show hand
*** SUMMARY ***
Total pot $12 | Rake $0.24
Board [3s Qh As]
Seat 3: AllandAllAA (big blind) folded on the Flop
Seat 10: scorpio04 (button) (small blind) collected ($11.76)


PokerStars Hand #173026465971:  Hold'em Limit ($3/$6 USD) - 2017/07/14 13:49:37 ET
Table 'Underhill' 10-max Seat #3 is the button
Seat 3: AllandAllAA ($251.38 in chips)
Seat 10: scorpio04 ($175.92 in chips)
AllandAllAA: posts small blind $1
scorpio04: posts big blind $3
*** HOLE CARDS ***
AllandAllAA: folds
Uncalled bet ($2) returned to scorpio04
scorpio04 collected $2 from pot
scorpio04: doesn't show hand
*** SUMMARY ***
Total pot $2 | Rake $0
Seat 3: AllandAllAA (button) (small blind) folded before Flop
Seat 10: scorpio04 (big blind) collected ($2)


