PokerStars Hand #153692317147:  Hold'em Limit ($3/$6 USD) - 2016/05/22 14:37:22 ET
Table 'Undina' 6-max Seat #2 is the button
Seat 2: ZinZar ($80.64 in chips)
Seat 3: Kikken ($112 in chips)
ZinZar: posts small blind $1
Kikken: posts big blind $3
*** HOLE CARDS ***
ZinZar: raises $3 to $6
Kikken: calls $3
*** FLOP *** [Jc 8h 9c]
Kikken: checks
ZinZar: bets $3
Kikken: raises $3 to $6
ZinZar: folds
Uncalled bet ($3) returned to Kikken
Kikken collected $17.64 from pot
Kikken: doesn't show hand
*** SUMMARY ***
Total pot $18 | Rake $0.36
Board [Jc 8h 9c]
Seat 2: ZinZar (button) (small blind) folded on the Flop
Seat 3: Kikken (big blind) collected ($17.64)


PokerStars Hand #153700026500:  Hold'em Limit ($3/$6 USD) - 2016/05/22 16:45:29 ET
Table 'Undina' 6-max Seat #3 is the button
Seat 3: Df_master ($154.54 in chips)
Seat 6: sienvan ($30 in chips)
Df_master: posts small blind $1
sienvan: posts big blind $3
*** HOLE CARDS ***
Df_master: folds
Uncalled bet ($2) returned to sienvan
sienvan collected $2 from pot
sienvan: doesn't show hand
*** SUMMARY ***
Total pot $2 | Rake $0
Seat 3: Df_master (button) (small blind) folded before Flop
Seat 6: sienvan (big blind) collected ($2)


PokerStars Hand #153700069673:  Hold'em Limit ($3/$6 USD) - 2016/05/22 16:46:13 ET
Table 'Undina' 6-max Seat #3 is the button
Seat 3: Df_master ($124.54 in chips)
Seat 6: sienvan ($59.26 in chips)
Df_master: posts small blind $1
sienvan: posts big blind $3
*** HOLE CARDS ***
Df_master: folds
Uncalled bet ($2) returned to sienvan
sienvan collected $2 from pot
sienvan: doesn't show hand
*** SUMMARY ***
Total pot $2 | Rake $0
Seat 3: Df_master (button) (small blind) folded before Flop
Seat 6: sienvan (big blind) collected ($2)


PokerStars Hand #153700064797:  Hold'em Limit ($3/$6 USD) - 2016/05/22 16:46:08 ET
Table 'Undina' 6-max Seat #6 is the button
Seat 3: Df_master ($123.54 in chips)
Seat 6: sienvan ($60.26 in chips)
sienvan: posts small blind $1
Df_master: posts big blind $3
*** HOLE CARDS ***
sienvan: folds
Uncalled bet ($2) returned to Df_master
Df_master collected $2 from pot
Df_master: doesn't show hand
*** SUMMARY ***
Total pot $2 | Rake $0
Seat 3: Df_master (big blind) collected ($2)
Seat 6: sienvan (button) (small blind) folded before Flop


PokerStars Hand #153700048452:  Hold'em Limit ($3/$6 USD) - 2016/05/22 16:45:51 ET
Table 'Undina' 6-max Seat #3 is the button
Seat 3: Df_master ($147.54 in chips)
Seat 6: sienvan ($36.76 in chips)
Df_master: posts small blind $1
sienvan: posts big blind $3
*** HOLE CARDS ***
Df_master: raises $3 to $6
sienvan: raises $3 to $9
Df_master: calls $3
*** FLOP *** [Ks Kc 4h]
sienvan: bets $3
Df_master: calls $3
*** TURN *** [Ks Kc 4h] [Js]
sienvan: bets $6
Df_master: calls $6
*** RIVER *** [Ks Kc 4h Js] [6h]
sienvan: bets $6
Df_master: calls $6
*** SHOW DOWN ***
sienvan: shows [Jc Jh] (a full house, Jacks full of Kings)
Df_master: mucks hand
sienvan collected $47.50 from pot
*** SUMMARY ***
Total pot $48 | Rake $0.50
Board [Ks Kc 4h Js 6h]
Seat 3: Df_master (button) (small blind) mucked
Seat 6: sienvan (big blind) showed [Jc Jh] and won ($47.50) with a full house, Jacks full of Kings


PokerStars Hand #153700032414:  Hold'em Limit ($3/$6 USD) - 2016/05/22 16:45:35 ET
Table 'Undina' 6-max Seat #6 is the button
Seat 3: Df_master ($153.54 in chips)
Seat 6: sienvan ($31 in chips)
sienvan: posts small blind $1
Df_master: posts big blind $3
*** HOLE CARDS ***
sienvan: raises $3 to $6
Df_master: calls $3
*** FLOP *** [7h Kd 8d]
Df_master: checks
sienvan: bets $3
Df_master: folds
Uncalled bet ($3) returned to sienvan
sienvan collected $11.76 from pot
sienvan: doesn't show hand
*** SUMMARY ***
Total pot $12 | Rake $0.24
Board [7h Kd 8d]
Seat 3: Df_master (big blind) folded on the Flop
Seat 6: sienvan (button) (small blind) collected ($11.76)


PokerStars Hand #153700134066:  Hold'em Limit ($3/$6 USD) - 2016/05/22 16:47:18 ET
Table 'Undina' 6-max Seat #3 is the button
Seat 3: Df_master ($128.92 in chips)
Seat 6: sienvan ($53.76 in chips)
Df_master: posts small blind $1
sienvan: posts big blind $3
*** HOLE CARDS ***
Df_master: raises $3 to $6
sienvan: folds
Uncalled bet ($3) returned to Df_master
Df_master collected $6 from pot
Df_master: doesn't show hand
*** SUMMARY ***
Total pot $6 | Rake $0
Seat 3: Df_master (button) (small blind) collected ($6)
Seat 6: sienvan (big blind) folded before Flop


PokerStars Hand #153700123213:  Hold'em Limit ($3/$6 USD) - 2016/05/22 16:47:07 ET
Table 'Undina' 6-max Seat #6 is the button
Seat 3: Df_master ($126.04 in chips)
Seat 6: sienvan ($56.76 in chips)
sienvan: posts small blind $1
Df_master: posts big blind $3
*** HOLE CARDS ***
sienvan: calls $2
Df_master: checks
*** FLOP *** [4c Jd Kd]
Df_master: checks
sienvan: checks
*** TURN *** [4c Jd Kd] [Jc]
Df_master: bets $6
sienvan: folds
Uncalled bet ($6) returned to Df_master
Df_master collected $5.88 from pot
Df_master: doesn't show hand
*** SUMMARY ***
Total pot $6 | Rake $0.12
Board [4c Jd Kd Jc]
Seat 3: Df_master (big blind) collected ($5.88)
Seat 6: sienvan (button) (small blind) folded on the Turn


PokerStars Hand #153700100297:  Hold'em Limit ($3/$6 USD) - 2016/05/22 16:46:43 ET
Table 'Undina' 6-max Seat #3 is the button
Seat 3: Df_master ($144.04 in chips)
Seat 6: sienvan ($39.26 in chips)
Df_master: posts small blind $1
sienvan: posts big blind $3
*** HOLE CARDS ***
Df_master: raises $3 to $6
sienvan: raises $3 to $9
Df_master: calls $3
*** FLOP *** [3c 9d 8c]
sienvan: bets $3
Df_master: calls $3
*** TURN *** [3c 9d 8c] [Kh]
sienvan: bets $6
Df_master: calls $6
*** RIVER *** [3c 9d 8c Kh] [2h]
sienvan: bets $6
Df_master: folds
Uncalled bet ($6) returned to sienvan
sienvan collected $35.50 from pot
sienvan: doesn't show hand
*** SUMMARY ***
Total pot $36 | Rake $0.50
Board [3c 9d 8c Kh 2h]
Seat 3: Df_master (button) (small blind) folded on the River
Seat 6: sienvan (big blind) collected ($35.50)


PokerStars Hand #153700075243:  Hold'em Limit ($3/$6 USD) - 2016/05/22 16:46:18 ET
Table 'Undina' 6-max Seat #6 is the button
Seat 3: Df_master ($123.54 in chips)
Seat 6: sienvan ($60.26 in chips)
sienvan: posts small blind $1
Df_master: posts big blind $3
*** HOLE CARDS ***
sienvan: raises $3 to $6
Df_master: calls $3
*** FLOP *** [5d Kd 5c]
Df_master: checks
sienvan: bets $3
Df_master: raises $3 to $6
sienvan: raises $3 to $9
Df_master: calls $3
*** TURN *** [5d Kd 5c] [3h]
Df_master: checks
sienvan: bets $6
Df_master: calls $6
*** RIVER *** [5d Kd 5c 3h] [Qh]
Df_master: checks
sienvan: checks
*** SHOW DOWN ***
Df_master: shows [2c 2h] (two pair, Fives and Deuces)
sienvan: mucks hand
Df_master collected $41.50 from pot
*** SUMMARY ***
Total pot $42 | Rake $0.50
Board [5d Kd 5c 3h Qh]
Seat 3: Df_master (big blind) showed [2c 2h] and won ($41.50) with two pair, Fives and Deuces
Seat 6: sienvan (button) (small blind) mucked


PokerStars Hand #153700157296:  Hold'em Limit ($3/$6 USD) - 2016/05/22 16:47:41 ET
Table 'Undina' 6-max Seat #3 is the button
Seat 3: Df_master ($119.92 in chips)
Seat 6: sienvan ($62.28 in chips)
Df_master: posts small blind $1
sienvan: posts big blind $3
*** HOLE CARDS ***
Df_master: folds
Uncalled bet ($2) returned to sienvan
Hi Im Alexey leaves the table
sienvan collected $2 from pot
sienvan: doesn't show hand
*** SUMMARY ***
Total pot $2 | Rake $0
Seat 3: Df_master (button) (small blind) folded before Flop
Seat 6: sienvan (big blind) collected ($2)


PokerStars Hand #153700140588:  Hold'em Limit ($3/$6 USD) - 2016/05/22 16:47:25 ET
Table 'Undina' 6-max Seat #6 is the button
Seat 3: Df_master ($131.92 in chips)
Seat 6: sienvan ($50.76 in chips)
sienvan: posts small blind $1
Df_master: posts big blind $3
*** HOLE CARDS ***
sienvan: raises $3 to $6
Df_master: calls $3
*** FLOP *** [6d Qh 2c]
Df_master: checks
sienvan: checks
*** TURN *** [6d Qh 2c] [Ks]
Df_master: checks
sienvan: bets $6
Df_master: calls $6
*** RIVER *** [6d Qh 2c Ks] [Jd]
Df_master: checks
sienvan: bets $6
Df_master: folds
Uncalled bet ($6) returned to sienvan
sienvan collected $23.52 from pot
sienvan: doesn't show hand
*** SUMMARY ***
Total pot $24 | Rake $0.48
Board [6d Qh 2c Ks Jd]
Seat 3: Df_master (big blind) folded on the River
Seat 6: sienvan (button) (small blind) collected ($23.52)


PokerStars Hand #153700194092:  Hold'em Limit ($3/$6 USD) - 2016/05/22 16:48:18 ET
Table 'Undina' 6-max Seat #6 is the button
Seat 3: Df_master ($123.68 in chips)
Seat 6: sienvan ($58.28 in chips)
sienvan: posts small blind $1
Df_master: posts big blind $3
*** HOLE CARDS ***
sienvan: folds
Uncalled bet ($2) returned to Df_master
Df_master collected $2 from pot
Df_master: doesn't show hand
*** SUMMARY ***
Total pot $2 | Rake $0
Seat 3: Df_master (big blind) collected ($2)
Seat 6: sienvan (button) (small blind) folded before Flop


PokerStars Hand #153700188110:  Hold'em Limit ($3/$6 USD) - 2016/05/22 16:48:12 ET
Table 'Undina' 6-max Seat #3 is the button
Seat 3: Df_master ($124.68 in chips)
Seat 6: sienvan ($57.28 in chips)
Df_master: posts small blind $1
sienvan: posts big blind $3
*** HOLE CARDS ***
Df_master: folds
Uncalled bet ($2) returned to sienvan
sienvan collected $2 from pot
sienvan: doesn't show hand
*** SUMMARY ***
Total pot $2 | Rake $0
Seat 3: Df_master (button) (small blind) folded before Flop
Seat 6: sienvan (big blind) collected ($2)


PokerStars Hand #153700183303:  Hold'em Limit ($3/$6 USD) - 2016/05/22 16:48:07 ET
Table 'Undina' 6-max Seat #6 is the button
Seat 3: Df_master ($123.68 in chips)
Seat 6: sienvan ($58.28 in chips)
sienvan: posts small blind $1
Df_master: posts big blind $3
*** HOLE CARDS ***
sienvan: folds
Uncalled bet ($2) returned to Df_master
Df_master collected $2 from pot
Df_master: doesn't show hand
*** SUMMARY ***
Total pot $2 | Rake $0
Seat 3: Df_master (big blind) collected ($2)
Seat 6: sienvan (button) (small blind) folded before Flop


PokerStars Hand #153700177840:  Hold'em Limit ($3/$6 USD) - 2016/05/22 16:48:02 ET
Table 'Undina' 6-max Seat #3 is the button
Seat 3: Df_master ($124.68 in chips)
Seat 6: sienvan ($57.28 in chips)
Df_master: posts small blind $1
sienvan: posts big blind $3
*** HOLE CARDS ***
Df_master: folds
Uncalled bet ($2) returned to sienvan
sienvan collected $2 from pot
sienvan: doesn't show hand
*** SUMMARY ***
Total pot $2 | Rake $0
Seat 3: Df_master (button) (small blind) folded before Flop
Seat 6: sienvan (big blind) collected ($2)


PokerStars Hand #153700162183:  Hold'em Limit ($3/$6 USD) - 2016/05/22 16:47:46 ET
Table 'Undina' 6-max Seat #6 is the button
Seat 3: Df_master ($118.92 in chips)
Seat 6: sienvan ($63.28 in chips)
sienvan: posts small blind $1
Df_master: posts big blind $3
*** HOLE CARDS ***
sienvan: calls $2
Df_master: raises $3 to $6
sienvan: calls $3
*** FLOP *** [Js 4h Ah]
Df_master: bets $3
sienvan: folds
Uncalled bet ($3) returned to Df_master
Df_master collected $11.76 from pot
Df_master: doesn't show hand
*** SUMMARY ***
Total pot $12 | Rake $0.24
Board [Js 4h Ah]
Seat 3: Df_master (big blind) collected ($11.76)
Seat 6: sienvan (button) (small blind) folded on the Flop


PokerStars Hand #153700271816:  Hold'em Limit ($3/$6 USD) - 2016/05/22 16:49:28 ET
Table 'Undina' 6-max Seat #3 is the button
Seat 3: Df_master ($104.31 in chips)
Seat 6: sienvan ($76.53 in chips)
Df_master: posts small blind $1
sienvan: posts big blind $3
*** HOLE CARDS ***
Df_master: raises $3 to $6
sienvan: folds
Uncalled bet ($3) returned to Df_master
Df_master collected $6 from pot
*** SUMMARY ***
Total pot $6 | Rake $0
Seat 3: Df_master (button) (small blind) collected ($6)
Seat 6: sienvan (big blind) folded before Flop


PokerStars Hand #153700257951:  Hold'em Limit ($3/$6 USD) - 2016/05/22 16:49:14 ET
Table 'Undina' 6-max Seat #6 is the button
Seat 3: Df_master ($101.43 in chips)
Seat 6: sienvan ($79.53 in chips)
sienvan: posts small blind $1
Df_master: posts big blind $3
*** HOLE CARDS ***
sienvan: calls $2
Df_master: checks
*** FLOP *** [9h Ks 3h]
Df_master: checks
sienvan: checks
*** TURN *** [9h Ks 3h] [9c]
Df_master: bets $6
sienvan: folds
Uncalled bet ($6) returned to Df_master
Df_master collected $5.88 from pot
Df_master: doesn't show hand
*** SUMMARY ***
Total pot $6 | Rake $0.12
Board [9h Ks 3h 9c]
Seat 3: Df_master (big blind) collected ($5.88)
Seat 6: sienvan (button) (small blind) folded on the Turn


PokerStars Hand #153700236986:  Hold'em Limit ($3/$6 USD) - 2016/05/22 16:48:53 ET
Table 'Undina' 6-max Seat #3 is the button
Seat 3: Df_master ($125.43 in chips)
Seat 6: sienvan ($56.03 in chips)
Df_master: posts small blind $1
sienvan: posts big blind $3
*** HOLE CARDS ***
Df_master: raises $3 to $6
sienvan: raises $3 to $9
Df_master: calls $3
*** FLOP *** [5s 3s 7s]
sienvan: bets $3
Df_master: calls $3
*** TURN *** [5s 3s 7s] [2h]
sienvan: bets $6
Df_master: calls $6
*** RIVER *** [5s 3s 7s 2h] [5h]
sienvan: bets $6
Df_master: calls $6
*** SHOW DOWN ***
sienvan: shows [Qs Qc] (two pair, Queens and Fives)
Df_master: mucks hand
sienvan collected $47.50 from pot
*** SUMMARY ***
Total pot $48 | Rake $0.50
Board [5s 3s 7s 2h 5h]
Seat 3: Df_master (button) (small blind) mucked
Seat 6: sienvan (big blind) showed [Qs Qc] and won ($47.50) with two pair, Queens and Fives


PokerStars Hand #153700232604:  Hold'em Limit ($3/$6 USD) - 2016/05/22 16:48:49 ET
Table 'Undina' 6-max Seat #6 is the button
Seat 3: Df_master ($124.43 in chips)
Seat 6: sienvan ($57.03 in chips)
sienvan: posts small blind $1
Df_master: posts big blind $3
*** HOLE CARDS ***
sienvan: folds
Uncalled bet ($2) returned to Df_master
Df_master collected $2 from pot
Df_master: doesn't show hand
*** SUMMARY ***
Total pot $2 | Rake $0
Seat 3: Df_master (big blind) collected ($2)
Seat 6: sienvan (button) (small blind) folded before Flop


PokerStars Hand #153700200378:  Hold'em Limit ($3/$6 USD) - 2016/05/22 16:48:24 ET
Table 'Undina' 6-max Seat #3 is the button
Seat 3: Df_master ($124.68 in chips)
Seat 6: sienvan ($57.28 in chips)
Df_master: posts small blind $1
sienvan: posts big blind $3
*** HOLE CARDS ***
Df_master: raises $3 to $6
sienvan: calls $3
*** FLOP *** [9c 5d 6h]
sienvan: checks
Df_master: bets $3
sienvan: calls $3
*** TURN *** [9c 5d 6h] [7h]
sienvan: checks
Df_master: checks
*** RIVER *** [9c 5d 6h 7h] [8c]
sienvan: checks
Df_master: bets $6
sienvan: calls $6
*** SHOW DOWN ***
Df_master: shows [4d 6d] (a straight, Five to Nine)
sienvan: shows [Kc 9s] (a straight, Five to Nine)
sienvan collected $14.75 from pot
Df_master collected $14.75 from pot
*** SUMMARY ***
Total pot $30 | Rake $0.50
Board [9c 5d 6h 7h 8c]
Seat 3: Df_master (button) (small blind) showed [4d 6d] and won ($14.75) with a straight, Five to Nine
Seat 6: sienvan (big blind) showed [Kc 9s] and won ($14.75) with a straight, Five to Nine


PokerStars Hand #153700320373:  Hold'em Limit ($3/$6 USD) - 2016/05/22 16:50:16 ET
Table 'Undina' 6-max Seat #3 is the button
Seat 3: Df_master ($115.83 in chips)
Seat 6: sienvan ($64.53 in chips)
Df_master: posts small blind $1
sienvan: posts big blind $3
*** HOLE CARDS ***
Df_master: raises $3 to $6
sienvan: folds
Uncalled bet ($3) returned to Df_master
Df_master collected $6 from pot
Df_master: doesn't show hand
*** SUMMARY ***
Total pot $6 | Rake $0
Seat 3: Df_master (button) (small blind) collected ($6)
Seat 6: sienvan (big blind) folded before Flop


PokerStars Hand #153700315955:  Hold'em Limit ($3/$6 USD) - 2016/05/22 16:50:12 ET
Table 'Undina' 6-max Seat #6 is the button
Seat 3: Df_master ($114.83 in chips)
Seat 6: sienvan ($65.53 in chips)
sienvan: posts small blind $1
Df_master: posts big blind $3
*** HOLE CARDS ***
sienvan: folds
Uncalled bet ($2) returned to Df_master
Df_master collected $2 from pot
Df_master: doesn't show hand
*** SUMMARY ***
Total pot $2 | Rake $0
Seat 3: Df_master (big blind) collected ($2)
Seat 6: sienvan (button) (small blind) folded before Flop


PokerStars Hand #153700305497:  Hold'em Limit ($3/$6 USD) - 2016/05/22 16:50:01 ET
Table 'Undina' 6-max Seat #3 is the button
Seat 3: Df_master ($109.07 in chips)
Seat 6: sienvan ($71.53 in chips)
Df_master: posts small blind $1
sienvan: posts big blind $3
*** HOLE CARDS ***
Df_master: raises $3 to $6
sienvan: calls $3
*** FLOP *** [Ad As 6h]
sienvan: checks
Df_master: bets $3
sienvan: folds
Uncalled bet ($3) returned to Df_master
Df_master collected $11.76 from pot
*** SUMMARY ***
Total pot $12 | Rake $0.24
Board [Ad As 6h]
Seat 3: Df_master (button) (small blind) collected ($11.76)
Seat 6: sienvan (big blind) folded on the Flop


PokerStars Hand #153700289899:  Hold'em Limit ($3/$6 USD) - 2016/05/22 16:49:46 ET
Table 'Undina' 6-max Seat #6 is the button
Seat 3: Df_master ($103.31 in chips)
Seat 6: sienvan ($77.53 in chips)
sienvan: posts small blind $1
Df_master: posts big blind $3
*** HOLE CARDS ***
sienvan: raises $3 to $6
Df_master: calls $3
*** FLOP *** [7c Jd 5c]
Df_master: checks
sienvan: checks
*** TURN *** [7c Jd 5c] [5s]
Df_master: bets $6
sienvan: folds
Uncalled bet ($6) returned to Df_master
Df_master collected $11.76 from pot
Df_master: doesn't show hand
*** SUMMARY ***
Total pot $12 | Rake $0.24
Board [7c Jd 5c 5s]
Seat 3: Df_master (big blind) collected ($11.76)
Seat 6: sienvan (button) (small blind) folded on the Turn


PokerStars Hand #153700284613:  Hold'em Limit ($3/$6 USD) - 2016/05/22 16:49:41 ET
Table 'Undina' 6-max Seat #3 is the button
Seat 3: Df_master ($104.31 in chips)
Seat 6: sienvan ($76.53 in chips)
Df_master: posts small blind $1
sienvan: posts big blind $3
*** HOLE CARDS ***
Df_master: folds
Uncalled bet ($2) returned to sienvan
sienvan collected $2 from pot
sienvan: doesn't show hand
*** SUMMARY ***
Total pot $2 | Rake $0
Seat 3: Df_master (button) (small blind) folded before Flop
Seat 6: sienvan (big blind) collected ($2)


PokerStars Hand #153700277352:  Hold'em Limit ($3/$6 USD) - 2016/05/22 16:49:33 ET
Table 'Undina' 6-max Seat #6 is the button
Seat 3: Df_master ($107.31 in chips)
Seat 6: sienvan ($73.53 in chips)
sienvan: posts small blind $1
Df_master: posts big blind $3
*** HOLE CARDS ***
sienvan: raises $3 to $6
Df_master: folds
Uncalled bet ($3) returned to sienvan
sienvan collected $6 from pot
sienvan: doesn't show hand
*** SUMMARY ***
Total pot $6 | Rake $0
Seat 3: Df_master (big blind) folded before Flop
Seat 6: sienvan (button) (small blind) collected ($6)


PokerStars Hand #153700347914:  Hold'em Limit ($3/$6 USD) - 2016/05/22 16:50:44 ET
Table 'Undina' 6-max Seat #6 is the button
Seat 3: Df_master ($136.33 in chips)
Seat 6: sienvan ($43.53 in chips)
sienvan: posts small blind $1
Df_master: posts big blind $3
*** HOLE CARDS ***
sienvan: folds
Uncalled bet ($2) returned to Df_master
Df_master collected $2 from pot
Df_master: doesn't show hand
nedo1414 joins the table at seat #5
*** SUMMARY ***
Total pot $2 | Rake $0
Seat 3: Df_master (big blind) collected ($2)
Seat 6: sienvan (button) (small blind) folded before Flop


PokerStars Hand #153700342709:  Hold'em Limit ($3/$6 USD) - 2016/05/22 16:50:39 ET
Table 'Undina' 6-max Seat #3 is the button
Seat 3: Df_master ($133.33 in chips)
Seat 6: sienvan ($46.53 in chips)
Df_master: posts small blind $1
sienvan: posts big blind $3
*** HOLE CARDS ***
Df_master: raises $3 to $6
sienvan: folds
Uncalled bet ($3) returned to Df_master
Df_master collected $6 from pot
Df_master: doesn't show hand
*** SUMMARY ***
Total pot $6 | Rake $0
Seat 3: Df_master (button) (small blind) collected ($6)
Seat 6: sienvan (big blind) folded before Flop


PokerStars Hand #153700327129:  Hold'em Limit ($3/$6 USD) - 2016/05/22 16:50:23 ET
Table 'Undina' 6-max Seat #6 is the button
Seat 3: Df_master ($118.83 in chips)
Seat 6: sienvan ($61.53 in chips)
sienvan: posts small blind $1
Df_master: posts big blind $3
*** HOLE CARDS ***
sienvan: raises $3 to $6
Df_master: calls $3
*** FLOP *** [3h 6d 5s]
Df_master: checks
sienvan: bets $3
Df_master: calls $3
*** TURN *** [3h 6d 5s] [Jd]
Df_master: checks
sienvan: bets $6
Df_master: calls $6
*** RIVER *** [3h 6d 5s Jd] [2h]
Df_master: checks
sienvan: checks
*** SHOW DOWN ***
Df_master: shows [Tc 3c] (a pair of Threes)
sienvan: mucks hand
Df_master collected $29.50 from pot
*** SUMMARY ***
Total pot $30 | Rake $0.50
Board [3h 6d 5s Jd 2h]
Seat 3: Df_master (big blind) showed [Tc 3c] and won ($29.50) with a pair of Threes
Seat 6: sienvan (button) (small blind) mucked


PokerStars Hand #153708623391:  Hold'em Limit ($3/$6 USD) - 2016/05/22 19:54:27 ET
Table 'Undina' 6-max Seat #5 is the button
Seat 4: Florin555330 ($840.07 in chips)
Seat 5: tranduc ($113.14 in chips)
tranduc: posts small blind $1
Actionni13: is sitting out
samurai.ru: is sitting out
Florin555330: posts big blind $3
*** HOLE CARDS ***
Zubasa07 leaves the table
tranduc: folds
Uncalled bet ($2) returned to Florin555330
Florin555330 collected $2 from pot
Florin555330: doesn't show hand
lin1rabbit joins the table at seat #2
*** SUMMARY ***
Total pot $2 | Rake $0
Seat 4: Florin555330 (big blind) collected ($2)
Seat 5: tranduc (button) (small blind) folded before Flop


PokerStars Hand #153708626154:  Hold'em Limit ($3/$6 USD) - 2016/05/22 19:54:32 ET
Table 'Undina' 6-max Seat #4 is the button
Seat 4: Florin555330 ($841.07 in chips)
Seat 5: tranduc ($112.14 in chips)
Florin555330: posts small blind $1
Actionni13 leaves the table
tranduc: posts big blind $3
*** HOLE CARDS ***
Florin555330: folds
Uncalled bet ($2) returned to tranduc
tranduc collected $2 from pot
tranduc: doesn't show hand
*** SUMMARY ***
Total pot $2 | Rake $0
Seat 4: Florin555330 (button) (small blind) folded before Flop
Seat 5: tranduc (big blind) collected ($2)


