PokerStars Hand #160517839249:  Hold'em Limit ($3/$6 USD) - 2016/10/27 16:32:24 ET
Table 'Undina' 6-max Seat #1 is the button
Seat 1: Zubasa07 ($500 in chips)
Seat 2: Ly_lanu ($120 in chips)
Zubasa07: posts small blind $1
Ly_lanu: posts big blind $3
*** HOLE CARDS ***
Zubasa07: raises $3 to $6
Ly_lanu: calls $3
*** FLOP *** [Kh Ad 6d]
Ly_lanu: checks
Zubasa07: checks
*** TURN *** [Kh Ad 6d] [2h]
Ly_lanu: bets $6
Zubasa07: calls $6
*** RIVER *** [Kh Ad 6d 2h] [8h]
Ly_lanu: bets $6
Zubasa07: calls $6
*** SHOW DOWN ***
Ly_lanu: shows [Th 8c] (a pair of Eights)
Zubasa07: mucks hand
Ly_lanu collected $35.50 from pot
*** SUMMARY ***
Total pot $36 | Rake $0.50
Board [Kh Ad 6d 2h 8h]
Seat 1: Zubasa07 (button) (small blind) mucked
Seat 2: Ly_lanu (big blind) showed [Th 8c] and won ($35.50) with a pair of Eights


PokerStars Hand #160517877030:  Hold'em Limit ($3/$6 USD) - 2016/10/27 16:33:03 ET
Table 'Undina' 6-max Seat #2 is the button
Seat 1: Zubasa07 ($482 in chips)
Seat 2: Ly_lanu ($137.50 in chips)
Ly_lanu: posts small blind $1
Zubasa07: posts big blind $3
*** HOLE CARDS ***
Ly_lanu: raises $3 to $6
Zubasa07: calls $3
*** FLOP *** [4s 9c 9s]
Zubasa07: checks
Ly_lanu: bets $3
Zubasa07: folds
Uncalled bet ($3) returned to Ly_lanu
Ly_lanu collected $11.76 from pot
*** SUMMARY ***
Total pot $12 | Rake $0.24
Board [4s 9c 9s]
Seat 1: Zubasa07 (big blind) folded on the Flop
Seat 2: Ly_lanu (button) (small blind) collected ($11.76)


PokerStars Hand #160517893783:  Hold'em Limit ($3/$6 USD) - 2016/10/27 16:33:20 ET
Table 'Undina' 6-max Seat #2 is the button
Seat 1: Zubasa07 ($475 in chips)
Seat 2: Ly_lanu ($144.26 in chips)
Ly_lanu: posts small blind $1
Zubasa07: posts big blind $3
*** HOLE CARDS ***
Ly_lanu: folds
Uncalled bet ($2) returned to Zubasa07
Zubasa07 collected $2 from pot
Zubasa07: doesn't show hand
*** SUMMARY ***
Total pot $2 | Rake $0
Seat 1: Zubasa07 (big blind) collected ($2)
Seat 2: Ly_lanu (button) (small blind) folded before Flop


PokerStars Hand #160517888133:  Hold'em Limit ($3/$6 USD) - 2016/10/27 16:33:15 ET
Table 'Undina' 6-max Seat #1 is the button
Seat 1: Zubasa07 ($476 in chips)
Seat 2: Ly_lanu ($143.26 in chips)
Zubasa07: posts small blind $1
Ly_lanu: posts big blind $3
*** HOLE CARDS ***
Zubasa07: folds
Uncalled bet ($2) returned to Ly_lanu
Ly_lanu collected $2 from pot
*** SUMMARY ***
Total pot $2 | Rake $0
Seat 1: Zubasa07 (button) (small blind) folded before Flop
Seat 2: Ly_lanu (big blind) collected ($2)


PokerStars Hand #160517898746:  Hold'em Limit ($3/$6 USD) - 2016/10/27 16:33:26 ET
Table 'Undina' 6-max Seat #1 is the button
Seat 1: Zubasa07 ($476 in chips)
Seat 2: Ly_lanu ($143.26 in chips)
Zubasa07: posts small blind $1
Ly_lanu: posts big blind $3
*** HOLE CARDS ***
Zubasa07: raises $3 to $6
Ly_lanu: calls $3
*** FLOP *** [8c 5h 9s]
Ly_lanu: checks
Zubasa07: bets $3
Ly_lanu: calls $3
*** TURN *** [8c 5h 9s] [2s]
Ly_lanu: checks
Zubasa07: bets $6
Ly_lanu: calls $6
*** RIVER *** [8c 5h 9s 2s] [3c]
Ly_lanu: checks
Zubasa07: bets $6
Ly_lanu: calls $6
*** SHOW DOWN ***
Zubasa07: shows [9h 6h] (a pair of Nines)
Ly_lanu: mucks hand
Zubasa07 collected $41.50 from pot
*** SUMMARY ***
Total pot $42 | Rake $0.50
Board [8c 5h 9s 2s 3c]
Seat 1: Zubasa07 (button) (small blind) showed [9h 6h] and won ($41.50) with a pair of Nines
Seat 2: Ly_lanu (big blind) mucked


PokerStars Hand #160517936856:  Hold'em Limit ($3/$6 USD) - 2016/10/27 16:34:05 ET
Table 'Undina' 6-max Seat #2 is the button
Seat 1: Zubasa07 ($496.50 in chips)
Seat 2: Ly_lanu ($122.26 in chips)
Ly_lanu: posts small blind $1
Zubasa07: posts big blind $3
*** HOLE CARDS ***
Ly_lanu: raises $3 to $6
Zubasa07: raises $3 to $9
Ly_lanu: calls $3
*** FLOP *** [4c Jc Kh]
Zubasa07: bets $3
Ly_lanu: folds
Uncalled bet ($3) returned to Zubasa07
Zubasa07 collected $17.64 from pot
Zubasa07: doesn't show hand
*** SUMMARY ***
Total pot $18 | Rake $0.36
Board [4c Jc Kh]
Seat 1: Zubasa07 (big blind) collected ($17.64)
Seat 2: Ly_lanu (button) (small blind) folded on the Flop


PokerStars Hand #160517955857:  Hold'em Limit ($3/$6 USD) - 2016/10/27 16:34:25 ET
Table 'Undina' 6-max Seat #1 is the button
Seat 1: Zubasa07 ($505.14 in chips)
Seat 2: Ly_lanu ($113.26 in chips)
Zubasa07: posts small blind $1
Ly_lanu: posts big blind $3
*** HOLE CARDS ***
Zubasa07: raises $3 to $6
Ly_lanu: calls $3
*** FLOP *** [8d 3s 7d]
Ly_lanu: checks
Zubasa07: bets $3
Ly_lanu: calls $3
*** TURN *** [8d 3s 7d] [5c]
Ly_lanu: checks
Zubasa07: bets $6
Ly_lanu: calls $6
*** RIVER *** [8d 3s 7d 5c] [9c]
Ly_lanu: checks
Zubasa07: bets $6
Ly_lanu: folds
Uncalled bet ($6) returned to Zubasa07
Zubasa07 collected $29.50 from pot
Zubasa07: doesn't show hand
*** SUMMARY ***
Total pot $30 | Rake $0.50
Board [8d 3s 7d 5c 9c]
Seat 1: Zubasa07 (button) (small blind) collected ($29.50)
Seat 2: Ly_lanu (big blind) folded on the River


PokerStars Hand #160517981366:  Hold'em Limit ($3/$6 USD) - 2016/10/27 16:34:52 ET
Table 'Undina' 6-max Seat #2 is the button
Seat 1: Zubasa07 ($519.64 in chips)
Seat 2: Ly_lanu ($98.26 in chips)
Ly_lanu: posts small blind $1
Zubasa07: posts big blind $3
*** HOLE CARDS ***
Ly_lanu: raises $3 to $6
Zubasa07: calls $3
*** FLOP *** [Jd 7d Td]
Zubasa07: checks
Ly_lanu: bets $3
19woody58 joins the table at seat #3
vestimokrec joins the table at seat #4
Zubasa07: calls $3
*** TURN *** [Jd 7d Td] [Tc]
Zubasa07: checks
Ly_lanu: bets $6
Zubasa07: calls $6
*** RIVER *** [Jd 7d Td Tc] [Th]
Zubasa07: checks
Ly_lanu: bets $6
Zubasa07: folds
Uncalled bet ($6) returned to Ly_lanu
Ly_lanu collected $29.50 from pot
*** SUMMARY ***
Total pot $30 | Rake $0.50
Board [Jd 7d Td Tc Th]
Seat 1: Zubasa07 (big blind) folded on the River
Seat 2: Ly_lanu (button) (small blind) collected ($29.50)


PokerStars Hand #160518058259:  Hold'em Limit ($3/$6 USD) - 2016/10/27 16:36:12 ET
Table 'Undina' 6-max Seat #1 is the button
Seat 1: Zubasa07 ($504.64 in chips)
Seat 2: Ly_lanu ($112.76 in chips)
Zubasa07: posts small blind $1
Ly_lanu: posts big blind $3
*** HOLE CARDS ***
Zubasa07: raises $3 to $6
Ly_lanu: calls $3
*** FLOP *** [Qd Qs 4c]
Ly_lanu: checks
Zubasa07: bets $3
Ly_lanu: raises $3 to $6
Zubasa07: calls $3
*** TURN *** [Qd Qs 4c] [Ac]
Ly_lanu: bets $6
Zubasa07: calls $6
*** RIVER *** [Qd Qs 4c Ac] [Ah]
Ly_lanu: bets $6
Zubasa07: folds
Uncalled bet ($6) returned to Ly_lanu
Ly_lanu collected $35.50 from pot
*** SUMMARY ***
Total pot $36 | Rake $0.50
Board [Qd Qs 4c Ac Ah]
Seat 1: Zubasa07 (button) (small blind) folded on the River
Seat 2: Ly_lanu (big blind) collected ($35.50)


PokerStars Hand #160522638724:  Hold'em Limit ($3/$6 USD) - 2016/10/27 18:01:22 ET
Table 'Undina' 6-max Seat #2 is the button
Seat 2: Chessnok ($156.10 in chips)
Seat 6: Dok2920 ($22.80 in chips)
Chessnok: posts small blind $1
Dok2920: posts big blind $3
*** HOLE CARDS ***
Dok2920 said, "looooooool"
Chessnok: folds
Uncalled bet ($2) returned to Dok2920
Dok2920 collected $2 from pot
*** SUMMARY ***
Total pot $2 | Rake $0
Seat 2: Chessnok (button) (small blind) folded before Flop
Seat 6: Dok2920 (big blind) collected ($2)


PokerStars Hand #160522641900:  Hold'em Limit ($3/$6 USD) - 2016/10/27 18:01:26 ET
Table 'Undina' 6-max Seat #6 is the button
Seat 2: Chessnok ($155.10 in chips)
Seat 6: Dok2920 ($23.80 in chips)
Dok2920: posts small blind $1
Chessnok: posts big blind $3
*** HOLE CARDS ***
Dok2920: raises $3 to $6
Chessnok: calls $3
*** FLOP *** [4d Qc 5c]
Chessnok: checks
Dok2920: bets $3
Chessnok: calls $3
*** TURN *** [4d Qc 5c] [Qd]
Chessnok: checks
Dok2920: bets $6
Chessnok: calls $6
*** RIVER *** [4d Qc 5c Qd] [Jh]
Chessnok: checks
Dok2920: bets $6
Chessnok: calls $6
*** SHOW DOWN ***
Dok2920: shows [9h Qs] (three of a kind, Queens)
Chessnok: mucks hand
Dok2920 collected $41.50 from pot
*** SUMMARY ***
Total pot $42 | Rake $0.50
Board [4d Qc 5c Qd Jh]
Seat 2: Chessnok (big blind) mucked
Seat 6: Dok2920 (button) (small blind) showed [9h Qs] and won ($41.50) with three of a kind, Queens


PokerStars Hand #160522654575:  Hold'em Limit ($3/$6 USD) - 2016/10/27 18:01:43 ET
Table 'Undina' 6-max Seat #2 is the button
Seat 2: Chessnok ($134.10 in chips)
Seat 6: Dok2920 ($44.30 in chips)
Chessnok: posts small blind $1
Dok2920: posts big blind $3
*** HOLE CARDS ***
Chessnok: folds
Uncalled bet ($2) returned to Dok2920
Dok2920 collected $2 from pot
*** SUMMARY ***
Total pot $2 | Rake $0
Seat 2: Chessnok (button) (small blind) folded before Flop
Seat 6: Dok2920 (big blind) collected ($2)


PokerStars Hand #160522674492:  Hold'em Limit ($3/$6 USD) - 2016/10/27 18:02:08 ET
Table 'Undina' 6-max Seat #6 is the button
Seat 2: Chessnok ($147.62 in chips)
Seat 6: Dok2920 ($30.30 in chips)
Dok2920: posts small blind $1
Chessnok: posts big blind $3
*** HOLE CARDS ***
Dok2920: raises $3 to $6
Chessnok: raises $3 to $9
Dok2920: raises $3 to $12
Betting is capped
Chessnok: calls $3
*** FLOP *** [7c Jh 2h]
Chessnok: checks
Dok2920: bets $3
Chessnok: calls $3
*** TURN *** [7c Jh 2h] [4d]
Chessnok: checks
Dok2920: bets $6
Chessnok: calls $6
*** RIVER *** [7c Jh 2h 4d] [9s]
Chessnok: checks
Dok2920: bets $6
Chessnok: calls $6
*** SHOW DOWN ***
Dok2920: shows [As Qc] (high card Ace)
Chessnok: shows [Kd Ad] (high card Ace - King kicker)
Chessnok collected $53.50 from pot
*** SUMMARY ***
Total pot $54 | Rake $0.50
Board [7c Jh 2h 4d 9s]
Seat 2: Chessnok (big blind) showed [Kd Ad] and won ($53.50) with high card Ace
Seat 6: Dok2920 (button) (small blind) showed [As Qc] and lost with high card Ace


PokerStars Hand #160522670845:  Hold'em Limit ($3/$6 USD) - 2016/10/27 18:02:03 ET
Table 'Undina' 6-max Seat #2 is the button
Seat 2: Chessnok ($144.62 in chips)
Seat 6: Dok2920 ($33.30 in chips)
Chessnok: posts small blind $1
Dok2920: posts big blind $3
*** HOLE CARDS ***
Chessnok: raises $3 to $6
Dok2920: folds
Uncalled bet ($3) returned to Chessnok
Chessnok collected $6 from pot
Chessnok: doesn't show hand
*** SUMMARY ***
Total pot $6 | Rake $0
Seat 2: Chessnok (button) (small blind) collected ($6)
Seat 6: Dok2920 (big blind) folded before Flop


PokerStars Hand #160522659072:  Hold'em Limit ($3/$6 USD) - 2016/10/27 18:01:48 ET
Table 'Undina' 6-max Seat #6 is the button
Seat 2: Chessnok ($133.10 in chips)
Seat 6: Dok2920 ($45.30 in chips)
Dok2920: posts small blind $1
Chessnok: posts big blind $3
*** HOLE CARDS ***
Dok2920: raises $3 to $6
Chessnok: raises $3 to $9
Dok2920: calls $3
*** FLOP *** [5s 2h 7s]
Chessnok: bets $3
Dok2920: calls $3
*** TURN *** [5s 2h 7s] [8h]
Chessnok: checks
Dok2920: checks
*** RIVER *** [5s 2h 7s 8h] [7c]
Chessnok: checks
Dok2920: checks
*** SHOW DOWN ***
Chessnok: shows [Qh Jc] (a pair of Sevens)
Dok2920: mucks hand
Chessnok collected $23.52 from pot
*** SUMMARY ***
Total pot $24 | Rake $0.48
Board [5s 2h 7s 8h 7c]
Seat 2: Chessnok (big blind) showed [Qh Jc] and won ($23.52) with a pair of Sevens
Seat 6: Dok2920 (button) (small blind) mucked


PokerStars Hand #160522695793:  Hold'em Limit ($3/$6 USD) - 2016/10/27 18:02:36 ET
Table 'Undina' 6-max Seat #2 is the button
Seat 2: Chessnok ($174.12 in chips)
Seat 6: Dok2920 ($3.30 in chips)
Chessnok: posts small blind $1
Dok2920: posts big blind $3
*** HOLE CARDS ***
Dok2920 said, "loooooooooool"
Chessnok: raises $3 to $6
Dok2920: calls $0.30 and is all-in
Uncalled bet ($2.70) returned to Chessnok
*** FLOP *** [5s 4h Qs]
*** TURN *** [5s 4h Qs] [7c]
*** RIVER *** [5s 4h Qs 7c] [Ah]
*** SHOW DOWN ***
Dok2920: shows [5d Kc] (a pair of Fives)
Chessnok: shows [9h 3h] (high card Ace)
Dok2920 collected $6.47 from pot
*** SUMMARY ***
Total pot $6.60 | Rake $0.13
Board [5s 4h Qs 7c Ah]
Seat 2: Chessnok (button) (small blind) showed [9h 3h] and lost with high card Ace
Seat 6: Dok2920 (big blind) showed [5d Kc] and won ($6.47) with a pair of Fives


PokerStars Hand #160522706485:  Hold'em Limit ($3/$6 USD) - 2016/10/27 18:02:49 ET
Table 'Undina' 6-max Seat #6 is the button
Seat 2: Chessnok ($170.82 in chips)
Seat 6: Dok2920 ($6.47 in chips)
Dok2920: posts small blind $1
Chessnok: posts big blind $3
*** HOLE CARDS ***
Dok2920: raises $3 to $6
Chessnok: calls $3
*** FLOP *** [3d 7c 3h]
Chessnok: checks
Dok2920: bets $0.47 and is all-in
Chessnok: calls $0.47
*** TURN *** [3d 7c 3h] [2c]
Dok2920 said, "looooooooooooooool"
*** RIVER *** [3d 7c 3h 2c] [5s]
*** SHOW DOWN ***
Chessnok: shows [8h 7s] (two pair, Sevens and Threes)
Dok2920: shows [Ac Ts] (a pair of Threes)
Chessnok collected $12.68 from pot
*** SUMMARY ***
Total pot $12.94 | Rake $0.26
Board [3d 7c 3h 2c 5s]
Seat 2: Chessnok (big blind) showed [8h 7s] and won ($12.68) with two pair, Sevens and Threes
Seat 6: Dok2920 (button) (small blind) showed [Ac Ts] and lost with a pair of Threes


