PokerStars Hand #157968701605:  Hold'em Limit ($3/$6 USD) - 2016/08/31 6:53:38 ET
Table 'Undina II' 6-max Seat #2 is the button
Seat 2: hairy1961 ($60 in chips)
Seat 4: VolkovDmitri ($120 in chips)
hairy1961: posts small blind $1
VolkovDmitri: posts big blind $3
*** HOLE CARDS ***
hairy1961: folds
Uncalled bet ($2) returned to VolkovDmitri
VolkovDmitri collected $2 from pot
VolkovDmitri: doesn't show hand
*** SUMMARY ***
Total pot $2 | Rake $0
Seat 2: hairy1961 (button) (small blind) folded before Flop
Seat 4: VolkovDmitri (big blind) collected ($2)


PokerStars Hand #157968717783:  Hold'em Limit ($3/$6 USD) - 2016/08/31 6:54:18 ET
Table 'Undina II' 6-max Seat #2 is the button
Seat 2: hairy1961 ($82.50 in chips)
Seat 4: VolkovDmitri ($120 in chips)
hairy1961: posts small blind $1
VolkovDmitri: posts big blind $3
*** HOLE CARDS ***
hairy1961: folds
Uncalled bet ($2) returned to VolkovDmitri
VolkovDmitri collected $2 from pot
VolkovDmitri: doesn't show hand
*** SUMMARY ***
Total pot $2 | Rake $0
Seat 2: hairy1961 (button) (small blind) folded before Flop
Seat 4: VolkovDmitri (big blind) collected ($2)


PokerStars Hand #157968706042:  Hold'em Limit ($3/$6 USD) - 2016/08/31 6:53:49 ET
Table 'Undina II' 6-max Seat #4 is the button
Seat 2: hairy1961 ($59 in chips)
Seat 4: VolkovDmitri ($121 in chips)
VolkovDmitri: posts small blind $1
hairy1961: posts big blind $3
*** HOLE CARDS ***
VolkovDmitri: raises $3 to $6
hairy1961: calls $3
*** FLOP *** [Qh 9s Qs]
hairy1961: checks
VolkovDmitri: bets $3
hairy1961: raises $3 to $6
VolkovDmitri: calls $3
*** TURN *** [Qh 9s Qs] [Tc]
hairy1961: bets $6
VolkovDmitri: calls $6
*** RIVER *** [Qh 9s Qs Tc] [2d]
hairy1961: bets $6
VolkovDmitri: calls $6
*** SHOW DOWN ***
hairy1961: shows [Jh 8d] (a straight, Eight to Queen)
VolkovDmitri: mucks hand
hairy1961 collected $47.50 from pot
*** SUMMARY ***
Total pot $48 | Rake $0.50
Board [Qh 9s Qs Tc 2d]
Seat 2: hairy1961 (big blind) showed [Jh 8d] and won ($47.50) with a straight, Eight to Queen
Seat 4: VolkovDmitri (button) (small blind) mucked


PokerStars Hand #157968740646:  Hold'em Limit ($3/$6 USD) - 2016/08/31 6:55:15 ET
Table 'Undina II' 6-max Seat #2 is the button
Seat 2: hairy1961 ($111 in chips)
Seat 4: VolkovDmitri ($120 in chips)
hairy1961: posts small blind $1
VolkovDmitri: posts big blind $3
*** HOLE CARDS ***
hairy1961: raises $3 to $6
VolkovDmitri: calls $3
*** FLOP *** [4c 7d Jc]
VolkovDmitri: checks
hairy1961: bets $3
VolkovDmitri: folds
Uncalled bet ($3) returned to hairy1961
hairy1961 collected $11.76 from pot
hairy1961: doesn't show hand
*** SUMMARY ***
Total pot $12 | Rake $0.24
Board [4c 7d Jc]
Seat 2: hairy1961 (button) (small blind) collected ($11.76)
Seat 4: VolkovDmitri (big blind) folded on the Flop


PokerStars Hand #157968720052:  Hold'em Limit ($3/$6 USD) - 2016/08/31 6:54:23 ET
Table 'Undina II' 6-max Seat #4 is the button
Seat 2: hairy1961 ($81.50 in chips)
Seat 4: VolkovDmitri ($121 in chips)
VolkovDmitri: posts small blind $1
hairy1961: posts big blind $3
*** HOLE CARDS ***
VolkovDmitri: raises $3 to $6
hairy1961: raises $3 to $9
VolkovDmitri: calls $3
*** FLOP *** [4c 9d 5c]
zizonmusang joins the table at seat #6
hairy1961: bets $3
VolkovDmitri: raises $3 to $6
hairy1961: raises $3 to $9
VolkovDmitri: calls $3
*** TURN *** [4c 9d 5c] [2d]
hairy1961: bets $6
VolkovDmitri: calls $6
*** RIVER *** [4c 9d 5c 2d] [Qc]
hairy1961: bets $6
VolkovDmitri: calls $6
*** SHOW DOWN ***
hairy1961: shows [Jd Js] (a pair of Jacks)
VolkovDmitri: mucks hand
hairy1961 collected $59.50 from pot
*** SUMMARY ***
Total pot $60 | Rake $0.50
Board [4c 9d 5c 2d Qc]
Seat 2: hairy1961 (big blind) showed [Jd Js] and won ($59.50) with a pair of Jacks
Seat 4: VolkovDmitri (button) (small blind) mucked


