PokerStars Hand #144241957846:  Hold'em Limit ($3/$6 USD) - 2015/11/22 19:10:40 ET
Table 'Undina' 2-max Seat #2 is the button
Seat 1: Velbor107 ($300 in chips)
Seat 2: c8888d ($42 in chips)
c8888d: posts small blind $1
Velbor107: posts big blind $3
*** HOLE CARDS ***
c8888d: raises $3 to $6
Velbor107: calls $3
*** FLOP *** [9d Kh 6d]
Velbor107: checks
c8888d: bets $3
Velbor107: raises $3 to $6
c8888d: calls $3
*** TURN *** [9d Kh 6d] [3d]
Velbor107: bets $6
c8888d: calls $6
*** RIVER *** [9d Kh 6d 3d] [2c]
Velbor107: bets $6
c8888d: calls $6
*** SHOW DOWN ***
Velbor107: shows [9c 6c] (two pair, Nines and Sixes)
c8888d: mucks hand
Velbor107 collected $47.50 from pot
*** SUMMARY ***
Total pot $48 | Rake $0.50
Board [9d Kh 6d 3d 2c]
Seat 1: Velbor107 (big blind) showed [9c 6c] and won ($47.50) with two pair, Nines and Sixes
Seat 2: c8888d (button) (small blind) mucked


PokerStars Hand #144242015462:  Hold'em Limit ($3/$6 USD) - 2015/11/22 19:12:10 ET
Table 'Undina' 2-max Seat #1 is the button
Seat 1: Velbor107 ($311.50 in chips)
Seat 2: c8888d ($29.50 in chips)
Velbor107: posts small blind $1
c8888d: posts big blind $3
*** HOLE CARDS ***
Velbor107: folds
Uncalled bet ($2) returned to c8888d
c8888d collected $2 from pot
*** SUMMARY ***
Total pot $2 | Rake $0
Seat 1: Velbor107 (button) (small blind) folded before Flop
Seat 2: c8888d (big blind) collected ($2)


PokerStars Hand #144241999086:  Hold'em Limit ($3/$6 USD) - 2015/11/22 19:11:44 ET
Table 'Undina' 2-max Seat #2 is the button
Seat 1: Velbor107 ($326.50 in chips)
Seat 2: c8888d ($15 in chips)
c8888d: posts small blind $1
Velbor107: posts big blind $3
*** HOLE CARDS ***
c8888d: raises $3 to $6
Velbor107: raises $3 to $9
c8888d: raises $3 to $12
Betting is capped
Velbor107: calls $3
*** FLOP *** [4h 3h 8c]
Velbor107: bets $3
c8888d: calls $3 and is all-in
*** TURN *** [4h 3h 8c] [5d]
*** RIVER *** [4h 3h 8c 5d] [3d]
*** SHOW DOWN ***
Velbor107: shows [7d Ad] (a pair of Threes)
c8888d: shows [Js Jd] (two pair, Jacks and Threes)
c8888d collected $29.50 from pot
*** SUMMARY ***
Total pot $30 | Rake $0.50
Board [4h 3h 8c 5d 3d]
Seat 1: Velbor107 (big blind) showed [7d Ad] and lost with a pair of Threes
Seat 2: c8888d (button) (small blind) showed [Js Jd] and won ($29.50) with two pair, Jacks and Threes


PokerStars Hand #144241990372:  Hold'em Limit ($3/$6 USD) - 2015/11/22 19:11:30 ET
Table 'Undina' 2-max Seat #1 is the button
Seat 1: Velbor107 ($323.50 in chips)
Seat 2: c8888d ($18 in chips)
Velbor107: posts small blind $1
c8888d: posts big blind $3
*** HOLE CARDS ***
Velbor107: raises $3 to $6
c8888d: folds
Uncalled bet ($3) returned to Velbor107
Velbor107 collected $6 from pot
*** SUMMARY ***
Total pot $6 | Rake $0
Seat 1: Velbor107 (button) (small blind) collected ($6)
Seat 2: c8888d (big blind) folded before Flop


PokerStars Hand #144242055768:  Hold'em Limit ($3/$6 USD) - 2015/11/22 19:13:13 ET
Table 'Undina' 2-max Seat #2 is the button
Seat 1: Velbor107 ($312.50 in chips)
Seat 2: c8888d ($27.50 in chips)
c8888d: posts small blind $1
Velbor107: posts big blind $3
*** HOLE CARDS ***
c8888d: calls $2
Velbor107: raises $3 to $6
c8888d: calls $3
*** FLOP *** [3s Jd Qc]
Velbor107: bets $3
c8888d: folds
Uncalled bet ($3) returned to Velbor107
Velbor107 collected $11.76 from pot
*** SUMMARY ***
Total pot $12 | Rake $0.24
Board [3s Jd Qc]
Seat 1: Velbor107 (big blind) collected ($11.76)
Seat 2: c8888d (button) (small blind) folded on the Flop


PokerStars Hand #144242036221:  Hold'em Limit ($3/$6 USD) - 2015/11/22 19:12:43 ET
Table 'Undina' 2-max Seat #1 is the button
Seat 1: Velbor107 ($280 in chips)
Seat 2: c8888d ($60.50 in chips)
Velbor107: posts small blind $1
c8888d: posts big blind $3
*** HOLE CARDS ***
Velbor107: raises $3 to $6
c8888d: calls $3
*** FLOP *** [6d 9c 3s]
c8888d: bets $3
Velbor107: calls $3
*** TURN *** [6d 9c 3s] [4c]
c8888d: bets $6
Velbor107: raises $6 to $12
c8888d: raises $6 to $18
Velbor107: calls $6
*** RIVER *** [6d 9c 3s 4c] [6c]
c8888d: bets $6
Velbor107: calls $6
*** SHOW DOWN ***
c8888d: shows [9d 4s] (two pair, Nines and Sixes)
Velbor107: shows [Kh Kd] (two pair, Kings and Sixes)
Velbor107 collected $65.50 from pot
*** SUMMARY ***
Total pot $66 | Rake $0.50
Board [6d 9c 3s 4c 6c]
Seat 1: Velbor107 (button) (small blind) showed [Kh Kd] and won ($65.50) with two pair, Kings and Sixes
Seat 2: c8888d (big blind) showed [9d 4s] and lost with two pair, Nines and Sixes


PokerStars Hand #144242018952:  Hold'em Limit ($3/$6 USD) - 2015/11/22 19:12:15 ET
Table 'Undina' 2-max Seat #2 is the button
Seat 1: Velbor107 ($310.50 in chips)
Seat 2: c8888d ($30.50 in chips)
c8888d: posts small blind $1
Velbor107: posts big blind $3
*** HOLE CARDS ***
c8888d: calls $2
Velbor107: raises $3 to $6
c8888d: calls $3
*** FLOP *** [Tc 2s 8c]
Velbor107: bets $3
c8888d: raises $3 to $6
Velbor107: raises $3 to $9
c8888d: raises $3 to $12
Betting is capped
Velbor107: calls $3
*** TURN *** [Tc 2s 8c] [5s]
Velbor107: bets $6
c8888d: raises $6 to $12
Velbor107: raises $6 to $18
c8888d: calls $0.50 and is all-in
Uncalled bet ($5.50) returned to Velbor107
*** RIVER *** [Tc 2s 8c 5s] [7s]
*** SHOW DOWN ***
Velbor107: shows [Th Qd] (a pair of Tens)
c8888d: shows [Td 8d] (two pair, Tens and Eights)
c8888d collected $60.50 from pot
*** SUMMARY ***
Total pot $61 | Rake $0.50
Board [Tc 2s 8c 5s 7s]
Seat 1: Velbor107 (big blind) showed [Th Qd] and lost with a pair of Tens
Seat 2: c8888d (button) (small blind) showed [Td 8d] and won ($60.50) with two pair, Tens and Eights


PokerStars Hand #144242084221:  Hold'em Limit ($3/$6 USD) - 2015/11/22 19:13:58 ET
Table 'Undina' 2-max Seat #1 is the button
Seat 1: Velbor107 ($325.02 in chips)
Seat 2: c8888d ($14.50 in chips)
Velbor107: posts small blind $1
c8888d: posts big blind $3
*** HOLE CARDS ***
Velbor107: folds
Uncalled bet ($2) returned to c8888d
c8888d collected $2 from pot
*** SUMMARY ***
Total pot $2 | Rake $0
Seat 1: Velbor107 (button) (small blind) folded before Flop
Seat 2: c8888d (big blind) collected ($2)


PokerStars Hand #144242080811:  Hold'em Limit ($3/$6 USD) - 2015/11/22 19:13:52 ET
Table 'Undina' 2-max Seat #2 is the button
Seat 1: Velbor107 ($324.02 in chips)
Seat 2: c8888d ($15.50 in chips)
c8888d: posts small blind $1
Velbor107: posts big blind $3
*** HOLE CARDS ***
c8888d: folds
Uncalled bet ($2) returned to Velbor107
Velbor107 collected $2 from pot
*** SUMMARY ***
Total pot $2 | Rake $0
Seat 1: Velbor107 (big blind) collected ($2)
Seat 2: c8888d (button) (small blind) folded before Flop


PokerStars Hand #144242077682:  Hold'em Limit ($3/$6 USD) - 2015/11/22 19:13:47 ET
Table 'Undina' 2-max Seat #1 is the button
Seat 1: Velbor107 ($325.02 in chips)
Seat 2: c8888d ($14.50 in chips)
Velbor107: posts small blind $1
c8888d: posts big blind $3
*** HOLE CARDS ***
Velbor107: folds
Uncalled bet ($2) returned to c8888d
c8888d collected $2 from pot
*** SUMMARY ***
Total pot $2 | Rake $0
Seat 1: Velbor107 (button) (small blind) folded before Flop
Seat 2: c8888d (big blind) collected ($2)


PokerStars Hand #144242073488:  Hold'em Limit ($3/$6 USD) - 2015/11/22 19:13:41 ET
Table 'Undina' 2-max Seat #2 is the button
Seat 1: Velbor107 ($324.02 in chips)
Seat 2: c8888d ($15.50 in chips)
c8888d: posts small blind $1
Velbor107: posts big blind $3
*** HOLE CARDS ***
c8888d: folds
Uncalled bet ($2) returned to Velbor107
Velbor107 collected $2 from pot
*** SUMMARY ***
Total pot $2 | Rake $0
Seat 1: Velbor107 (big blind) collected ($2)
Seat 2: c8888d (button) (small blind) folded before Flop


PokerStars Hand #144242064818:  Hold'em Limit ($3/$6 USD) - 2015/11/22 19:13:28 ET
Table 'Undina' 2-max Seat #1 is the button
Seat 1: Velbor107 ($318.26 in chips)
Seat 2: c8888d ($21.50 in chips)
Velbor107: posts small blind $1
c8888d: posts big blind $3
*** HOLE CARDS ***
Velbor107: raises $3 to $6
c8888d: calls $3
*** FLOP *** [Qs Qc 2c]
c8888d: checks
Velbor107: bets $3
c8888d: folds
Uncalled bet ($3) returned to Velbor107
Velbor107 collected $11.76 from pot
*** SUMMARY ***
Total pot $12 | Rake $0.24
Board [Qs Qc 2c]
Seat 1: Velbor107 (button) (small blind) collected ($11.76)
Seat 2: c8888d (big blind) folded on the Flop


PokerStars Hand #144242127794:  Hold'em Limit ($3/$6 USD) - 2015/11/22 19:15:07 ET
Table 'Undina' 2-max Seat #1 is the button
Seat 1: Velbor107 ($279.02 in chips)
Seat 2: c8888d ($59.50 in chips)
Velbor107: posts small blind $1
c8888d: posts big blind $3
*** HOLE CARDS ***
Velbor107: raises $3 to $6
c8888d: calls $3
*** FLOP *** [5s Jc 8h]
c8888d: checks
Velbor107: bets $3
c8888d: folds
Uncalled bet ($3) returned to Velbor107
Velbor107 collected $11.76 from pot
*** SUMMARY ***
Total pot $12 | Rake $0.24
Board [5s Jc 8h]
Seat 1: Velbor107 (button) (small blind) collected ($11.76)
Seat 2: c8888d (big blind) folded on the Flop


PokerStars Hand #144242124242:  Hold'em Limit ($3/$6 USD) - 2015/11/22 19:15:01 ET
Table 'Undina' 2-max Seat #2 is the button
Seat 1: Velbor107 ($278.02 in chips)
Seat 2: c8888d ($60.50 in chips)
c8888d: posts small blind $1
Velbor107: posts big blind $3
*** HOLE CARDS ***
c8888d: folds
Uncalled bet ($2) returned to Velbor107
Velbor107 collected $2 from pot
*** SUMMARY ***
Total pot $2 | Rake $0
Seat 1: Velbor107 (big blind) collected ($2)
Seat 2: c8888d (button) (small blind) folded before Flop


PokerStars Hand #144242109490:  Hold'em Limit ($3/$6 USD) - 2015/11/22 19:14:38 ET
Table 'Undina' 2-max Seat #1 is the button
Seat 1: Velbor107 ($308.52 in chips)
Seat 2: c8888d ($30.50 in chips)
Velbor107: posts small blind $1
c8888d: posts big blind $3
*** HOLE CARDS ***
Velbor107: raises $3 to $6
c8888d: calls $3
*** FLOP *** [8d Kc 8h]
c8888d: bets $3
Velbor107: calls $3
*** TURN *** [8d Kc 8h] [Jd]
c8888d: bets $6
Velbor107: raises $6 to $12
c8888d: raises $6 to $18
Velbor107: raises $6 to $24
Betting is capped
c8888d: calls $3.50 and is all-in
Uncalled bet ($2.50) returned to Velbor107
*** RIVER *** [8d Kc 8h Jd] [9h]
*** SHOW DOWN ***
c8888d: shows [8c 4s] (three of a kind, Eights)
Velbor107: shows [Qd Kd] (two pair, Kings and Eights)
c8888d collected $60.50 from pot
*** SUMMARY ***
Total pot $61 | Rake $0.50
Board [8d Kc 8h Jd 9h]
Seat 1: Velbor107 (button) (small blind) showed [Qd Kd] and lost with two pair, Kings and Eights
Seat 2: c8888d (big blind) showed [8c 4s] and won ($60.50) with three of a kind, Eights


PokerStars Hand #144242093238:  Hold'em Limit ($3/$6 USD) - 2015/11/22 19:14:12 ET
Table 'Undina' 2-max Seat #2 is the button
Seat 1: Velbor107 ($324.02 in chips)
Seat 2: c8888d ($15.50 in chips)
c8888d: posts small blind $1
Velbor107: posts big blind $3
*** HOLE CARDS ***
c8888d: calls $2
Velbor107: checks
*** FLOP *** [6d 4d Th]
Velbor107: bets $3
c8888d: calls $3
*** TURN *** [6d 4d Th] [7h]
Velbor107: bets $6
c8888d: calls $6
*** RIVER *** [6d 4d Th 7h] [Kd]
Velbor107: bets $6
c8888d: calls $3.50 and is all-in
Uncalled bet ($2.50) returned to Velbor107
*** SHOW DOWN ***
Velbor107: shows [Jc 6s] (a pair of Sixes)
c8888d: shows [8h Td] (a pair of Tens)
c8888d collected $30.50 from pot
*** SUMMARY ***
Total pot $31 | Rake $0.50
Board [6d 4d Th 7h Kd]
Seat 1: Velbor107 (big blind) showed [Jc 6s] and lost with a pair of Sixes
Seat 2: c8888d (button) (small blind) showed [8h Td] and won ($30.50) with a pair of Tens


PokerStars Hand #144242170439:  Hold'em Limit ($3/$6 USD) - 2015/11/22 19:16:14 ET
Table 'Undina' 2-max Seat #2 is the button
Seat 1: Velbor107 ($271.78 in chips)
Seat 2: c8888d ($66.02 in chips)
c8888d: posts small blind $1
Velbor107: posts big blind $3
*** HOLE CARDS ***
c8888d: calls $2
Velbor107: checks
*** FLOP *** [Td 8h 6c]
Velbor107: checks
c8888d: bets $3
Velbor107: folds
Uncalled bet ($3) returned to c8888d
c8888d collected $5.88 from pot
*** SUMMARY ***
Total pot $6 | Rake $0.12
Board [Td 8h 6c]
Seat 1: Velbor107 (big blind) folded on the Flop
Seat 2: c8888d (button) (small blind) collected ($5.88)


PokerStars Hand #144242162896:  Hold'em Limit ($3/$6 USD) - 2015/11/22 19:16:02 ET
Table 'Undina' 2-max Seat #1 is the button
Seat 1: Velbor107 ($274.78 in chips)
Seat 2: c8888d ($63.14 in chips)
Velbor107: posts small blind $1
c8888d: posts big blind $3
*** HOLE CARDS ***
Velbor107: calls $2
c8888d: checks
*** FLOP *** [Qh 9h 8s]
c8888d: bets $3
Velbor107: folds
Uncalled bet ($3) returned to c8888d
c8888d collected $5.88 from pot
*** SUMMARY ***
Total pot $6 | Rake $0.12
Board [Qh 9h 8s]
Seat 1: Velbor107 (button) (small blind) folded on the Flop
Seat 2: c8888d (big blind) collected ($5.88)


PokerStars Hand #144242153594:  Hold'em Limit ($3/$6 USD) - 2015/11/22 19:15:47 ET
Table 'Undina' 2-max Seat #2 is the button
Seat 1: Velbor107 ($277.78 in chips)
Seat 2: c8888d ($60.26 in chips)
c8888d: posts small blind $1
Velbor107: posts big blind $3
*** HOLE CARDS ***
c8888d: calls $2
Velbor107: checks
*** FLOP *** [8d 9d 4c]
Velbor107: checks
c8888d: bets $3
Velbor107: folds
Uncalled bet ($3) returned to c8888d
c8888d collected $5.88 from pot
*** SUMMARY ***
Total pot $6 | Rake $0.12
Board [8d 9d 4c]
Seat 1: Velbor107 (big blind) folded on the Flop
Seat 2: c8888d (button) (small blind) collected ($5.88)


PokerStars Hand #144242149061:  Hold'em Limit ($3/$6 USD) - 2015/11/22 19:15:40 ET
Table 'Undina' 2-max Seat #1 is the button
Seat 1: Velbor107 ($278.78 in chips)
Seat 2: c8888d ($59.26 in chips)
Velbor107: posts small blind $1
c8888d: posts big blind $3
*** HOLE CARDS ***
Velbor107: folds
Uncalled bet ($2) returned to c8888d
c8888d collected $2 from pot
*** SUMMARY ***
Total pot $2 | Rake $0
Seat 1: Velbor107 (button) (small blind) folded before Flop
Seat 2: c8888d (big blind) collected ($2)


PokerStars Hand #144242136783:  Hold'em Limit ($3/$6 USD) - 2015/11/22 19:15:21 ET
Table 'Undina' 2-max Seat #2 is the button
Seat 1: Velbor107 ($284.78 in chips)
Seat 2: c8888d ($53.50 in chips)
c8888d: posts small blind $1
Velbor107: posts big blind $3
*** HOLE CARDS ***
c8888d: calls $2
Velbor107: checks
*** FLOP *** [Qc 9d 4h]
Velbor107: bets $3
c8888d: calls $3
*** TURN *** [Qc 9d 4h] [6h]
Velbor107: checks
c8888d: bets $6
Velbor107: folds
Uncalled bet ($6) returned to c8888d
c8888d collected $11.76 from pot
*** SUMMARY ***
Total pot $12 | Rake $0.24
Board [Qc 9d 4h 6h]
Seat 1: Velbor107 (big blind) folded on the Turn
Seat 2: c8888d (button) (small blind) collected ($11.76)


PokerStars Hand #144242211436:  Hold'em Limit ($3/$6 USD) - 2015/11/22 19:17:19 ET
Table 'Undina' 2-max Seat #2 is the button
Seat 1: Velbor107 ($251.54 in chips)
Seat 2: c8888d ($85.40 in chips)
c8888d: posts small blind $1
Velbor107: posts big blind $3
*** HOLE CARDS ***
c8888d: folds
Uncalled bet ($2) returned to Velbor107
Velbor107 collected $2 from pot
*** SUMMARY ***
Total pot $2 | Rake $0
Seat 1: Velbor107 (big blind) collected ($2)
Seat 2: c8888d (button) (small blind) folded before Flop


PokerStars Hand #144242200974:  Hold'em Limit ($3/$6 USD) - 2015/11/22 19:17:02 ET
Table 'Undina' 2-max Seat #1 is the button
Seat 1: Velbor107 ($245.78 in chips)
Seat 2: c8888d ($91.40 in chips)
Velbor107: posts small blind $1
c8888d: posts big blind $3
*** HOLE CARDS ***
Velbor107: raises $3 to $6
c8888d: calls $3
*** FLOP *** [2d 8c Ts]
c8888d: checks
Velbor107: bets $3
c8888d: folds
Uncalled bet ($3) returned to Velbor107
Velbor107 collected $11.76 from pot
*** SUMMARY ***
Total pot $12 | Rake $0.24
Board [2d 8c Ts]
Seat 1: Velbor107 (button) (small blind) collected ($11.76)
Seat 2: c8888d (big blind) folded on the Flop


PokerStars Hand #144242196877:  Hold'em Limit ($3/$6 USD) - 2015/11/22 19:16:56 ET
Table 'Undina' 2-max Seat #2 is the button
Seat 1: Velbor107 ($244.78 in chips)
Seat 2: c8888d ($92.40 in chips)
c8888d: posts small blind $1
Velbor107: posts big blind $3
*** HOLE CARDS ***
c8888d: folds
Uncalled bet ($2) returned to Velbor107
Velbor107 collected $2 from pot
*** SUMMARY ***
Total pot $2 | Rake $0
Seat 1: Velbor107 (big blind) collected ($2)
Seat 2: c8888d (button) (small blind) folded before Flop


PokerStars Hand #144242179452:  Hold'em Limit ($3/$6 USD) - 2015/11/22 19:16:28 ET
Table 'Undina' 2-max Seat #1 is the button
Seat 1: Velbor107 ($268.78 in chips)
Seat 2: c8888d ($68.90 in chips)
Velbor107: posts small blind $1
c8888d: posts big blind $3
*** HOLE CARDS ***
Velbor107: raises $3 to $6
c8888d: raises $3 to $9
Velbor107: calls $3
*** FLOP *** [4d Th Jc]
c8888d: bets $3
Velbor107: calls $3
*** TURN *** [4d Th Jc] [7c]
c8888d: bets $6
Velbor107: calls $6
*** RIVER *** [4d Th Jc 7c] [3d]
c8888d: bets $6
Velbor107: calls $6
*** SHOW DOWN ***
c8888d: shows [Ah Ac] (a pair of Aces)
Velbor107: mucks hand
c8888d collected $47.50 from pot
*** SUMMARY ***
Total pot $48 | Rake $0.50
Board [4d Th Jc 7c 3d]
Seat 1: Velbor107 (button) (small blind) mucked
Seat 2: c8888d (big blind) showed [Ah Ac] and won ($47.50) with a pair of Aces


PokerStars Hand #144242237882:  Hold'em Limit ($3/$6 USD) - 2015/11/22 19:18:01 ET
Table 'Undina' 2-max Seat #1 is the button
Seat 1: Velbor107 ($237.54 in chips)
Seat 2: c8888d ($98.80 in chips)
Velbor107: posts small blind $1
c8888d: posts big blind $3
*** HOLE CARDS ***
Velbor107: raises $3 to $6
c8888d: calls $3
*** FLOP *** [Th Ts Kc]
c8888d: bets $3
Velbor107: calls $3
*** TURN *** [Th Ts Kc] [9s]
c8888d: bets $6
Velbor107: folds
Uncalled bet ($6) returned to c8888d
c8888d collected $17.64 from pot
*** SUMMARY ***
Total pot $18 | Rake $0.36
Board [Th Ts Kc 9s]
Seat 1: Velbor107 (button) (small blind) folded on the Turn
Seat 2: c8888d (big blind) collected ($17.64)


PokerStars Hand #144242222235:  Hold'em Limit ($3/$6 USD) - 2015/11/22 19:17:36 ET
Table 'Undina' 2-max Seat #2 is the button
Seat 1: Velbor107 ($246.54 in chips)
Seat 2: c8888d ($90.16 in chips)
c8888d: posts small blind $1
Velbor107: posts big blind $3
*** HOLE CARDS ***
c8888d: calls $2
Velbor107: raises $3 to $6
c8888d: calls $3
*** FLOP *** [3c 2h 7c]
Velbor107: bets $3
c8888d: calls $3
*** TURN *** [3c 2h 7c] [5s]
Velbor107: checks
c8888d: bets $6
Velbor107: folds
Uncalled bet ($6) returned to c8888d
c8888d collected $17.64 from pot
*** SUMMARY ***
Total pot $18 | Rake $0.36
Board [3c 2h 7c 5s]
Seat 1: Velbor107 (big blind) folded on the Turn
Seat 2: c8888d (button) (small blind) collected ($17.64)


PokerStars Hand #144242214756:  Hold'em Limit ($3/$6 USD) - 2015/11/22 19:17:24 ET
Table 'Undina' 2-max Seat #1 is the button
Seat 1: Velbor107 ($252.54 in chips)
Seat 2: c8888d ($84.40 in chips)
Velbor107: posts small blind $1
c8888d: posts big blind $3
*** HOLE CARDS ***
Velbor107: raises $3 to $6
c8888d: calls $3
*** FLOP *** [7d 6c Kc]
c8888d: bets $3
Velbor107: folds
Uncalled bet ($3) returned to c8888d
c8888d collected $11.76 from pot
*** SUMMARY ***
Total pot $12 | Rake $0.24
Board [7d 6c Kc]
Seat 1: Velbor107 (button) (small blind) folded on the Flop
Seat 2: c8888d (big blind) collected ($11.76)


PokerStars Hand #144242270104:  Hold'em Limit ($3/$6 USD) - 2015/11/22 19:18:53 ET
Table 'Undina' 2-max Seat #2 is the button
Seat 1: Velbor107 ($245.92 in chips)
Seat 2: c8888d ($89.44 in chips)
c8888d: posts small blind $1
Velbor107: posts big blind $3
*** HOLE CARDS ***
c8888d: calls $2
Velbor107: checks
*** FLOP *** [Ts 3h Qd]
Velbor107: bets $3
c8888d: calls $3
*** TURN *** [Ts 3h Qd] [6d]
Velbor107: bets $6
c8888d: calls $6
*** RIVER *** [Ts 3h Qd 6d] [4c]
Velbor107: checks
c8888d: bets $6
Velbor107: calls $6
*** SHOW DOWN ***
c8888d: shows [Td 8d] (a pair of Tens)
Velbor107: mucks hand
c8888d collected $35.50 from pot
*** SUMMARY ***
Total pot $36 | Rake $0.50
Board [Ts 3h Qd 6d 4c]
Seat 1: Velbor107 (big blind) mucked
Seat 2: c8888d (button) (small blind) showed [Td 8d] and won ($35.50) with a pair of Tens


PokerStars Hand #144242261075:  Hold'em Limit ($3/$6 USD) - 2015/11/22 19:18:38 ET
Table 'Undina' 2-max Seat #1 is the button
Seat 1: Velbor107 ($243.04 in chips)
Seat 2: c8888d ($92.44 in chips)
Velbor107: posts small blind $1
c8888d: posts big blind $3
*** HOLE CARDS ***
Velbor107: calls $2
c8888d: checks
*** FLOP *** [Ac 4s Jc]
c8888d: checks
Velbor107: bets $3
c8888d: folds
Uncalled bet ($3) returned to Velbor107
Velbor107 collected $5.88 from pot
*** SUMMARY ***
Total pot $6 | Rake $0.12
Board [Ac 4s Jc]
Seat 1: Velbor107 (button) (small blind) collected ($5.88)
Seat 2: c8888d (big blind) folded on the Flop


PokerStars Hand #144242247614:  Hold'em Limit ($3/$6 USD) - 2015/11/22 19:18:16 ET
Table 'Undina' 2-max Seat #2 is the button
Seat 1: Velbor107 ($228.54 in chips)
Seat 2: c8888d ($107.44 in chips)
c8888d: posts small blind $1
Velbor107: posts big blind $3
*** HOLE CARDS ***
c8888d: calls $2
Velbor107: raises $3 to $6
c8888d: calls $3
*** FLOP *** [Qs Th 9h]
Velbor107: bets $3
c8888d: calls $3
*** TURN *** [Qs Th 9h] [7h]
Velbor107: bets $6
c8888d: calls $6
*** RIVER *** [Qs Th 9h 7h] [Ad]
Velbor107: checks
c8888d: checks
*** SHOW DOWN ***
Velbor107: shows [8h Ts] (a pair of Tens)
c8888d: mucks hand
Velbor107 collected $29.50 from pot
*** SUMMARY ***
Total pot $30 | Rake $0.50
Board [Qs Th 9h 7h Ad]
Seat 1: Velbor107 (big blind) showed [8h Ts] and won ($29.50) with a pair of Tens
Seat 2: c8888d (button) (small blind) mucked


PokerStars Hand #144242319233:  Hold'em Limit ($3/$6 USD) - 2015/11/22 19:20:13 ET
Table 'Undina' 2-max Seat #1 is the button
Seat 1: Velbor107 ($233.44 in chips)
Seat 2: c8888d ($100.70 in chips)
Velbor107: posts small blind $1
c8888d: posts big blind $3
*** HOLE CARDS ***
Velbor107: folds
Uncalled bet ($2) returned to c8888d
c8888d collected $2 from pot
*** SUMMARY ***
Total pot $2 | Rake $0
Seat 1: Velbor107 (button) (small blind) folded before Flop
Seat 2: c8888d (big blind) collected ($2)


PokerStars Hand #144242298957:  Hold'em Limit ($3/$6 USD) - 2015/11/22 19:19:40 ET
Table 'Undina' 2-max Seat #2 is the button
Seat 1: Velbor107 ($221.92 in chips)
Seat 2: c8888d ($112.70 in chips)
c8888d: posts small blind $1
Velbor107: posts big blind $3
*** HOLE CARDS ***
c8888d: calls $2
Velbor107: checks
*** FLOP *** [Ad 5s Jh]
Velbor107: bets $3
c8888d: calls $3
*** TURN *** [Ad 5s Jh] [7c]
Velbor107: checks
c8888d: checks
*** RIVER *** [Ad 5s Jh 7c] [6h]
Velbor107: checks
c8888d: bets $6
Velbor107: calls $6
*** SHOW DOWN ***
c8888d: shows [5h Ks] (a pair of Fives)
Velbor107: shows [2h 6c] (a pair of Sixes)
Velbor107 collected $23.52 from pot
*** SUMMARY ***
Total pot $24 | Rake $0.48
Board [Ad 5s Jh 7c 6h]
Seat 1: Velbor107 (big blind) showed [2h 6c] and won ($23.52) with a pair of Sixes
Seat 2: c8888d (button) (small blind) showed [5h Ks] and lost with a pair of Fives


PokerStars Hand #144242282899:  Hold'em Limit ($3/$6 USD) - 2015/11/22 19:19:13 ET
Table 'Undina' 2-max Seat #1 is the button
Seat 1: Velbor107 ($227.92 in chips)
Seat 2: c8888d ($106.94 in chips)
Velbor107: posts small blind $1
c8888d: posts big blind $3
*** HOLE CARDS ***
Velbor107: calls $2
c8888d: checks
*** FLOP *** [Tc 6h Qd]
c8888d: checks
Velbor107: bets $3
c8888d: calls $3
*** TURN *** [Tc 6h Qd] [4c]
c8888d: bets $6
Velbor107: folds
Uncalled bet ($6) returned to c8888d
c8888d collected $11.76 from pot
*** SUMMARY ***
Total pot $12 | Rake $0.24
Board [Tc 6h Qd 4c]
Seat 1: Velbor107 (button) (small blind) folded on the Turn
Seat 2: c8888d (big blind) collected ($11.76)


PokerStars Hand #144242355789:  Hold'em Limit ($3/$6 USD) - 2015/11/22 19:21:13 ET
Table 'Undina' 2-max Seat #2 is the button
Seat 1: Velbor107 ($243.94 in chips)
Seat 2: c8888d ($89.58 in chips)
c8888d: posts small blind $1
Velbor107: posts big blind $3
*** HOLE CARDS ***
c8888d: calls $2
Velbor107: checks
*** FLOP *** [8s 4c 6h]
Velbor107: bets $3
c8888d: folds
Uncalled bet ($3) returned to Velbor107
Velbor107 collected $5.88 from pot
*** SUMMARY ***
Total pot $6 | Rake $0.12
Board [8s 4c 6h]
Seat 1: Velbor107 (big blind) collected ($5.88)
Seat 2: c8888d (button) (small blind) folded on the Flop


PokerStars Hand #144242344310:  Hold'em Limit ($3/$6 USD) - 2015/11/22 19:20:54 ET
Table 'Undina' 2-max Seat #1 is the button
Seat 1: Velbor107 ($229.44 in chips)
Seat 2: c8888d ($104.58 in chips)
Velbor107: posts small blind $1
c8888d: posts big blind $3
*** HOLE CARDS ***
Velbor107: raises $3 to $6
c8888d: calls $3
*** FLOP *** [Qc 3h 4c]
c8888d: bets $3
Velbor107: calls $3
*** TURN *** [Qc 3h 4c] [2h]
c8888d: bets $6
Velbor107: raises $6 to $12
c8888d: folds
Uncalled bet ($6) returned to Velbor107
Velbor107 collected $29.50 from pot
*** SUMMARY ***
Total pot $30 | Rake $0.50
Board [Qc 3h 4c 2h]
Seat 1: Velbor107 (button) (small blind) collected ($29.50)
Seat 2: c8888d (big blind) folded on the Turn


PokerStars Hand #144242323395:  Hold'em Limit ($3/$6 USD) - 2015/11/22 19:20:20 ET
Table 'Undina' 2-max Seat #2 is the button
Seat 1: Velbor107 ($232.44 in chips)
Seat 2: c8888d ($101.70 in chips)
c8888d: posts small blind $1
Velbor107: posts big blind $3
*** HOLE CARDS ***
c8888d: calls $2
Velbor107: checks
*** FLOP *** [Th 9d Qh]
Velbor107: checks
c8888d: bets $3
Velbor107: folds
Uncalled bet ($3) returned to c8888d
c8888d collected $5.88 from pot
*** SUMMARY ***
Total pot $6 | Rake $0.12
Board [Th 9d Qh]
Seat 1: Velbor107 (big blind) folded on the Flop
Seat 2: c8888d (button) (small blind) collected ($5.88)


PokerStars Hand #144242391077:  Hold'em Limit ($3/$6 USD) - 2015/11/22 19:22:10 ET
Table 'Undina' 2-max Seat #2 is the button
Seat 1: Velbor107 ($237.34 in chips)
Seat 2: c8888d ($95.08 in chips)
c8888d: posts small blind $1
Velbor107: posts big blind $3
*** HOLE CARDS ***
c8888d: calls $2
Velbor107: checks
*** FLOP *** [2s 3h Jd]
Velbor107: bets $3
c8888d: folds
Uncalled bet ($3) returned to Velbor107
Velbor107 collected $5.88 from pot
*** SUMMARY ***
Total pot $6 | Rake $0.12
Board [2s 3h Jd]
Seat 1: Velbor107 (big blind) collected ($5.88)
Seat 2: c8888d (button) (small blind) folded on the Flop


PokerStars Hand #144242383283:  Hold'em Limit ($3/$6 USD) - 2015/11/22 19:21:58 ET
Table 'Undina' 2-max Seat #1 is the button
Seat 1: Velbor107 ($231.58 in chips)
Seat 2: c8888d ($101.08 in chips)
Velbor107: posts small blind $1
c8888d: posts big blind $3
*** HOLE CARDS ***
Velbor107: raises $3 to $6
c8888d: calls $3
*** FLOP *** [Kc 5s As]
c8888d: checks
Velbor107: bets $3
c8888d: folds
Uncalled bet ($3) returned to Velbor107
Velbor107 collected $11.76 from pot
*** SUMMARY ***
Total pot $12 | Rake $0.24
Board [Kc 5s As]
Seat 1: Velbor107 (button) (small blind) collected ($11.76)
Seat 2: c8888d (big blind) folded on the Flop


PokerStars Hand #144242369291:  Hold'em Limit ($3/$6 USD) - 2015/11/22 19:21:35 ET
Table 'Undina' 2-max Seat #2 is the button
Seat 1: Velbor107 ($252.58 in chips)
Seat 2: c8888d ($80.58 in chips)
c8888d: posts small blind $1
Velbor107: posts big blind $3
*** HOLE CARDS ***
c8888d: calls $2
Velbor107: raises $3 to $6
c8888d: calls $3
*** FLOP *** [2d 4h 7h]
Velbor107: bets $3
c8888d: calls $3
*** TURN *** [2d 4h 7h] [Kh]
Velbor107: bets $6
c8888d: raises $6 to $12
Velbor107: calls $6
*** RIVER *** [2d 4h 7h Kh] [9h]
Velbor107: checks
c8888d: checks
*** SHOW DOWN ***
Velbor107: shows [Ts Tc] (a pair of Tens)
c8888d: shows [2c Ks] (two pair, Kings and Deuces)
c8888d collected $41.50 from pot
*** SUMMARY ***
Total pot $42 | Rake $0.50
Board [2d 4h 7h Kh 9h]
Seat 1: Velbor107 (big blind) showed [Ts Tc] and lost with a pair of Tens
Seat 2: c8888d (button) (small blind) showed [2c Ks] and won ($41.50) with two pair, Kings and Deuces


PokerStars Hand #144242361581:  Hold'em Limit ($3/$6 USD) - 2015/11/22 19:21:22 ET
Table 'Undina' 2-max Seat #1 is the button
Seat 1: Velbor107 ($246.82 in chips)
Seat 2: c8888d ($86.58 in chips)
Velbor107: posts small blind $1
c8888d: posts big blind $3
*** HOLE CARDS ***
Velbor107: raises $3 to $6
c8888d: calls $3
*** FLOP *** [2c Ah Ks]
c8888d: checks
Velbor107: bets $3
c8888d: folds
Uncalled bet ($3) returned to Velbor107
Velbor107 collected $11.76 from pot
*** SUMMARY ***
Total pot $12 | Rake $0.24
Board [2c Ah Ks]
Seat 1: Velbor107 (button) (small blind) collected ($11.76)
Seat 2: c8888d (big blind) folded on the Flop


PokerStars Hand #144242397846:  Hold'em Limit ($3/$6 USD) - 2015/11/22 19:22:22 ET
Table 'Undina' 2-max Seat #1 is the button
Seat 1: Velbor107 ($240.22 in chips)
Seat 2: c8888d ($92.08 in chips)
Velbor107: posts small blind $1
c8888d: posts big blind $3
*** HOLE CARDS ***
Velbor107: raises $3 to $6
c8888d: calls $3
*** FLOP *** [4d 2c 4h]
c8888d: checks
Velbor107: bets $3
c8888d: folds
Uncalled bet ($3) returned to Velbor107
Velbor107 collected $11.76 from pot
*** SUMMARY ***
Total pot $12 | Rake $0.24
Board [4d 2c 4h]
Seat 1: Velbor107 (button) (small blind) collected ($11.76)
Seat 2: c8888d (big blind) folded on the Flop


PokerStars Hand #144242407302:  Hold'em Limit ($3/$6 USD) - 2015/11/22 19:22:37 ET
Table 'Undina' 2-max Seat #2 is the button
Seat 1: Velbor107 ($245.98 in chips)
Seat 2: c8888d ($86.08 in chips)
c8888d: posts small blind $1
Velbor107: posts big blind $3
*** HOLE CARDS ***
c8888d: calls $2
Velbor107: raises $3 to $6
c8888d: calls $3
*** FLOP *** [Ks 2h Qs]
Velbor107: bets $3
c8888d: calls $3
*** TURN *** [Ks 2h Qs] [6d]
Velbor107: bets $6
c8888d: raises $6 to $12
Velbor107: folds
Uncalled bet ($6) returned to c8888d
c8888d collected $29.50 from pot
*** SUMMARY ***
Total pot $30 | Rake $0.50
Board [Ks 2h Qs 6d]
Seat 1: Velbor107 (big blind) folded on the Turn
Seat 2: c8888d (button) (small blind) collected ($29.50)


PokerStars Hand #144242417880:  Hold'em Limit ($3/$6 USD) - 2015/11/22 19:22:54 ET
Table 'Undina' 2-max Seat #1 is the button
Seat 1: Velbor107 ($230.98 in chips)
Seat 2: c8888d ($100.58 in chips)
Velbor107: posts small blind $1
c8888d: posts big blind $3
*** HOLE CARDS ***
Velbor107: raises $3 to $6
c8888d: raises $3 to $9
Velbor107: calls $3
*** FLOP *** [4s 8h 2d]
c8888d: bets $3
Velbor107: folds
Uncalled bet ($3) returned to c8888d
c8888d collected $17.64 from pot
*** SUMMARY ***
Total pot $18 | Rake $0.36
Board [4s 8h 2d]
Seat 1: Velbor107 (button) (small blind) folded on the Flop
Seat 2: c8888d (big blind) collected ($17.64)


PokerStars Hand #144242426983:  Hold'em Limit ($3/$6 USD) - 2015/11/22 19:23:09 ET
Table 'Undina' 2-max Seat #2 is the button
Seat 1: Velbor107 ($221.98 in chips)
Seat 2: c8888d ($109.22 in chips)
c8888d: posts small blind $1
Velbor107: posts big blind $3
*** HOLE CARDS ***
c8888d: calls $2
Velbor107: raises $3 to $6
c8888d: calls $3
*** FLOP *** [6c Js 2d]
Velbor107: bets $3
c8888d: calls $3
*** TURN *** [6c Js 2d] [2c]
Velbor107: bets $6
c8888d: calls $6
*** RIVER *** [6c Js 2d 2c] [6d]
Velbor107: checks
c8888d: bets $6
Velbor107: calls $6
*** SHOW DOWN ***
c8888d: shows [9s 5s] (two pair, Sixes and Deuces)
Velbor107: shows [Ks Kd] (two pair, Kings and Sixes)
Velbor107 collected $41.50 from pot
*** SUMMARY ***
Total pot $42 | Rake $0.50
Board [6c Js 2d 2c 6d]
Seat 1: Velbor107 (big blind) showed [Ks Kd] and won ($41.50) with two pair, Kings and Sixes
Seat 2: c8888d (button) (small blind) showed [9s 5s] and lost with two pair, Sixes and Deuces


PokerStars Hand #144242439802:  Hold'em Limit ($3/$6 USD) - 2015/11/22 19:23:30 ET
Table 'Undina' 2-max Seat #1 is the button
Seat 1: Velbor107 ($242.48 in chips)
Seat 2: c8888d ($88.22 in chips)
Velbor107: posts small blind $1
c8888d: posts big blind $3
*** HOLE CARDS ***
Velbor107: raises $3 to $6
c8888d: calls $3
*** FLOP *** [Kc 8s 4h]
c8888d: checks
Velbor107: bets $3
c8888d: calls $3
*** TURN *** [Kc 8s 4h] [9c]
c8888d: checks
Velbor107: checks
*** RIVER *** [Kc 8s 4h 9c] [8h]
c8888d: bets $6
Velbor107: folds
Uncalled bet ($6) returned to c8888d
c8888d collected $17.64 from pot
*** SUMMARY ***
Total pot $18 | Rake $0.36
Board [Kc 8s 4h 9c 8h]
Seat 1: Velbor107 (button) (small blind) folded on the River
Seat 2: c8888d (big blind) collected ($17.64)


PokerStars Hand #144242453436:  Hold'em Limit ($3/$6 USD) - 2015/11/22 19:23:52 ET
Table 'Undina' 2-max Seat #2 is the button
Seat 1: Velbor107 ($233.48 in chips)
Seat 2: c8888d ($96.86 in chips)
c8888d: posts small blind $1
Velbor107: posts big blind $3
*** HOLE CARDS ***
c8888d: calls $2
Velbor107: checks
*** FLOP *** [Qc 9c Ah]
Velbor107: bets $3
c8888d: folds
Uncalled bet ($3) returned to Velbor107
Velbor107 collected $5.88 from pot
*** SUMMARY ***
Total pot $6 | Rake $0.12
Board [Qc 9c Ah]
Seat 1: Velbor107 (big blind) collected ($5.88)
Seat 2: c8888d (button) (small blind) folded on the Flop


PokerStars Hand #144242463472:  Hold'em Limit ($3/$6 USD) - 2015/11/22 19:24:09 ET
Table 'Undina' 2-max Seat #1 is the button
Seat 1: Velbor107 ($236.36 in chips)
Seat 2: c8888d ($93.86 in chips)
Velbor107: posts small blind $1
c8888d: posts big blind $3
*** HOLE CARDS ***
Velbor107: raises $3 to $6
c8888d: calls $3
*** FLOP *** [2d Ac 5h]
c8888d: checks
Velbor107: bets $3
c8888d: calls $3
*** TURN *** [2d Ac 5h] [Qd]
c8888d: checks
Velbor107: bets $6
c8888d: calls $6
*** RIVER *** [2d Ac 5h Qd] [8c]
c8888d: checks
Velbor107: checks
*** SHOW DOWN ***
c8888d: shows [7c 2h] (a pair of Deuces)
Velbor107: mucks hand
c8888d collected $29.50 from pot
*** SUMMARY ***
Total pot $30 | Rake $0.50
Board [2d Ac 5h Qd 8c]
Seat 1: Velbor107 (button) (small blind) mucked
Seat 2: c8888d (big blind) showed [7c 2h] and won ($29.50) with a pair of Deuces


PokerStars Hand #144242480841:  Hold'em Limit ($3/$6 USD) - 2015/11/22 19:24:37 ET
Table 'Undina' 2-max Seat #2 is the button
Seat 1: Velbor107 ($221.36 in chips)
Seat 2: c8888d ($108.36 in chips)
c8888d: posts small blind $1
Velbor107: posts big blind $3
*** HOLE CARDS ***
c8888d: calls $2
Velbor107: checks
*** FLOP *** [8c Qc Kd]
Velbor107: bets $3
c8888d: calls $3
*** TURN *** [8c Qc Kd] [5d]
Velbor107: bets $6
c8888d: calls $6
*** RIVER *** [8c Qc Kd 5d] [7c]
Velbor107: checks
c8888d: bets $6
Velbor107: calls $6
*** SHOW DOWN ***
c8888d: shows [9s Jd] (high card King)
Velbor107: shows [3d 8d] (a pair of Eights)
Velbor107 collected $35.50 from pot
*** SUMMARY ***
Total pot $36 | Rake $0.50
Board [8c Qc Kd 5d 7c]
Seat 1: Velbor107 (big blind) showed [3d 8d] and won ($35.50) with a pair of Eights
Seat 2: c8888d (button) (small blind) showed [9s Jd] and lost with high card King


PokerStars Hand #144242501850:  Hold'em Limit ($3/$6 USD) - 2015/11/22 19:25:12 ET
Table 'Undina' 2-max Seat #1 is the button
Seat 1: Velbor107 ($238.86 in chips)
Seat 2: c8888d ($90.36 in chips)
Velbor107: posts small blind $1
c8888d: posts big blind $3
*** HOLE CARDS ***
Velbor107: raises $3 to $6
c8888d: calls $3
*** FLOP *** [4d Ah 2s]
c8888d: checks
Velbor107: bets $3
c8888d: folds
Uncalled bet ($3) returned to Velbor107
Velbor107 collected $11.76 from pot
*** SUMMARY ***
Total pot $12 | Rake $0.24
Board [4d Ah 2s]
Seat 1: Velbor107 (button) (small blind) collected ($11.76)
Seat 2: c8888d (big blind) folded on the Flop


PokerStars Hand #144242509279:  Hold'em Limit ($3/$6 USD) - 2015/11/22 19:25:25 ET
Table 'Undina' 2-max Seat #2 is the button
Seat 1: Velbor107 ($244.62 in chips)
Seat 2: c8888d ($84.36 in chips)
c8888d: posts small blind $1
Velbor107: posts big blind $3
*** HOLE CARDS ***
c8888d: calls $2
Velbor107: checks
*** FLOP *** [9d 3d 4d]
Velbor107: bets $3
c8888d: calls $3
*** TURN *** [9d 3d 4d] [5d]
Velbor107: bets $6
c8888d: calls $6
*** RIVER *** [9d 3d 4d 5d] [Th]
Velbor107: checks
c8888d: bets $6
Velbor107: raises $6 to $12
c8888d: calls $6
*** SHOW DOWN ***
Velbor107: shows [5h Kd] (a flush, King high)
c8888d: mucks hand
Velbor107 collected $47.50 from pot
*** SUMMARY ***
Total pot $48 | Rake $0.50
Board [9d 3d 4d 5d Th]
Seat 1: Velbor107 (big blind) showed [5h Kd] and won ($47.50) with a flush, King high
Seat 2: c8888d (button) (small blind) mucked


PokerStars Hand #144242548191:  Hold'em Limit ($3/$6 USD) - 2015/11/22 19:26:29 ET
Table 'Undina' 2-max Seat #1 is the button
Seat 1: Velbor107 ($268.12 in chips)
Seat 2: c8888d ($60.36 in chips)
Velbor107: posts small blind $1
c8888d: posts big blind $3
*** HOLE CARDS ***
Velbor107: calls $2
c8888d: checks
*** FLOP *** [9c Ad Jc]
c8888d: bets $3
Velbor107: folds
Uncalled bet ($3) returned to c8888d
c8888d collected $5.88 from pot
*** SUMMARY ***
Total pot $6 | Rake $0.12
Board [9c Ad Jc]
Seat 1: Velbor107 (button) (small blind) folded on the Flop
Seat 2: c8888d (big blind) collected ($5.88)


PokerStars Hand #144242556805:  Hold'em Limit ($3/$6 USD) - 2015/11/22 19:26:43 ET
Table 'Undina' 2-max Seat #2 is the button
Seat 1: Velbor107 ($265.12 in chips)
Seat 2: c8888d ($63.24 in chips)
c8888d: posts small blind $1
Velbor107: posts big blind $3
*** HOLE CARDS ***
c8888d: calls $2
Velbor107: checks
*** FLOP *** [4c Tc 8h]
Velbor107: bets $3
c8888d: calls $3
*** TURN *** [4c Tc 8h] [6c]
Velbor107: bets $6
c8888d: raises $6 to $12
Velbor107: folds
Uncalled bet ($6) returned to c8888d
c8888d collected $23.52 from pot
*** SUMMARY ***
Total pot $24 | Rake $0.48
Board [4c Tc 8h 6c]
Seat 1: Velbor107 (big blind) folded on the Turn
Seat 2: c8888d (button) (small blind) collected ($23.52)


PokerStars Hand #144242567230:  Hold'em Limit ($3/$6 USD) - 2015/11/22 19:27:01 ET
Table 'Undina' 2-max Seat #1 is the button
Seat 1: Velbor107 ($253.12 in chips)
Seat 2: c8888d ($74.76 in chips)
Velbor107: posts small blind $1
c8888d: posts big blind $3
*** HOLE CARDS ***
Velbor107: raises $3 to $6
c8888d: calls $3
*** FLOP *** [Ac Qs Kh]
c8888d: bets $3
Velbor107: calls $3
*** TURN *** [Ac Qs Kh] [Jd]
c8888d: bets $6
Velbor107: calls $6
*** RIVER *** [Ac Qs Kh Jd] [6s]
c8888d: bets $6
Velbor107: calls $6
*** SHOW DOWN ***
c8888d: shows [Kc 3h] (a pair of Kings)
Velbor107: shows [Ad 8s] (a pair of Aces)
Velbor107 collected $41.50 from pot
*** SUMMARY ***
Total pot $42 | Rake $0.50
Board [Ac Qs Kh Jd 6s]
Seat 1: Velbor107 (button) (small blind) showed [Ad 8s] and won ($41.50) with a pair of Aces
Seat 2: c8888d (big blind) showed [Kc 3h] and lost with a pair of Kings


PokerStars Hand #144242579149:  Hold'em Limit ($3/$6 USD) - 2015/11/22 19:27:21 ET
Table 'Undina' 2-max Seat #2 is the button
Seat 1: Velbor107 ($273.62 in chips)
Seat 2: c8888d ($53.76 in chips)
c8888d: posts small blind $1
Velbor107: posts big blind $3
*** HOLE CARDS ***
c8888d: raises $3 to $6
Velbor107: calls $3
*** FLOP *** [2c Qd 9s]
Velbor107: checks
c8888d: bets $3
Velbor107: folds
Uncalled bet ($3) returned to c8888d
c8888d collected $11.76 from pot
*** SUMMARY ***
Total pot $12 | Rake $0.24
Board [2c Qd 9s]
Seat 1: Velbor107 (big blind) folded on the Flop
Seat 2: c8888d (button) (small blind) collected ($11.76)


PokerStars Hand #144242585678:  Hold'em Limit ($3/$6 USD) - 2015/11/22 19:27:32 ET
Table 'Undina' 2-max Seat #1 is the button
Seat 1: Velbor107 ($267.62 in chips)
Seat 2: c8888d ($59.52 in chips)
Velbor107: posts small blind $1
c8888d: posts big blind $3
*** HOLE CARDS ***
Velbor107: raises $3 to $6
c8888d: calls $3
*** FLOP *** [2h 7s 8c]
c8888d: checks
Velbor107: bets $3
c8888d: calls $3
*** TURN *** [2h 7s 8c] [2c]
c8888d: checks
Velbor107: bets $6
c8888d: folds
Uncalled bet ($6) returned to Velbor107
Velbor107 collected $17.64 from pot
*** SUMMARY ***
Total pot $18 | Rake $0.36
Board [2h 7s 8c 2c]
Seat 1: Velbor107 (button) (small blind) collected ($17.64)
Seat 2: c8888d (big blind) folded on the Turn


PokerStars Hand #144242597667:  Hold'em Limit ($3/$6 USD) - 2015/11/22 19:27:52 ET
Table 'Undina' 2-max Seat #2 is the button
Seat 1: Velbor107 ($276.26 in chips)
Seat 2: c8888d ($50.52 in chips)
c8888d: posts small blind $1
Velbor107: posts big blind $3
*** HOLE CARDS ***
c8888d: raises $3 to $6
Velbor107: calls $3
*** FLOP *** [Qd 9d Jd]
Velbor107: checks
c8888d: bets $3
Velbor107: calls $3
*** TURN *** [Qd 9d Jd] [6c]
Velbor107: checks
c8888d: bets $6
Velbor107: calls $6
*** RIVER *** [Qd 9d Jd 6c] [3d]
Velbor107: checks
c8888d: checks
*** SHOW DOWN ***
Velbor107: shows [8s 9h] (a pair of Nines)
c8888d: mucks hand
Velbor107 collected $29.50 from pot
*** SUMMARY ***
Total pot $30 | Rake $0.50
Board [Qd 9d Jd 6c 3d]
Seat 1: Velbor107 (big blind) showed [8s 9h] and won ($29.50) with a pair of Nines
Seat 2: c8888d (button) (small blind) mucked


PokerStars Hand #144242619778:  Hold'em Limit ($3/$6 USD) - 2015/11/22 19:28:30 ET
Table 'Undina' 2-max Seat #1 is the button
Seat 1: Velbor107 ($290.76 in chips)
Seat 2: c8888d ($35.52 in chips)
Velbor107: posts small blind $1
c8888d: posts big blind $3
*** HOLE CARDS ***
Velbor107: raises $3 to $6
c8888d: folds
Uncalled bet ($3) returned to Velbor107
Velbor107 collected $6 from pot
*** SUMMARY ***
Total pot $6 | Rake $0
Seat 1: Velbor107 (button) (small blind) collected ($6)
Seat 2: c8888d (big blind) folded before Flop


PokerStars Hand #144242626270:  Hold'em Limit ($3/$6 USD) - 2015/11/22 19:28:41 ET
Table 'Undina' 2-max Seat #2 is the button
Seat 1: Velbor107 ($293.76 in chips)
Seat 2: c8888d ($32.52 in chips)
c8888d: posts small blind $1
Velbor107: posts big blind $3
*** HOLE CARDS ***
c8888d: calls $2
Velbor107: checks
*** FLOP *** [Kd 9h 4d]
Velbor107: bets $3
c8888d: folds
Uncalled bet ($3) returned to Velbor107
Velbor107 collected $5.88 from pot
*** SUMMARY ***
Total pot $6 | Rake $0.12
Board [Kd 9h 4d]
Seat 1: Velbor107 (big blind) collected ($5.88)
Seat 2: c8888d (button) (small blind) folded on the Flop


PokerStars Hand #144242631822:  Hold'em Limit ($3/$6 USD) - 2015/11/22 19:28:50 ET
Table 'Undina' 2-max Seat #1 is the button
Seat 1: Velbor107 ($296.64 in chips)
Seat 2: c8888d ($29.52 in chips)
Velbor107: posts small blind $1
c8888d: posts big blind $3
*** HOLE CARDS ***
Velbor107: folds
Uncalled bet ($2) returned to c8888d
c8888d collected $2 from pot
*** SUMMARY ***
Total pot $2 | Rake $0
Seat 1: Velbor107 (button) (small blind) folded before Flop
Seat 2: c8888d (big blind) collected ($2)


PokerStars Hand #144242635165:  Hold'em Limit ($3/$6 USD) - 2015/11/22 19:28:56 ET
Table 'Undina' 2-max Seat #2 is the button
Seat 1: Velbor107 ($295.64 in chips)
Seat 2: c8888d ($30.52 in chips)
c8888d: posts small blind $1
Velbor107: posts big blind $3
*** HOLE CARDS ***
c8888d: calls $2
Velbor107: checks
*** FLOP *** [8d Kd 6h]
Velbor107: checks
c8888d: bets $3
Velbor107: raises $3 to $6
c8888d: calls $3
*** TURN *** [8d Kd 6h] [As]
Velbor107: bets $6
c8888d: calls $6
*** RIVER *** [8d Kd 6h As] [4d]
Velbor107: bets $6
c8888d: calls $6
*** SHOW DOWN ***
Velbor107: shows [2d Kh] (a pair of Kings)
c8888d: shows [3h Ks] (a pair of Kings)
Velbor107 collected $20.75 from pot
c8888d collected $20.75 from pot
*** SUMMARY ***
Total pot $42 | Rake $0.50
Board [8d Kd 6h As 4d]
Seat 1: Velbor107 (big blind) showed [2d Kh] and won ($20.75) with a pair of Kings
Seat 2: c8888d (button) (small blind) showed [3h Ks] and won ($20.75) with a pair of Kings


PokerStars Hand #144242647010:  Hold'em Limit ($3/$6 USD) - 2015/11/22 19:29:16 ET
Table 'Undina' 2-max Seat #1 is the button
Seat 1: Velbor107 ($295.39 in chips)
Seat 2: c8888d ($30.27 in chips)
Velbor107: posts small blind $1
c8888d: posts big blind $3
*** HOLE CARDS ***
Velbor107: raises $3 to $6
c8888d: calls $3
*** FLOP *** [Ah 4s Qh]
c8888d: bets $3
Velbor107: calls $3
*** TURN *** [Ah 4s Qh] [7c]
c8888d: checks
Velbor107: bets $6
c8888d: calls $6
*** RIVER *** [Ah 4s Qh 7c] [9d]
c8888d: checks
Velbor107: checks
*** SHOW DOWN ***
c8888d: shows [Tc Jd] (high card Ace)
Velbor107: shows [4h 6h] (a pair of Fours)
Velbor107 collected $29.50 from pot
*** SUMMARY ***
Total pot $30 | Rake $0.50
Board [Ah 4s Qh 7c 9d]
Seat 1: Velbor107 (button) (small blind) showed [4h 6h] and won ($29.50) with a pair of Fours
Seat 2: c8888d (big blind) showed [Tc Jd] and lost with high card Ace


PokerStars Hand #144242661595:  Hold'em Limit ($3/$6 USD) - 2015/11/22 19:29:41 ET
Table 'Undina' 2-max Seat #2 is the button
Seat 1: Velbor107 ($309.89 in chips)
Seat 2: c8888d ($15.27 in chips)
c8888d: posts small blind $1
Velbor107: posts big blind $3
*** HOLE CARDS ***
c8888d: calls $2
Velbor107: checks
*** FLOP *** [2c Tc 4c]
Velbor107: bets $3
c8888d: calls $3
*** TURN *** [2c Tc 4c] [7h]
Velbor107: checks
c8888d: bets $6
Velbor107: folds
Uncalled bet ($6) returned to c8888d
c8888d collected $11.76 from pot
*** SUMMARY ***
Total pot $12 | Rake $0.24
Board [2c Tc 4c 7h]
Seat 1: Velbor107 (big blind) folded on the Turn
Seat 2: c8888d (button) (small blind) collected ($11.76)


PokerStars Hand #144242672301:  Hold'em Limit ($3/$6 USD) - 2015/11/22 19:29:59 ET
Table 'Undina' 2-max Seat #1 is the button
Seat 1: Velbor107 ($303.89 in chips)
Seat 2: c8888d ($21.03 in chips)
Velbor107: posts small blind $1
c8888d: posts big blind $3
*** HOLE CARDS ***
Velbor107: raises $3 to $6
c8888d: calls $3
*** FLOP *** [5c Qc 5s]
c8888d: checks
Velbor107: checks
*** TURN *** [5c Qc 5s] [Tc]
c8888d: checks
Velbor107: bets $6
c8888d: calls $6
*** RIVER *** [5c Qc 5s Tc] [Ts]
c8888d: bets $6
Velbor107: calls $6
*** SHOW DOWN ***
c8888d: shows [8c 9h] (two pair, Tens and Fives)
Velbor107: shows [Ac 5h] (a full house, Fives full of Tens)
Velbor107 collected $35.50 from pot
*** SUMMARY ***
Total pot $36 | Rake $0.50
Board [5c Qc 5s Tc Ts]
Seat 1: Velbor107 (button) (small blind) showed [Ac 5h] and won ($35.50) with a full house, Fives full of Tens
Seat 2: c8888d (big blind) showed [8c 9h] and lost with two pair, Tens and Fives


PokerStars Hand #144242690963:  Hold'em Limit ($3/$6 USD) - 2015/11/22 19:30:31 ET
Table 'Undina' 2-max Seat #2 is the button
Seat 1: Velbor107 ($321.39 in chips)
Seat 2: c8888d ($3.03 in chips)
c8888d: posts small blind $1
Velbor107: posts big blind $3
*** HOLE CARDS ***
c8888d: folds
Uncalled bet ($2) returned to Velbor107
Velbor107 collected $2 from pot
*** SUMMARY ***
Total pot $2 | Rake $0
Seat 1: Velbor107 (big blind) collected ($2)
Seat 2: c8888d (button) (small blind) folded before Flop


PokerStars Hand #144252152979:  Hold'em Limit ($3/$6 USD) - 2015/11/23 3:47:46 ET
Table 'Undina' 2-max Seat #1 is the button
Seat 1: jl45259071 ($441.61 in chips)
Seat 2: aenko ($143.50 in chips)
jl45259071: posts small blind $1
aenko: posts big blind $3
*** HOLE CARDS ***
jl45259071: calls $2
aenko: checks
*** FLOP *** [6c 8s 9d]
aenko: checks
jl45259071: bets $3
aenko: calls $3
*** TURN *** [6c 8s 9d] [Kh]
aenko: checks
jl45259071: checks
*** RIVER *** [6c 8s 9d Kh] [3c]
aenko: checks
jl45259071: checks
*** SHOW DOWN ***
aenko: shows [Ad Td] (high card Ace)
jl45259071: mucks hand
aenko collected $11.76 from pot
*** SUMMARY ***
Total pot $12 | Rake $0.24
Board [6c 8s 9d Kh 3c]
Seat 1: jl45259071 (button) (small blind) mucked
Seat 2: aenko (big blind) showed [Ad Td] and won ($11.76) with high card Ace


PokerStars Hand #144252132369:  Hold'em Limit ($3/$6 USD) - 2015/11/23 3:46:37 ET
Table 'Undina' 2-max Seat #2 is the button
Seat 1: jl45259071 ($465.61 in chips)
Seat 2: aenko ($120 in chips)
aenko: posts small blind $1
jl45259071: posts big blind $3
*** HOLE CARDS ***
aenko: raises $3 to $6
jl45259071: calls $3
*** FLOP *** [2h 5h 3s]
jl45259071: bets $3
aenko: raises $3 to $6
jl45259071: calls $3
*** TURN *** [2h 5h 3s] [8h]
jl45259071: checks
aenko: bets $6
jl45259071: calls $6
*** RIVER *** [2h 5h 3s 8h] [7c]
jl45259071: checks
aenko: bets $6
jl45259071: calls $6
*** SHOW DOWN ***
aenko: shows [Ks Kc] (a pair of Kings)
jl45259071: mucks hand
aenko collected $47.50 from pot
*** SUMMARY ***
Total pot $48 | Rake $0.50
Board [2h 5h 3s 8h 7c]
Seat 1: jl45259071 (big blind) mucked
Seat 2: aenko (button) (small blind) showed [Ks Kc] and won ($47.50) with a pair of Kings


PokerStars Hand #144252168483:  Hold'em Limit ($3/$6 USD) - 2015/11/23 3:48:38 ET
Table 'Undina' 2-max Seat #1 is the button
Seat 1: jl45259071 ($408.61 in chips)
Seat 2: aenko ($175.76 in chips)
jl45259071: posts small blind $1
aenko: posts big blind $3
*** HOLE CARDS ***
jl45259071: calls $2
aenko: checks
*** FLOP *** [Js 4s 5c]
aenko: checks
jl45259071: checks
*** TURN *** [Js 4s 5c] [Tc]
aenko: checks
jl45259071: bets $6
aenko: calls $6
*** RIVER *** [Js 4s 5c Tc] [8h]
aenko: checks
jl45259071: checks
*** SHOW DOWN ***
aenko: shows [6h Ad] (high card Ace)
jl45259071: shows [5d 2h] (a pair of Fives)
jl45259071 collected $17.64 from pot
*** SUMMARY ***
Total pot $18 | Rake $0.36
Board [Js 4s 5c Tc 8h]
Seat 1: jl45259071 (button) (small blind) showed [5d 2h] and won ($17.64) with a pair of Fives
Seat 2: aenko (big blind) showed [6h Ad] and lost with high card Ace


PokerStars Hand #144252174450:  Hold'em Limit ($3/$6 USD) - 2015/11/23 3:48:58 ET
Table 'Undina' 2-max Seat #2 is the button
Seat 1: jl45259071 ($417.25 in chips)
Seat 2: aenko ($166.76 in chips)
aenko: posts small blind $1
jl45259071: posts big blind $3
*** HOLE CARDS ***
aenko: raises $3 to $6
jl45259071: calls $3
*** FLOP *** [2d 7c Qh]
jl45259071: checks
aenko: bets $3
jl45259071: calls $3
*** TURN *** [2d 7c Qh] [Qs]
jl45259071: checks
aenko: bets $6
jl45259071: calls $6
*** RIVER *** [2d 7c Qh Qs] [Qc]
jl45259071: checks
aenko: checks
*** SHOW DOWN ***
jl45259071: shows [Jd 7d] (a full house, Queens full of Sevens)
aenko: mucks hand
jl45259071 collected $29.50 from pot
*** SUMMARY ***
Total pot $30 | Rake $0.50
Board [2d 7c Qh Qs Qc]
Seat 1: jl45259071 (big blind) showed [Jd 7d] and won ($29.50) with a full house, Queens full of Sevens
Seat 2: aenko (button) (small blind) mucked


PokerStars Hand #144252160344:  Hold'em Limit ($3/$6 USD) - 2015/11/23 3:48:11 ET
Table 'Undina' 2-max Seat #2 is the button
Seat 1: jl45259071 ($435.61 in chips)
Seat 2: aenko ($149.26 in chips)
aenko: posts small blind $1
jl45259071: posts big blind $3
*** HOLE CARDS ***
aenko: raises $3 to $6
jl45259071: calls $3
*** FLOP *** [5h 9d 4c]
jl45259071: checks
aenko: bets $3
jl45259071: raises $3 to $6
aenko: raises $3 to $9
jl45259071: calls $3
*** TURN *** [5h 9d 4c] [As]
jl45259071: checks
aenko: bets $6
jl45259071: calls $6
*** RIVER *** [5h 9d 4c As] [2s]
jl45259071: checks
aenko: bets $6
jl45259071: calls $6
*** SHOW DOWN ***
aenko: shows [9h 7d] (a pair of Nines)
jl45259071: mucks hand
aenko collected $53.50 from pot
*** SUMMARY ***
Total pot $54 | Rake $0.50
Board [5h 9d 4c As 2s]
Seat 1: jl45259071 (big blind) mucked
Seat 2: aenko (button) (small blind) showed [9h 7d] and won ($53.50) with a pair of Nines


PokerStars Hand #144252181545:  Hold'em Limit ($3/$6 USD) - 2015/11/23 3:49:21 ET
Table 'Undina' 2-max Seat #1 is the button
Seat 1: jl45259071 ($431.75 in chips)
Seat 2: aenko ($151.76 in chips)
jl45259071: posts small blind $1
aenko: posts big blind $3
*** HOLE CARDS ***
jl45259071: calls $2
aenko: checks
*** FLOP *** [3s 9h Qd]
aenko: checks
jl45259071: checks
*** TURN *** [3s 9h Qd] [4h]
aenko: checks
jl45259071: checks
*** RIVER *** [3s 9h Qd 4h] [Js]
aenko: checks
jl45259071: checks
*** SHOW DOWN ***
aenko: shows [Ts 4s] (a pair of Fours)
jl45259071: mucks hand
aenko collected $5.88 from pot
*** SUMMARY ***
Total pot $6 | Rake $0.12
Board [3s 9h Qd 4h Js]
Seat 1: jl45259071 (button) (small blind) mucked
Seat 2: aenko (big blind) showed [Ts 4s] and won ($5.88) with a pair of Fours


PokerStars Hand #144252194723:  Hold'em Limit ($3/$6 USD) - 2015/11/23 3:50:05 ET
Table 'Undina' 2-max Seat #1 is the button
Seat 1: jl45259071 ($429.75 in chips)
Seat 2: aenko ($153.64 in chips)
jl45259071: posts small blind $1
aenko: posts big blind $3
*** HOLE CARDS ***
jl45259071: calls $2
aenko: checks
*** FLOP *** [4c 2h Js]
aenko: checks
jl45259071: checks
*** TURN *** [4c 2h Js] [3h]
aenko: checks
jl45259071: bets $6
aenko: folds
Uncalled bet ($6) returned to jl45259071
jl45259071 collected $5.88 from pot
jl45259071: doesn't show hand
*** SUMMARY ***
Total pot $6 | Rake $0.12
Board [4c 2h Js 3h]
Seat 1: jl45259071 (button) (small blind) collected ($5.88)
Seat 2: aenko (big blind) folded on the Turn


PokerStars Hand #144252191922:  Hold'em Limit ($3/$6 USD) - 2015/11/23 3:49:55 ET
Table 'Undina' 2-max Seat #2 is the button
Seat 1: jl45259071 ($428.75 in chips)
Seat 2: aenko ($154.64 in chips)
aenko: posts small blind $1
jl45259071: posts big blind $3
*** HOLE CARDS ***
aenko: folds
Uncalled bet ($2) returned to jl45259071
jl45259071 collected $2 from pot
jl45259071: doesn't show hand
*** SUMMARY ***
Total pot $2 | Rake $0
Seat 1: jl45259071 (big blind) collected ($2)
Seat 2: aenko (button) (small blind) folded before Flop


PokerStars Hand #144252206497:  Hold'em Limit ($3/$6 USD) - 2015/11/23 3:50:44 ET
Table 'Undina' 2-max Seat #2 is the button
Seat 1: jl45259071 ($425.63 in chips)
Seat 2: aenko ($157.40 in chips)
aenko: posts small blind $1
jl45259071: posts big blind $3
*** HOLE CARDS ***
aenko: folds
Uncalled bet ($2) returned to jl45259071
jl45259071 collected $2 from pot
jl45259071: doesn't show hand
*** SUMMARY ***
Total pot $2 | Rake $0
Seat 1: jl45259071 (big blind) collected ($2)
Seat 2: aenko (button) (small blind) folded before Flop


PokerStars Hand #144252215619:  Hold'em Limit ($3/$6 USD) - 2015/11/23 3:51:14 ET
Table 'Undina' 2-max Seat #2 is the button
Seat 1: jl45259071 ($408.63 in chips)
Seat 2: aenko ($173.90 in chips)
aenko: posts small blind $1
jl45259071: posts big blind $3
*** HOLE CARDS ***
aenko: folds
Uncalled bet ($2) returned to jl45259071
jl45259071 collected $2 from pot
jl45259071: doesn't show hand
*** SUMMARY ***
Total pot $2 | Rake $0
Seat 1: jl45259071 (big blind) collected ($2)
Seat 2: aenko (button) (small blind) folded before Flop


PokerStars Hand #144252208201:  Hold'em Limit ($3/$6 USD) - 2015/11/23 3:50:50 ET
Table 'Undina' 2-max Seat #1 is the button
Seat 1: jl45259071 ($426.63 in chips)
Seat 2: aenko ($156.40 in chips)
jl45259071: posts small blind $1
aenko: posts big blind $3
*** HOLE CARDS ***
jl45259071: raises $3 to $6
aenko: calls $3
*** FLOP *** [3c Ks 4s]
aenko: checks
jl45259071: bets $3
aenko: raises $3 to $6
jl45259071: calls $3
*** TURN *** [3c Ks 4s] [Jh]
aenko: bets $6
jl45259071: calls $6
*** RIVER *** [3c Ks 4s Jh] [6d]
aenko: bets $6
jl45259071: folds
Uncalled bet ($6) returned to aenko
aenko collected $35.50 from pot
aenko: doesn't show hand
*** SUMMARY ***
Total pot $36 | Rake $0.50
Board [3c Ks 4s Jh 6d]
Seat 1: jl45259071 (button) (small blind) folded on the River
Seat 2: aenko (big blind) collected ($35.50)


PokerStars Hand #144252204265:  Hold'em Limit ($3/$6 USD) - 2015/11/23 3:50:37 ET
Table 'Undina' 2-max Seat #1 is the button
Seat 1: jl45259071 ($426.63 in chips)
Seat 2: aenko ($156.40 in chips)
jl45259071: posts small blind $1
aenko: posts big blind $3
*** HOLE CARDS ***
jl45259071: folds
Uncalled bet ($2) returned to aenko
aenko collected $2 from pot
aenko: doesn't show hand
*** SUMMARY ***
Total pot $2 | Rake $0
Seat 1: jl45259071 (button) (small blind) folded before Flop
Seat 2: aenko (big blind) collected ($2)


PokerStars Hand #144252199646:  Hold'em Limit ($3/$6 USD) - 2015/11/23 3:50:21 ET
Table 'Undina' 2-max Seat #2 is the button
Seat 1: jl45259071 ($432.63 in chips)
Seat 2: aenko ($150.64 in chips)
aenko: posts small blind $1
jl45259071: posts big blind $3
*** HOLE CARDS ***
aenko: raises $3 to $6
jl45259071: calls $3
*** FLOP *** [8d As 5c]
jl45259071: checks
aenko: bets $3
jl45259071: folds
Uncalled bet ($3) returned to aenko
aenko collected $11.76 from pot
aenko: doesn't show hand
*** SUMMARY ***
Total pot $12 | Rake $0.24
Board [8d As 5c]
Seat 1: jl45259071 (big blind) folded on the Flop
Seat 2: aenko (button) (small blind) collected ($11.76)


PokerStars Hand #144252236721:  Hold'em Limit ($3/$6 USD) - 2015/11/23 3:52:24 ET
Table 'Undina' 2-max Seat #2 is the button
Seat 1: jl45259071 ($387.63 in chips)
Seat 2: aenko ($194.06 in chips)
aenko: posts small blind $1
jl45259071: posts big blind $3
*** HOLE CARDS ***
aenko: raises $3 to $6
jl45259071: calls $3
*** FLOP *** [Qd As 8s]
jl45259071: checks
aenko: bets $3
jl45259071: folds
Uncalled bet ($3) returned to aenko
aenko collected $11.76 from pot
aenko: doesn't show hand
jl45259071 leaves the table
*** SUMMARY ***
Total pot $12 | Rake $0.24
Board [Qd As 8s]
Seat 1: jl45259071 (big blind) folded on the Flop
Seat 2: aenko (button) (small blind) collected ($11.76)


PokerStars Hand #144252235178:  Hold'em Limit ($3/$6 USD) - 2015/11/23 3:52:19 ET
Table 'Undina' 2-max Seat #1 is the button
Seat 1: jl45259071 ($388.63 in chips)
Seat 2: aenko ($193.06 in chips)
jl45259071: posts small blind $1
aenko: posts big blind $3
*** HOLE CARDS ***
jl45259071: folds
Uncalled bet ($2) returned to aenko
aenko collected $2 from pot
aenko: doesn't show hand
*** SUMMARY ***
Total pot $2 | Rake $0
Seat 1: jl45259071 (button) (small blind) folded before Flop
Seat 2: aenko (big blind) collected ($2)


PokerStars Hand #144252229068:  Hold'em Limit ($3/$6 USD) - 2015/11/23 3:51:58 ET
Table 'Undina' 2-max Seat #2 is the button
Seat 1: jl45259071 ($400.63 in chips)
Seat 2: aenko ($181.54 in chips)
aenko: posts small blind $1
jl45259071: posts big blind $3
*** HOLE CARDS ***
aenko: raises $3 to $6
jl45259071: calls $3
*** FLOP *** [9c 8h 3h]
jl45259071: checks
aenko: checks
*** TURN *** [9c 8h 3h] [7d]
jl45259071: bets $6
aenko: raises $6 to $12
jl45259071: folds
Uncalled bet ($6) returned to aenko
aenko collected $23.52 from pot
aenko: doesn't show hand
*** SUMMARY ***
Total pot $24 | Rake $0.48
Board [9c 8h 3h 7d]
Seat 1: jl45259071 (big blind) folded on the Turn
Seat 2: aenko (button) (small blind) collected ($23.52)


PokerStars Hand #144252217350:  Hold'em Limit ($3/$6 USD) - 2015/11/23 3:51:20 ET
Table 'Undina' 2-max Seat #1 is the button
Seat 1: jl45259071 ($409.63 in chips)
Seat 2: aenko ($172.90 in chips)
jl45259071: posts small blind $1
aenko: posts big blind $3
*** HOLE CARDS ***
jl45259071: calls $2
aenko: checks
*** FLOP *** [7d Td 2c]
aenko: checks
jl45259071: checks
*** TURN *** [7d Td 2c] [Jd]
aenko: checks
jl45259071: bets $6
aenko: calls $6
*** RIVER *** [7d Td 2c Jd] [8h]
aenko: checks
jl45259071: checks
*** SHOW DOWN ***
aenko: shows [8s 2s] (two pair, Eights and Deuces)
jl45259071: mucks hand
aenko collected $17.64 from pot
*** SUMMARY ***
Total pot $18 | Rake $0.36
Board [7d Td 2c Jd 8h]
Seat 1: jl45259071 (button) (small blind) mucked
Seat 2: aenko (big blind) showed [8s 2s] and won ($17.64) with two pair, Eights and Deuces


