PokerStars Hand #150485288434:  Hold'em Limit ($3/$6 USD) - 2016/03/17 8:23:41 ET
Table 'Undina' 6-max Seat #2 is the button
Seat 2: nashmed99 ($312.53 in chips)
Seat 4: Agrotait ($72 in chips)
nashmed99: posts small blind $1
Agrotait: posts big blind $3
*** HOLE CARDS ***
nashmed99: folds
Uncalled bet ($2) returned to Agrotait
Agrotait collected $2 from pot
Agrotait: doesn't show hand
*** SUMMARY ***
Total pot $2 | Rake $0
Seat 2: nashmed99 (button) (small blind) folded before Flop
Seat 4: Agrotait (big blind) collected ($2)


PokerStars Hand #150485346328:  Hold'em Limit ($3/$6 USD) - 2016/03/17 8:25:33 ET
Table 'Undina' 6-max Seat #4 is the button
Seat 2: nashmed99 ($302.41 in chips)
Seat 4: Agrotait ($81.52 in chips)
Agrotait: posts small blind $1
nashmed99: posts big blind $3
*** HOLE CARDS ***
Agrotait: raises $3 to $6
SmellyToes4u joins the table at seat #3
nashmed99: calls $3
*** FLOP *** [Ts Js Ad]
nashmed99: checks
Agrotait: bets $3
nashmed99: calls $3
*** TURN *** [Ts Js Ad] [Jh]
nashmed99: checks
Agrotait: bets $6
nashmed99: calls $6
*** RIVER *** [Ts Js Ad Jh] [8s]
nashmed99: checks
Agrotait: bets $6
nashmed99: calls $6
*** SHOW DOWN ***
Agrotait: shows [3d Jc] (three of a kind, Jacks)
nashmed99: mucks hand
Agrotait collected $41.50 from pot
*** SUMMARY ***
Total pot $42 | Rake $0.50
Board [Ts Js Ad Jh 8s]
Seat 2: nashmed99 (big blind) mucked
Seat 4: Agrotait (button) (small blind) showed [3d Jc] and won ($41.50) with three of a kind, Jacks


PokerStars Hand #150485329090:  Hold'em Limit ($3/$6 USD) - 2016/03/17 8:25:00 ET
Table 'Undina' 6-max Seat #2 is the button
Seat 2: nashmed99 ($299.53 in chips)
Seat 4: Agrotait ($84.52 in chips)
nashmed99: posts small blind $1
Agrotait: posts big blind $3
*** HOLE CARDS ***
nashmed99: calls $2
Agrotait: checks
*** FLOP *** [6c 9s 3h]
Agrotait: checks
nashmed99: bets $3
Agrotait: folds
Uncalled bet ($3) returned to nashmed99
nashmed99 collected $5.88 from pot
nashmed99: doesn't show hand
*** SUMMARY ***
Total pot $6 | Rake $0.12
Board [6c 9s 3h]
Seat 2: nashmed99 (button) (small blind) collected ($5.88)
Seat 4: Agrotait (big blind) folded on the Flop


PokerStars Hand #150485297411:  Hold'em Limit ($3/$6 USD) - 2016/03/17 8:23:59 ET
Table 'Undina' 6-max Seat #4 is the button
Seat 2: nashmed99 ($311.53 in chips)
Seat 4: Agrotait ($73 in chips)
Agrotait: posts small blind $1
nashmed99: posts big blind $3
*** HOLE CARDS ***
Agrotait: raises $3 to $6
nashmed99: calls $3
*** FLOP *** [8s 4c Jc]
RockKillerTY joins the table at seat #3
nashmed99: checks
Agrotait: bets $3
nashmed99: raises $3 to $6
RockKillerTY leaves the table
Agrotait: calls $3
*** TURN *** [8s 4c Jc] [6c]
nashmed99: checks
Agrotait: checks
*** RIVER *** [8s 4c Jc 6c] [Td]
nashmed99: checks
Agrotait: bets $6
nashmed99: folds
Uncalled bet ($6) returned to Agrotait
Agrotait collected $23.52 from pot
Agrotait: doesn't show hand
*** SUMMARY ***
Total pot $24 | Rake $0.48
Board [8s 4c Jc 6c Td]
Seat 2: nashmed99 (big blind) folded on the River
Seat 4: Agrotait (button) (small blind) collected ($23.52)


