PokerStars Hand #170925881045:  Hold'em Limit ($3/$6 USD) - 2017/05/26 0:53:42 ET
Table 'Undina' 10-max Seat #1 is the button
Seat 1: Allegro75 ($72 in chips)
Seat 5: Cero2121 ($68.16 in chips)
Allegro75: posts small blind $1
Cero2121: posts big blind $3
*** HOLE CARDS ***
Allegro75: raises $3 to $6
Cero2121: folds
Uncalled bet ($3) returned to Allegro75
Allegro75 collected $6 from pot
Allegro75: doesn't show hand
*** SUMMARY ***
Total pot $6 | Rake $0
Seat 1: Allegro75 (button) (small blind) collected ($6)
Seat 5: Cero2121 (big blind) folded before Flop


PokerStars Hand #170925890309:  Hold'em Limit ($3/$6 USD) - 2017/05/26 0:54:18 ET
Table 'Undina' 10-max Seat #5 is the button
Seat 1: Allegro75 ($85.52 in chips)
Seat 5: Cero2121 ($54.16 in chips)
Cero2121: posts small blind $1
Allegro75: posts big blind $3
*** HOLE CARDS ***
Cero2121: calls $2
Allegro75: checks
*** FLOP *** [4d 7d 5s]
Allegro75: checks
Cero2121: bets $3
Allegro75: calls $3
*** TURN *** [4d 7d 5s] [Ad]
Allegro75: checks
Cero2121: checks
*** RIVER *** [4d 7d 5s Ad] [Qh]
Allegro75: checks
Cero2121: bets $6
Allegro75: calls $6
*** SHOW DOWN ***
Cero2121: shows [Qs 8h] (a pair of Queens)
Allegro75: mucks hand
Cero2121 collected $23.52 from pot
*** SUMMARY ***
Total pot $24 | Rake $0.48
Board [4d 7d 5s Ad Qh]
Seat 1: Allegro75 (big blind) mucked
Seat 5: Cero2121 (button) (small blind) showed [Qs 8h] and won ($23.52) with a pair of Queens


PokerStars Hand #170925889126:  Hold'em Limit ($3/$6 USD) - 2017/05/26 0:54:13 ET
Table 'Undina' 10-max Seat #1 is the button
Seat 1: Allegro75 ($86.52 in chips)
Seat 5: Cero2121 ($53.16 in chips)
Allegro75: posts small blind $1
Cero2121: posts big blind $3
*** HOLE CARDS ***
Allegro75: folds
Uncalled bet ($2) returned to Cero2121
Cero2121 collected $2 from pot
Cero2121: doesn't show hand
*** SUMMARY ***
Total pot $2 | Rake $0
Seat 1: Allegro75 (button) (small blind) folded before Flop
Seat 5: Cero2121 (big blind) collected ($2)


PokerStars Hand #170925882617:  Hold'em Limit ($3/$6 USD) - 2017/05/26 0:53:48 ET
Table 'Undina' 10-max Seat #5 is the button
Seat 1: Allegro75 ($75 in chips)
Seat 5: Cero2121 ($65.16 in chips)
Cero2121: posts small blind $1
Allegro75: posts big blind $3
*** HOLE CARDS ***
Cero2121: raises $3 to $6
Allegro75: calls $3
*** FLOP *** [Jc 7s Ts]
Allegro75: checks
Cero2121: checks
*** TURN *** [Jc 7s Ts] [8h]
Allegro75: checks
Cero2121: checks
*** RIVER *** [Jc 7s Ts 8h] [Ad]
Allegro75: checks
Cero2121: bets $6
Allegro75: calls $6
*** SHOW DOWN ***
Cero2121: shows [Kh 5h] (high card Ace)
Allegro75: shows [Qs 8d] (a pair of Eights)
Allegro75 collected $23.52 from pot
*** SUMMARY ***
Total pot $24 | Rake $0.48
Board [Jc 7s Ts 8h Ad]
Seat 1: Allegro75 (big blind) showed [Qs 8d] and won ($23.52) with a pair of Eights
Seat 5: Cero2121 (button) (small blind) showed [Kh 5h] and lost with high card Ace


PokerStars Hand #170925907208:  Hold'em Limit ($3/$6 USD) - 2017/05/26 0:55:24 ET
Table 'Undina' 10-max Seat #1 is the button
Seat 1: Allegro75 ($96.02 in chips)
Seat 5: Cero2121 ($42.68 in chips)
Allegro75: posts small blind $1
Cero2121: posts big blind $3
*** HOLE CARDS ***
Allegro75: raises $3 to $6
Cero2121: folds
Uncalled bet ($3) returned to Allegro75
Allegro75 collected $6 from pot
Allegro75: doesn't show hand
*** SUMMARY ***
Total pot $6 | Rake $0
Seat 1: Allegro75 (button) (small blind) collected ($6)
Seat 5: Cero2121 (big blind) folded before Flop


PokerStars Hand #170925899286:  Hold'em Limit ($3/$6 USD) - 2017/05/26 0:54:53 ET
Table 'Undina' 10-max Seat #5 is the button
Seat 1: Allegro75 ($72.52 in chips)
Seat 5: Cero2121 ($66.68 in chips)
Cero2121: posts small blind $1
Allegro75: posts big blind $3
*** HOLE CARDS ***
Cero2121: raises $3 to $6
Allegro75: raises $3 to $9
Cero2121: calls $3
*** FLOP *** [Qh 5d 9h]
Allegro75: bets $3
Cero2121: raises $3 to $6
Allegro75: raises $3 to $9
Cero2121: calls $3
*** TURN *** [Qh 5d 9h] [9c]
Allegro75: bets $6
Cero2121: calls $6
*** RIVER *** [Qh 5d 9h 9c] [6c]
Allegro75: bets $6
Cero2121: folds
Uncalled bet ($6) returned to Allegro75
Allegro75 collected $47.50 from pot
Allegro75: doesn't show hand
*** SUMMARY ***
Total pot $48 | Rake $0.50
Board [Qh 5d 9h 9c 6c]
Seat 1: Allegro75 (big blind) collected ($47.50)
Seat 5: Cero2121 (button) (small blind) folded on the River


PokerStars Hand #170925908653:  Hold'em Limit ($3/$6 USD) - 2017/05/26 0:55:31 ET
Table 'Undina' 10-max Seat #5 is the button
Seat 1: Allegro75 ($99.02 in chips)
Seat 5: Cero2121 ($39.68 in chips)
Cero2121: posts small blind $1
Allegro75: posts big blind $3
*** HOLE CARDS ***
Cero2121: calls $2
Allegro75: raises $3 to $6
Cero2121: folds
Uncalled bet ($3) returned to Allegro75
Allegro75 collected $6 from pot
Allegro75: doesn't show hand
*** SUMMARY ***
Total pot $6 | Rake $0
Seat 1: Allegro75 (big blind) collected ($6)
Seat 5: Cero2121 (button) (small blind) folded before Flop


PokerStars Hand #170925897456:  Hold'em Limit ($3/$6 USD) - 2017/05/26 0:54:46 ET
Table 'Undina' 10-max Seat #1 is the button
Seat 1: Allegro75 ($73.52 in chips)
Seat 5: Cero2121 ($65.68 in chips)
Allegro75: posts small blind $1
Cero2121: posts big blind $3
*** HOLE CARDS ***
Allegro75: folds
Uncalled bet ($2) returned to Cero2121
Cero2121 collected $2 from pot
Cero2121: doesn't show hand
*** SUMMARY ***
Total pot $2 | Rake $0
Seat 1: Allegro75 (button) (small blind) folded before Flop
Seat 5: Cero2121 (big blind) collected ($2)


PokerStars Hand #170925915558:  Hold'em Limit ($3/$6 USD) - 2017/05/26 0:56:01 ET
Table 'Undina' 10-max Seat #5 is the button
Seat 1: Allegro75 ($107.78 in chips)
Seat 5: Cero2121 ($30.68 in chips)
Cero2121: posts small blind $1
Allegro75: posts big blind $3
*** HOLE CARDS ***
Cero2121: folds
Uncalled bet ($2) returned to Allegro75
Allegro75 collected $2 from pot
Allegro75: doesn't show hand
*** SUMMARY ***
Total pot $2 | Rake $0
Seat 1: Allegro75 (big blind) collected ($2)
Seat 5: Cero2121 (button) (small blind) folded before Flop


PokerStars Hand #170925919866:  Hold'em Limit ($3/$6 USD) - 2017/05/26 0:56:19 ET
Table 'Undina' 10-max Seat #5 is the button
Seat 1: Allegro75 ($99.78 in chips)
Seat 5: Cero2121 ($38.32 in chips)
Cero2121: posts small blind $1
Allegro75: posts big blind $3
*** HOLE CARDS ***
Cero2121: raises $3 to $6
Allegro75: calls $3
*** FLOP *** [Ah Qd Kd]
Allegro75: checks
Cero2121: bets $3
Allegro75: folds
Uncalled bet ($3) returned to Cero2121
Cero2121 collected $11.76 from pot
Cero2121: doesn't show hand
*** SUMMARY ***
Total pot $12 | Rake $0.24
Board [Ah Qd Kd]
Seat 1: Allegro75 (big blind) folded on the Flop
Seat 5: Cero2121 (button) (small blind) collected ($11.76)


PokerStars Hand #170925916863:  Hold'em Limit ($3/$6 USD) - 2017/05/26 0:56:06 ET
Table 'Undina' 10-max Seat #1 is the button
Seat 1: Allegro75 ($108.78 in chips)
Seat 5: Cero2121 ($29.68 in chips)
Allegro75: posts small blind $1
Cero2121: posts big blind $3
*** HOLE CARDS ***
Allegro75: raises $3 to $6
Cero2121: raises $3 to $9
Allegro75: calls $3
*** FLOP *** [Tc 7c 7d]
Cero2121: bets $3
Allegro75: folds
Uncalled bet ($3) returned to Cero2121
Cero2121 collected $17.64 from pot
Cero2121: doesn't show hand
*** SUMMARY ***
Total pot $18 | Rake $0.36
Board [Tc 7c 7d]
Seat 1: Allegro75 (button) (small blind) folded on the Flop
Seat 5: Cero2121 (big blind) collected ($17.64)


PokerStars Hand #170925911596:  Hold'em Limit ($3/$6 USD) - 2017/05/26 0:55:44 ET
Table 'Undina' 10-max Seat #1 is the button
Seat 1: Allegro75 ($102.02 in chips)
Seat 5: Cero2121 ($36.68 in chips)
Allegro75: posts small blind $1
Cero2121: posts big blind $3
*** HOLE CARDS ***
Allegro75: raises $3 to $6
Cero2121: calls $3
*** FLOP *** [Ah 6s Qs]
Cero2121: checks
Allegro75: bets $3
Cero2121: folds
Uncalled bet ($3) returned to Allegro75
Allegro75 collected $11.76 from pot
Allegro75: doesn't show hand
*** SUMMARY ***
Total pot $12 | Rake $0.24
Board [Ah 6s Qs]
Seat 1: Allegro75 (button) (small blind) collected ($11.76)
Seat 5: Cero2121 (big blind) folded on the Flop


PokerStars Hand #170925923597:  Hold'em Limit ($3/$6 USD) - 2017/05/26 0:56:35 ET
Table 'Undina' 10-max Seat #1 is the button
Seat 1: Allegro75 ($93.78 in chips)
Seat 5: Cero2121 ($44.08 in chips)
Allegro75: posts small blind $1
Cero2121: posts big blind $3
*** HOLE CARDS ***
Allegro75: raises $3 to $6
Cero2121: calls $3
*** FLOP *** [2d 9d Kd]
Cero2121: checks
kikiriki joins the table at seat #8
Allegro75: bets $3
Cero2121: calls $3
*** TURN *** [2d 9d Kd] [Kc]
Cero2121: checks
Allegro75: bets $6
Cero2121: calls $6
*** RIVER *** [2d 9d Kd Kc] [5s]
Cero2121: checks
Allegro75: bets $6
Cero2121: calls $6
*** SHOW DOWN ***
Allegro75: shows [9s Ad] (two pair, Kings and Nines)
Cero2121: mucks hand
Allegro75 collected $41.50 from pot
*** SUMMARY ***
Total pot $42 | Rake $0.50
Board [2d 9d Kd Kc 5s]
Seat 1: Allegro75 (button) (small blind) showed [9s Ad] and won ($41.50) with two pair, Kings and Nines
Seat 5: Cero2121 (big blind) mucked


PokerStars Hand #170925966934:  Hold'em Limit ($3/$6 USD) - 2017/05/26 0:59:40 ET
Table 'Undina' 10-max Seat #1 is the button
Seat 1: Allegro75 ($90.90 in chips)
Seat 8: kikiriki ($161.45 in chips)
Allegro75: posts small blind $1
kikiriki: posts big blind $3
*** HOLE CARDS ***
Allegro75: raises $3 to $6
kikiriki: calls $3
*** FLOP *** [Td Kc 5d]
kikiriki: checks
Allegro75: bets $3
kikiriki: folds
Uncalled bet ($3) returned to Allegro75
Allegro75 collected $11.76 from pot
Allegro75: doesn't show hand
*** SUMMARY ***
Total pot $12 | Rake $0.24
Board [Td Kc 5d]
Seat 1: Allegro75 (button) (small blind) collected ($11.76)
Seat 8: kikiriki (big blind) folded on the Flop


PokerStars Hand #170925961938:  Hold'em Limit ($3/$6 USD) - 2017/05/26 0:59:19 ET
Table 'Undina' 10-max Seat #8 is the button
Seat 1: Allegro75 ($99.90 in chips)
Seat 8: kikiriki ($152.81 in chips)
kikiriki: posts small blind $1
Allegro75: posts big blind $3
*** HOLE CARDS ***
kikiriki: raises $3 to $6
Allegro75: calls $3
*** FLOP *** [8c 7c Th]
Allegro75: checks
kikiriki: bets $3
Allegro75: calls $3
*** TURN *** [8c 7c Th] [Jc]
Allegro75: checks
kikiriki: checks
*** RIVER *** [8c 7c Th Jc] [8d]
Allegro75: checks
kikiriki: checks
*** SHOW DOWN ***
Allegro75: shows [Qc 3s] (a pair of Eights)
kikiriki: shows [Td Kh] (two pair, Tens and Eights)
kikiriki collected $17.64 from pot
*** SUMMARY ***
Total pot $18 | Rake $0.36
Board [8c 7c Th Jc 8d]
Seat 1: Allegro75 (big blind) showed [Qc 3s] and lost with a pair of Eights
Seat 8: kikiriki (button) (small blind) showed [Td Kh] and won ($17.64) with two pair, Tens and Eights


PokerStars Hand #170925960630:  Hold'em Limit ($3/$6 USD) - 2017/05/26 0:59:13 ET
Table 'Undina' 10-max Seat #1 is the button
Seat 1: Allegro75 ($100.90 in chips)
Seat 8: kikiriki ($151.81 in chips)
Allegro75: posts small blind $1
kikiriki: posts big blind $3
*** HOLE CARDS ***
Allegro75: folds
Uncalled bet ($2) returned to kikiriki
Cero2121 leaves the table
kikiriki collected $2 from pot
kikiriki: doesn't show hand
*** SUMMARY ***
Total pot $2 | Rake $0
Seat 1: Allegro75 (button) (small blind) folded before Flop
Seat 8: kikiriki (big blind) collected ($2)


PokerStars Hand #170925974806:  Hold'em Limit ($3/$6 USD) - 2017/05/26 1:00:13 ET
Table 'Undina' 10-max Seat #8 is the button
Seat 1: Allegro75 ($82.66 in chips)
Seat 8: kikiriki ($168.95 in chips)
kikiriki: posts small blind $1
Allegro75: posts big blind $3
*** HOLE CARDS ***
kikiriki: raises $3 to $6
Allegro75: calls $3
*** FLOP *** [9s Kh 3h]
Homasapien leaves the table
Allegro75: checks
kikiriki: checks
*** TURN *** [9s Kh 3h] [Ah]
Allegro75: checks
kikiriki: bets $6
Allegro75: calls $6
*** RIVER *** [9s Kh 3h Ah] [5d]
Allegro75: checks
kikiriki: checks
*** SHOW DOWN ***
Allegro75: shows [Kc 2c] (a pair of Kings)
kikiriki: mucks hand
Allegro75 collected $23.52 from pot
*** SUMMARY ***
Total pot $24 | Rake $0.48
Board [9s Kh 3h Ah 5d]
Seat 1: Allegro75 (big blind) showed [Kc 2c] and won ($23.52) with a pair of Kings
Seat 8: kikiriki (button) (small blind) mucked


PokerStars Hand #170925970440:  Hold'em Limit ($3/$6 USD) - 2017/05/26 0:59:55 ET
Table 'Undina' 10-max Seat #1 is the button
Seat 1: Allegro75 ($97.66 in chips)
Seat 8: kikiriki ($154.45 in chips)
Allegro75: posts small blind $1
kikiriki: posts big blind $3
*** HOLE CARDS ***
Allegro75: raises $3 to $6
kikiriki: calls $3
*** FLOP *** [9d 8c 8s]
kikiriki: checks
Allegro75: bets $3
kikiriki: calls $3
*** TURN *** [9d 8c 8s] [8h]
kikiriki: checks
Allegro75: bets $6
kikiriki: raises $6 to $12
Allegro75: folds
Uncalled bet ($6) returned to kikiriki
kikiriki collected $29.50 from pot
kikiriki: doesn't show hand
*** SUMMARY ***
Total pot $30 | Rake $0.50
Board [9d 8c 8s 8h]
Seat 1: Allegro75 (button) (small blind) folded on the Turn
Seat 8: kikiriki (big blind) collected ($29.50)


PokerStars Hand #170925978731:  Hold'em Limit ($3/$6 USD) - 2017/05/26 1:00:29 ET
Table 'Undina' 10-max Seat #1 is the button
Seat 1: Allegro75 ($94.18 in chips)
Seat 8: kikiriki ($156.95 in chips)
Allegro75: posts small blind $1
kikiriki: posts big blind $3
*** HOLE CARDS ***
Allegro75: raises $3 to $6
kikiriki: calls $3
*** FLOP *** [Kd 6h 2h]
kikiriki: checks
Allegro75: bets $3
kikiriki: calls $3
*** TURN *** [Kd 6h 2h] [8d]
kikiriki: checks
Allegro75: checks
*** RIVER *** [Kd 6h 2h 8d] [4s]
kikiriki: checks
Allegro75: checks
*** SHOW DOWN ***
kikiriki: shows [Ac Js] (high card Ace)
Allegro75: mucks hand
kikiriki collected $17.64 from pot
*** SUMMARY ***
Total pot $18 | Rake $0.36
Board [Kd 6h 2h 8d 4s]
Seat 1: Allegro75 (button) (small blind) mucked
Seat 8: kikiriki (big blind) showed [Ac Js] and won ($17.64) with high card Ace


PokerStars Hand #170925969227:  Hold'em Limit ($3/$6 USD) - 2017/05/26 0:59:49 ET
Table 'Undina' 10-max Seat #8 is the button
Seat 1: Allegro75 ($96.66 in chips)
Seat 8: kikiriki ($155.45 in chips)
kikiriki: posts small blind $1
Allegro75: posts big blind $3
*** HOLE CARDS ***
kikiriki: folds
Uncalled bet ($2) returned to Allegro75
Allegro75 collected $2 from pot
Allegro75: doesn't show hand
*** SUMMARY ***
Total pot $2 | Rake $0
Seat 1: Allegro75 (big blind) collected ($2)
Seat 8: kikiriki (button) (small blind) folded before Flop


PokerStars Hand #170925994959:  Hold'em Limit ($3/$6 USD) - 2017/05/26 1:01:33 ET
Table 'Undina' 10-max Seat #1 is the button
Seat 1: Allegro75 ($73 in chips)
Seat 8: kikiriki ($199.61 in chips)
Allegro75: posts small blind $1
kikiriki: posts big blind $3
*** HOLE CARDS ***
Allegro75: raises $3 to $6
kikiriki: calls $3
*** FLOP *** [9c 7d Qc]
kikiriki: checks
Allegro75: bets $3
kikiriki: folds
Uncalled bet ($3) returned to Allegro75
Allegro75 collected $11.76 from pot
Allegro75: doesn't show hand
*** SUMMARY ***
Total pot $12 | Rake $0.24
Board [9c 7d Qc]
Seat 1: Allegro75 (button) (small blind) collected ($11.76)
Seat 8: kikiriki (big blind) folded on the Flop


PokerStars Hand #170925989578:  Hold'em Limit ($3/$6 USD) - 2017/05/26 1:01:13 ET
Table 'Undina' 10-max Seat #1 is the button
Seat 1: Allegro75 ($73 in chips)
Seat 8: kikiriki ($189.09 in chips)
Allegro75: posts small blind $1
kikiriki: posts big blind $3
*** HOLE CARDS ***
Allegro75: raises $3 to $6
kikiriki: calls $3
*** FLOP *** [4s Qh 7c]
kikiriki: checks
Allegro75: checks
*** TURN *** [4s Qh 7c] [Qd]
kikiriki: checks
Allegro75: bets $6
kikiriki: calls $6
*** RIVER *** [4s Qh 7c Qd] [5h]
kikiriki: checks
Allegro75: checks
*** SHOW DOWN ***
kikiriki: shows [2c Ks] (a pair of Queens)
Allegro75: mucks hand
kikiriki collected $23.52 from pot
*** SUMMARY ***
Total pot $24 | Rake $0.48
Board [4s Qh 7c Qd 5h]
Seat 1: Allegro75 (button) (small blind) mucked
Seat 8: kikiriki (big blind) showed [2c Ks] and won ($23.52) with a pair of Queens


PokerStars Hand #170925986713:  Hold'em Limit ($3/$6 USD) - 2017/05/26 1:01:01 ET
Table 'Undina' 10-max Seat #1 is the button
Seat 1: Allegro75 ($72 in chips)
Seat 8: kikiriki ($189.09 in chips)
Allegro75: posts small blind $1
kikiriki: posts big blind $3
*** HOLE CARDS ***
Allegro75: folds
Uncalled bet ($2) returned to kikiriki
kikiriki collected $2 from pot
kikiriki: doesn't show hand
*** SUMMARY ***
Total pot $2 | Rake $0
Seat 1: Allegro75 (button) (small blind) folded before Flop
Seat 8: kikiriki (big blind) collected ($2)


PokerStars Hand #170925993646:  Hold'em Limit ($3/$6 USD) - 2017/05/26 1:01:28 ET
Table 'Undina' 10-max Seat #8 is the button
Seat 1: Allegro75 ($72 in chips)
Seat 8: kikiriki ($200.61 in chips)
kikiriki: posts small blind $1
Allegro75: posts big blind $3
*** HOLE CARDS ***
kikiriki: folds
Uncalled bet ($2) returned to Allegro75
Allegro75 collected $2 from pot
Allegro75: doesn't show hand
*** SUMMARY ***
Total pot $2 | Rake $0
Seat 1: Allegro75 (big blind) collected ($2)
Seat 8: kikiriki (button) (small blind) folded before Flop


PokerStars Hand #170925982263:  Hold'em Limit ($3/$6 USD) - 2017/05/26 1:00:43 ET
Table 'Undina' 10-max Seat #8 is the button
Seat 1: Allegro75 ($85.18 in chips)
Seat 8: kikiriki ($165.59 in chips)
kikiriki: posts small blind $1
Allegro75: posts big blind $3
*** HOLE CARDS ***
kikiriki: raises $3 to $6
Allegro75: calls $3
*** FLOP *** [8d 7s Ts]
Allegro75: checks
kikiriki: bets $3
Allegro75: raises $3 to $6
kikiriki: calls $3
*** TURN *** [8d 7s Ts] [2h]
Allegro75: bets $6
kikiriki: calls $6
*** RIVER *** [8d 7s Ts 2h] [Jc]
Allegro75: bets $6
kikiriki: calls $6
*** SHOW DOWN ***
Allegro75: shows [Kh 8s] (a pair of Eights)
kikiriki: shows [Jh Qc] (a pair of Jacks)
kikiriki collected $47.50 from pot
*** SUMMARY ***
Total pot $48 | Rake $0.50
Board [8d 7s Ts 2h Jc]
Seat 1: Allegro75 (big blind) showed [Kh 8s] and lost with a pair of Eights
Seat 8: kikiriki (button) (small blind) showed [Jh Qc] and won ($47.50) with a pair of Jacks


PokerStars Hand #170925988384:  Hold'em Limit ($3/$6 USD) - 2017/05/26 1:01:08 ET
Table 'Undina' 10-max Seat #8 is the button
Seat 1: Allegro75 ($72 in chips)
Seat 8: kikiriki ($190.09 in chips)
kikiriki: posts small blind $1
Allegro75: posts big blind $3
*** HOLE CARDS ***
kikiriki: folds
Uncalled bet ($2) returned to Allegro75
Allegro75 collected $2 from pot
Allegro75: doesn't show hand
*** SUMMARY ***
Total pot $2 | Rake $0
Seat 1: Allegro75 (big blind) collected ($2)
Seat 8: kikiriki (button) (small blind) folded before Flop


PokerStars Hand #170925998499:  Hold'em Limit ($3/$6 USD) - 2017/05/26 1:01:48 ET
Table 'Undina' 10-max Seat #8 is the button
Seat 1: Allegro75 ($78.76 in chips)
Seat 8: kikiriki ($193.61 in chips)
kikiriki: posts small blind $1
Allegro75: posts big blind $3
*** HOLE CARDS ***
kikiriki: raises $3 to $6
Allegro75: folds
Uncalled bet ($3) returned to kikiriki
kikiriki collected $6 from pot
kikiriki: doesn't show hand
*** SUMMARY ***
Total pot $6 | Rake $0
Seat 1: Allegro75 (big blind) folded before Flop
Seat 8: kikiriki (button) (small blind) collected ($6)


PokerStars Hand #170926004200:  Hold'em Limit ($3/$6 USD) - 2017/05/26 1:02:09 ET
Table 'Undina' 10-max Seat #1 is the button
Seat 1: Allegro75 ($75.76 in chips)
Seat 8: kikiriki ($196.61 in chips)
Allegro75: posts small blind $1
kikiriki: posts big blind $3
*** HOLE CARDS ***
Allegro75: raises $3 to $6
kikiriki: calls $3
*** FLOP *** [5d 8h Ad]
kikiriki: checks
Allegro75: bets $3
kikiriki: folds
Uncalled bet ($3) returned to Allegro75
kikiriki leaves the table
Allegro75 collected $11.76 from pot
Allegro75: doesn't show hand
*** SUMMARY ***
Total pot $12 | Rake $0.24
Board [5d 8h Ad]
Seat 1: Allegro75 (button) (small blind) collected ($11.76)
Seat 8: kikiriki (big blind) folded on the Flop


PokerStars Hand #170948093357:  Hold'em Limit ($3/$6 USD) - 2017/05/26 14:40:04 ET
Table 'Undina' 10-max Seat #4 is the button
Seat 4: Auge72 ($38.72 in chips)
Seat 10: MTails ($120 in chips)
Auge72: posts small blind $1
MTails: posts big blind $3
*** HOLE CARDS ***
Auge72: calls $2
MTails: raises $3 to $6
Auge72: calls $3
*** FLOP *** [8c 9h 3s]
vestimokrec joins the table at seat #5
MTails: bets $3
Auge72: calls $3
*** TURN *** [8c 9h 3s] [Th]
MTails: bets $6
Auge72: calls $6
*** RIVER *** [8c 9h 3s Th] [Tc]
MTails: checks
Auge72: bets $6
B_loJkl joins the table at seat #6
MTails: folds
Uncalled bet ($6) returned to Auge72
Auge72 collected $29.50 from pot
Auge72: doesn't show hand
*** SUMMARY ***
Total pot $30 | Rake $0.50
Board [8c 9h 3s Th Tc]
Seat 4: Auge72 (button) (small blind) collected ($29.50)
Seat 10: MTails (big blind) folded on the River


