PokerStars Hand #149661212430:  Hold'em Limit ($3/$6 USD) - 2016/03/01 7:50:01 ET
Table 'Undina' 6-max Seat #1 is the button
Seat 1: VolkovDmitri ($121 in chips)
Seat 3: tweemeterzes ($142.50 in chips)
geziface joins the table at seat #5
VolkovDmitri: posts small blind $1
tweemeterzes: posts big blind $3
*** HOLE CARDS ***
VolkovDmitri: raises $3 to $6
tweemeterzes: folds
Uncalled bet ($3) returned to VolkovDmitri
VolkovDmitri collected $6 from pot
*** SUMMARY ***
Total pot $6 | Rake $0
Seat 1: VolkovDmitri (button) (small blind) collected ($6)
Seat 3: tweemeterzes (big blind) folded before Flop


PokerStars Hand #149661208813:  Hold'em Limit ($3/$6 USD) - 2016/03/01 7:49:55 ET
Table 'Undina' 6-max Seat #3 is the button
Seat 1: VolkovDmitri ($120 in chips)
Seat 3: tweemeterzes ($143.50 in chips)
tweemeterzes: posts small blind $1
VolkovDmitri: posts big blind $3
*** HOLE CARDS ***
tweemeterzes: folds
Uncalled bet ($2) returned to VolkovDmitri
VolkovDmitri collected $2 from pot
*** SUMMARY ***
Total pot $2 | Rake $0
Seat 1: VolkovDmitri (big blind) collected ($2)
Seat 3: tweemeterzes (button) (small blind) folded before Flop


PokerStars Hand #149661259204:  Hold'em Limit ($3/$6 USD) - 2016/03/01 7:51:22 ET
Table 'Undina' 6-max Seat #1 is the button
Seat 1: VolkovDmitri ($132.64 in chips)
Seat 5: geziface ($142.83 in chips)
VolkovDmitri: posts small blind $1
geziface: posts big blind $3
*** HOLE CARDS ***
VolkovDmitri: raises $3 to $6
geziface: folds
Uncalled bet ($3) returned to VolkovDmitri
VolkovDmitri collected $6 from pot
VolkovDmitri: doesn't show hand
*** SUMMARY ***
Total pot $6 | Rake $0
Seat 1: VolkovDmitri (button) (small blind) collected ($6)
Seat 5: geziface (big blind) folded before Flop


PokerStars Hand #149661232672:  Hold'em Limit ($3/$6 USD) - 2016/03/01 7:50:36 ET
Table 'Undina' 6-max Seat #5 is the button
Seat 1: VolkovDmitri ($124 in chips)
Seat 5: geziface ($151.83 in chips)
geziface: posts small blind $1
VolkovDmitri: posts big blind $3
*** HOLE CARDS ***
geziface: calls $2
BuzovaPro joins the table at seat #6
VolkovDmitri: checks
*** FLOP *** [3c 7h Kh]
VolkovDmitri: checks
geziface: checks
*** TURN *** [3c 7h Kh] [6s]
VolkovDmitri: bets $6
geziface: calls $6
*** RIVER *** [3c 7h Kh 6s] [2c]
VolkovDmitri: bets $6
geziface: folds
Uncalled bet ($6) returned to VolkovDmitri
VolkovDmitri collected $17.64 from pot
*** SUMMARY ***
Total pot $18 | Rake $0.36
Board [3c 7h Kh 6s 2c]
Seat 1: VolkovDmitri (big blind) collected ($17.64)
Seat 5: geziface (button) (small blind) folded on the River


PokerStars Hand #149661510823:  Hold'em Limit ($3/$6 USD) - 2016/03/01 7:59:01 ET
Table 'Undina' 6-max Seat #5 is the button
Seat 2: drillertag10 ($74.29 in chips)
Seat 5: BuzovaPro ($82.88 in chips)
tweemeterzes will be allowed to play after the button
BuzovaPro: posts small blind $1
VolkovDmitri: is sitting out
drillertag10: posts big blind $3
*** HOLE CARDS ***
VolkovDmitri leaves the table
BuzovaPro: raises $3 to $6
drillertag10: calls $3
*** FLOP *** [Qh 4d Jd]
drillertag10: checks
BuzovaPro: bets $3
drillertag10: calls $3
*** TURN *** [Qh 4d Jd] [6h]
VolkovDmitri joins the table at seat #4
drillertag10: checks
BuzovaPro: checks
*** RIVER *** [Qh 4d Jd 6h] [Kh]
drillertag10: checks
BuzovaPro: checks
*** SHOW DOWN ***
drillertag10: shows [Ts Jc] (a pair of Jacks)
BuzovaPro: mucks hand
drillertag10 collected $17.64 from pot
*** SUMMARY ***
Total pot $18 | Rake $0.36
Board [Qh 4d Jd 6h Kh]
Seat 2: drillertag10 (big blind) showed [Ts Jc] and won ($17.64) with a pair of Jacks
Seat 5: BuzovaPro (button) (small blind) mucked


PokerStars Hand #149665696988:  Hold'em Limit ($3/$6 USD) - 2016/03/01 9:48:07 ET
Table 'Undina' 6-max Seat #3 is the button
Seat 3: bodo1444 ($214.72 in chips)
Seat 5: DirtyDouble2 ($65.30 in chips)
bodo1444: posts small blind $1
DirtyDouble2: posts big blind $3
*** HOLE CARDS ***
bodo1444: raises $3 to $6
DirtyDouble2: raises $3 to $9
2GEDDY1 joins the table at seat #6
bodo1444: calls $3
*** FLOP *** [Tc Qd 2d]
DirtyDouble2: bets $3
bodo1444: raises $3 to $6
DirtyDouble2: calls $3
*** TURN *** [Tc Qd 2d] [Jh]
DirtyDouble2: checks
bodo1444: bets $6
B_loJkl joins the table at seat #1
DirtyDouble2: raises $6 to $12
bodo1444: raises $6 to $18
DirtyDouble2: calls $6
*** RIVER *** [Tc Qd 2d Jh] [Td]
DirtyDouble2: checks
bodo1444: bets $6
DirtyDouble2: folds
Uncalled bet ($6) returned to bodo1444
bodo1444 collected $65.50 from pot
bodo1444: doesn't show hand
*** SUMMARY ***
Total pot $66 | Rake $0.50
Board [Tc Qd 2d Jh Td]
Seat 3: bodo1444 (button) (small blind) collected ($65.50)
Seat 5: DirtyDouble2 (big blind) folded on the River


PokerStars Hand #149665692826:  Hold'em Limit ($3/$6 USD) - 2016/03/01 9:48:00 ET
Table 'Undina' 6-max Seat #5 is the button
Seat 3: bodo1444 ($213.72 in chips)
Seat 5: DirtyDouble2 ($66.30 in chips)
DirtyDouble2: posts small blind $1
B_loJkl: is sitting out
bodo1444: posts big blind $3
*** HOLE CARDS ***
B_loJkl leaves the table
DirtyDouble2: folds
Uncalled bet ($2) returned to bodo1444
bodo1444 collected $2 from pot
bodo1444: doesn't show hand
*** SUMMARY ***
Total pot $2 | Rake $0
Seat 3: bodo1444 (big blind) collected ($2)
Seat 5: DirtyDouble2 (button) (small blind) folded before Flop


