PokerStars Hand #167853443559:  Hold'em Limit ($3/$6 USD) - 2017/03/20 10:37:42 ET
Table 'Union' 6-max Seat #3 is the button
Seat 3: Gautamtam ($669.73 in chips)
Seat 4: Agrotait ($72 in chips)
Gautamtam: posts small blind $1
Agrotait: posts big blind $3
*** HOLE CARDS ***
Gautamtam: calls $2
procooda joins the table at seat #6
Agrotait: checks
*** FLOP *** [Ac 8d 8c]
Agrotait: checks
Gautamtam: bets $3
Agrotait: folds
Uncalled bet ($3) returned to Gautamtam
Gautamtam collected $5.88 from pot
Gautamtam: doesn't show hand
*** SUMMARY ***
Total pot $6 | Rake $0.12
Board [Ac 8d 8c]
Seat 3: Gautamtam (button) (small blind) collected ($5.88)
Seat 4: Agrotait (big blind) folded on the Flop


PokerStars Hand #167853603610:  Hold'em Limit ($3/$6 USD) - 2017/03/20 10:42:09 ET
Table 'Union' 6-max Seat #3 is the button
Seat 3: Gautamtam ($634.22 in chips)
Seat 5: MMike1948 ($125.10 in chips)
procooda has timed out while being disconnected
procooda: is sitting out
kolaz03 will be allowed to play after the button
Gautamtam: posts small blind $1
Agrotait: is sitting out
MMike1948: posts big blind $3
*** HOLE CARDS ***
Gautamtam: folds
Uncalled bet ($2) returned to MMike1948
MMike1948 collected $2 from pot
MMike1948: doesn't show hand
*** SUMMARY ***
Total pot $2 | Rake $0
Seat 3: Gautamtam (button) (small blind) folded before Flop
Seat 5: MMike1948 (big blind) collected ($2)


PokerStars Hand #167859802574:  Hold'em Limit ($3/$6 USD) - 2017/03/20 13:17:13 ET
Table 'Union' 6-max Seat #3 is the button
Seat 1: Heintje8 ($137.71 in chips)
Seat 3: RaisemyNut$ ($164 in chips)
RaisemyNut$: posts small blind $1
Fabulous108: is sitting out
Heintje8: posts big blind $3
*** HOLE CARDS ***
RaisemyNut$: folds
Uncalled bet ($2) returned to Heintje8
Heintje8 collected $2 from pot
*** SUMMARY ***
Total pot $2 | Rake $0
Seat 1: Heintje8 (big blind) collected ($2)
Seat 3: RaisemyNut$ (button) (small blind) folded before Flop


PokerStars Hand #167859811242:  Hold'em Limit ($3/$6 USD) - 2017/03/20 13:17:24 ET
Table 'Union' 6-max Seat #1 is the button
Seat 1: Heintje8 ($138.71 in chips)
Seat 3: RaisemyNut$ ($163 in chips)
Heintje8: posts small blind $1
RaisemyNut$: posts big blind $3
*** HOLE CARDS ***
Heintje8: folds
Uncalled bet ($2) returned to RaisemyNut$
RaisemyNut$ collected $2 from pot
*** SUMMARY ***
Total pot $2 | Rake $0
Seat 1: Heintje8 (button) (small blind) folded before Flop
Seat 3: RaisemyNut$ (big blind) collected ($2)


PokerStars Hand #167861636500:  Hold'em Limit ($3/$6 USD) - 2017/03/20 13:55:27 ET
Table 'Union' 6-max Seat #3 is the button
Seat 3: RaisemyNut$ ($156.71 in chips)
Seat 6: parnishka11 ($36.53 in chips)
yamaxerm will be allowed to play after the button
RaisemyNut$: posts small blind $1
parnishka11: posts big blind $3
*** HOLE CARDS ***
RaisemyNut$: raises $3 to $6
parnishka11: raises $3 to $9
RaisemyNut$: calls $3
*** FLOP *** [6h Js 3h]
parnishka11: bets $3
RaisemyNut$: calls $3
*** TURN *** [6h Js 3h] [4d]
parnishka11: bets $6
RaisemyNut$: calls $6
*** RIVER *** [6h Js 3h 4d] [6d]
parnishka11: bets $6
RaisemyNut$: calls $6
*** SHOW DOWN ***
parnishka11: shows [As Kc] (a pair of Sixes)
RaisemyNut$: mucks hand
parnishka11 collected $47.50 from pot
*** SUMMARY ***
Total pot $48 | Rake $0.50
Board [6h Js 3h 4d 6d]
Seat 3: RaisemyNut$ (button) (small blind) mucked
Seat 6: parnishka11 (big blind) showed [As Kc] and won ($47.50) with a pair of Sixes


PokerStars Hand #167875067512:  Hold'em Limit ($3/$6 USD) - 2017/03/20 18:08:06 ET
Table 'Union' 6-max Seat #6 is the button
Seat 3: Apanage ($103.70 in chips)
Seat 6: Bourgeois88 ($115.58 in chips)
Bourgeois88: posts small blind $1
Apanage: posts big blind $3
*** HOLE CARDS ***
Bourgeois88: raises $3 to $6
Apanage: calls $3
*** FLOP *** [5s As 6h]
Apanage: checks
Bourgeois88: bets $3
Apanage: folds
Uncalled bet ($3) returned to Bourgeois88
Bourgeois88 collected $11.76 from pot
Bourgeois88: doesn't show hand
*** SUMMARY ***
Total pot $12 | Rake $0.24
Board [5s As 6h]
Seat 3: Apanage (big blind) folded on the Flop
Seat 6: Bourgeois88 (button) (small blind) collected ($11.76)


