PokerStars Hand #159286704275:  Hold'em Limit ($3/$6 USD) - 2016/09/30 10:44:27 ET
Table 'Union II' 6-max Seat #4 is the button
Seat 3: willKill4$$$ ($61.73 in chips)
Seat 4: AzureCaper ($73 in chips)
AzureCaper: posts small blind $1
willKill4$$$: posts big blind $3
*** HOLE CARDS ***
AzureCaper: folds
Uncalled bet ($2) returned to willKill4$$$
willKill4$$$ collected $2 from pot
willKill4$$$: doesn't show hand
*** SUMMARY ***
Total pot $2 | Rake $0
Seat 3: willKill4$$$ (big blind) collected ($2)
Seat 4: AzureCaper (button) (small blind) folded before Flop


PokerStars Hand #159286701464:  Hold'em Limit ($3/$6 USD) - 2016/09/30 10:44:22 ET
Table 'Union II' 6-max Seat #3 is the button
Seat 3: willKill4$$$ ($62.73 in chips)
Seat 4: AzureCaper ($72 in chips)
willKill4$$$: posts small blind $1
AzureCaper: posts big blind $3
*** HOLE CARDS ***
willKill4$$$: folds
Uncalled bet ($2) returned to AzureCaper
AzureCaper collected $2 from pot
AzureCaper: doesn't show hand
*** SUMMARY ***
Total pot $2 | Rake $0
Seat 3: willKill4$$$ (button) (small blind) folded before Flop
Seat 4: AzureCaper (big blind) collected ($2)


PokerStars Hand #159286718190:  Hold'em Limit ($3/$6 USD) - 2016/09/30 10:44:50 ET
Table 'Union II' 6-max Seat #4 is the button
Seat 3: willKill4$$$ ($50.73 in chips)
Seat 4: AzureCaper ($83.52 in chips)
AzureCaper: posts small blind $1
willKill4$$$: posts big blind $3
*** HOLE CARDS ***
AzureCaper: folds
Uncalled bet ($2) returned to willKill4$$$
willKill4$$$ collected $2 from pot
willKill4$$$: doesn't show hand
*** SUMMARY ***
Total pot $2 | Rake $0
Seat 3: willKill4$$$ (big blind) collected ($2)
Seat 4: AzureCaper (button) (small blind) folded before Flop


PokerStars Hand #159286706989:  Hold'em Limit ($3/$6 USD) - 2016/09/30 10:44:31 ET
Table 'Union II' 6-max Seat #3 is the button
Seat 3: willKill4$$$ ($62.73 in chips)
Seat 4: AzureCaper ($72 in chips)
willKill4$$$: posts small blind $1
AzureCaper: posts big blind $3
*** HOLE CARDS ***
willKill4$$$: raises $3 to $6
AzureCaper: calls $3
*** FLOP *** [Ts 7c 9h]
AzureCaper: checks
willKill4$$$: checks
*** TURN *** [Ts 7c 9h] [As]
AzureCaper: checks
willKill4$$$: bets $6
AzureCaper: calls $6
*** RIVER *** [Ts 7c 9h As] [8h]
AzureCaper: checks
willKill4$$$: checks
*** SHOW DOWN ***
AzureCaper: shows [Qh Tc] (a pair of Tens)
willKill4$$$: mucks hand
AzureCaper collected $23.52 from pot
*** SUMMARY ***
Total pot $24 | Rake $0.48
Board [Ts 7c 9h As 8h]
Seat 3: willKill4$$$ (button) (small blind) mucked
Seat 4: AzureCaper (big blind) showed [Qh Tc] and won ($23.52) with a pair of Tens


PokerStars Hand #159286721811:  Hold'em Limit ($3/$6 USD) - 2016/09/30 10:44:56 ET
Table 'Union II' 6-max Seat #3 is the button
Seat 3: willKill4$$$ ($51.73 in chips)
Seat 4: AzureCaper ($82.52 in chips)
willKill4$$$: posts small blind $1
AzureCaper: posts big blind $3
*** HOLE CARDS ***
willKill4$$$: folds
Uncalled bet ($2) returned to AzureCaper
AzureCaper collected $2 from pot
AzureCaper: doesn't show hand
*** SUMMARY ***
Total pot $2 | Rake $0
Seat 3: willKill4$$$ (button) (small blind) folded before Flop
Seat 4: AzureCaper (big blind) collected ($2)


PokerStars Hand #159286725786:  Hold'em Limit ($3/$6 USD) - 2016/09/30 10:45:03 ET
Table 'Union II' 6-max Seat #4 is the button
Seat 3: willKill4$$$ ($50.73 in chips)
Seat 4: AzureCaper ($83.52 in chips)
AzureCaper: posts small blind $1
willKill4$$$: posts big blind $3
*** HOLE CARDS ***
AzureCaper: folds
Uncalled bet ($2) returned to willKill4$$$
willKill4$$$ collected $2 from pot
willKill4$$$: doesn't show hand
*** SUMMARY ***
Total pot $2 | Rake $0
Seat 3: willKill4$$$ (big blind) collected ($2)
Seat 4: AzureCaper (button) (small blind) folded before Flop


PokerStars Hand #159286729725:  Hold'em Limit ($3/$6 USD) - 2016/09/30 10:45:09 ET
Table 'Union II' 6-max Seat #3 is the button
Seat 3: willKill4$$$ ($51.73 in chips)
Seat 4: AzureCaper ($82.52 in chips)
willKill4$$$: posts small blind $1
AzureCaper: posts big blind $3
*** HOLE CARDS ***
willKill4$$$: raises $3 to $6
AzureCaper: calls $3
*** FLOP *** [9h 5c 5d]
AzureCaper: checks
willKill4$$$: checks
*** TURN *** [9h 5c 5d] [Ts]
AzureCaper: checks
willKill4$$$: checks
*** RIVER *** [9h 5c 5d Ts] [7d]
AzureCaper: bets $6
willKill4$$$: calls $6
*** SHOW DOWN ***
AzureCaper: shows [Qc Tc] (two pair, Tens and Fives)
willKill4$$$: mucks hand
AzureCaper collected $23.52 from pot
*** SUMMARY ***
Total pot $24 | Rake $0.48
Board [9h 5c 5d Ts 7d]
Seat 3: willKill4$$$ (button) (small blind) mucked
Seat 4: AzureCaper (big blind) showed [Qc Tc] and won ($23.52) with two pair, Tens and Fives


PokerStars Hand #159286742352:  Hold'em Limit ($3/$6 USD) - 2016/09/30 10:45:31 ET
Table 'Union II' 6-max Seat #3 is the button
Seat 3: willKill4$$$ ($33.73 in chips)
Seat 4: AzureCaper ($99.80 in chips)
willKill4$$$: posts small blind $1
AzureCaper: posts big blind $3
*** HOLE CARDS ***
willKill4$$$: raises $3 to $6
AzureCaper: folds
Uncalled bet ($3) returned to willKill4$$$
willKill4$$$ collected $6 from pot
willKill4$$$: doesn't show hand
*** SUMMARY ***
Total pot $6 | Rake $0
Seat 3: willKill4$$$ (button) (small blind) collected ($6)
Seat 4: AzureCaper (big blind) folded before Flop


PokerStars Hand #159286737140:  Hold'em Limit ($3/$6 USD) - 2016/09/30 10:45:22 ET
Table 'Union II' 6-max Seat #4 is the button
Seat 3: willKill4$$$ ($39.73 in chips)
Seat 4: AzureCaper ($94.04 in chips)
AzureCaper: posts small blind $1
willKill4$$$: posts big blind $3
*** HOLE CARDS ***
AzureCaper: raises $3 to $6
willKill4$$$: calls $3
*** FLOP *** [Kc Kh Ah]
willKill4$$$: checks
AzureCaper: bets $3
willKill4$$$: folds
Uncalled bet ($3) returned to AzureCaper
AzureCaper collected $11.76 from pot
AzureCaper: doesn't show hand
*** SUMMARY ***
Total pot $12 | Rake $0.24
Board [Kc Kh Ah]
Seat 3: willKill4$$$ (big blind) folded on the Flop
Seat 4: AzureCaper (button) (small blind) collected ($11.76)


PokerStars Hand #159286745558:  Hold'em Limit ($3/$6 USD) - 2016/09/30 10:45:36 ET
Table 'Union II' 6-max Seat #4 is the button
Seat 3: willKill4$$$ ($36.73 in chips)
Seat 4: AzureCaper ($96.80 in chips)
AzureCaper: posts small blind $1
willKill4$$$: posts big blind $3
*** HOLE CARDS ***
AzureCaper: folds
Uncalled bet ($2) returned to willKill4$$$
willKill4$$$ collected $2 from pot
willKill4$$$: doesn't show hand
*** SUMMARY ***
Total pot $2 | Rake $0
Seat 3: willKill4$$$ (big blind) collected ($2)
Seat 4: AzureCaper (button) (small blind) folded before Flop


PokerStars Hand #159286748241:  Hold'em Limit ($3/$6 USD) - 2016/09/30 10:45:41 ET
Table 'Union II' 6-max Seat #3 is the button
Seat 3: willKill4$$$ ($37.73 in chips)
Seat 4: AzureCaper ($95.80 in chips)
willKill4$$$: posts small blind $1
AzureCaper: posts big blind $3
*** HOLE CARDS ***
willKill4$$$: raises $3 to $6
AzureCaper: calls $3
*** FLOP *** [8s Td 5s]
AzureCaper: checks
willKill4$$$: checks
*** TURN *** [8s Td 5s] [Qs]
AzureCaper: bets $6
willKill4$$$: raises $6 to $12
AzureCaper: raises $6 to $18
willKill4$$$: raises $6 to $24
Betting is capped
AzureCaper: calls $6
*** RIVER *** [8s Td 5s Qs] [Kh]
AzureCaper: checks
willKill4$$$: checks
*** SHOW DOWN ***
AzureCaper: shows [8h Qc] (two pair, Queens and Eights)
willKill4$$$: mucks hand
AzureCaper collected $59.50 from pot
*** SUMMARY ***
Total pot $60 | Rake $0.50
Board [8s Td 5s Qs Kh]
Seat 3: willKill4$$$ (button) (small blind) mucked
Seat 4: AzureCaper (big blind) showed [8h Qc] and won ($59.50) with two pair, Queens and Eights


PokerStars Hand #159286756959:  Hold'em Limit ($3/$6 USD) - 2016/09/30 10:45:55 ET
Table 'Union II' 6-max Seat #4 is the button
Seat 3: willKill4$$$ ($7.73 in chips)
Seat 4: AzureCaper ($125.30 in chips)
AzureCaper: posts small blind $1
willKill4$$$: posts big blind $3
*** HOLE CARDS ***
AzureCaper: folds
Uncalled bet ($2) returned to willKill4$$$
willKill4$$$ collected $2 from pot
willKill4$$$: doesn't show hand
*** SUMMARY ***
Total pot $2 | Rake $0
Seat 3: willKill4$$$ (big blind) collected ($2)
Seat 4: AzureCaper (button) (small blind) folded before Flop


PokerStars Hand #159286759736:  Hold'em Limit ($3/$6 USD) - 2016/09/30 10:46:00 ET
Table 'Union II' 6-max Seat #3 is the button
Seat 3: willKill4$$$ ($8.73 in chips)
Seat 4: AzureCaper ($124.30 in chips)
willKill4$$$: posts small blind $1
AzureCaper: posts big blind $3
*** HOLE CARDS ***
willKill4$$$: raises $3 to $6
AzureCaper: raises $3 to $9
willKill4$$$: calls $2.73 and is all-in
Uncalled bet ($0.27) returned to AzureCaper
*** FLOP *** [6s Qh 3s]
*** TURN *** [6s Qh 3s] [7d]
*** RIVER *** [6s Qh 3s 7d] [Qs]
*** SHOW DOWN ***
AzureCaper: shows [As Jc] (a pair of Queens)
willKill4$$$: shows [4s Qd] (three of a kind, Queens)
willKill4$$$ collected $17.11 from pot
*** SUMMARY ***
Total pot $17.46 | Rake $0.35
Board [6s Qh 3s 7d Qs]
Seat 3: willKill4$$$ (button) (small blind) showed [4s Qd] and won ($17.11) with three of a kind, Queens
Seat 4: AzureCaper (big blind) showed [As Jc] and lost with a pair of Queens


PokerStars Hand #159286767051:  Hold'em Limit ($3/$6 USD) - 2016/09/30 10:46:12 ET
Table 'Union II' 6-max Seat #4 is the button
Seat 3: willKill4$$$ ($17.11 in chips)
Seat 4: AzureCaper ($115.57 in chips)
AzureCaper: posts small blind $1
willKill4$$$: posts big blind $3
*** HOLE CARDS ***
AzureCaper: raises $3 to $6
willKill4$$$: raises $3 to $9
GoliafUa leaves the table
AzureCaper: raises $3 to $12
Betting is capped
willKill4$$$: calls $3
*** FLOP *** [6s 7h 9h]
willKill4$$$: bets $3
AzureCaper: raises $3 to $6
willKill4$$$: calls $2.11 and is all-in
Uncalled bet ($0.89) returned to AzureCaper
*** TURN *** [6s 7h 9h] [5c]
*** RIVER *** [6s 7h 9h 5c] [Qh]
*** SHOW DOWN ***
willKill4$$$: shows [Kh 4s] (high card King)
AzureCaper: shows [Ts Ah] (high card Ace)
AzureCaper collected $33.72 from pot
*** SUMMARY ***
Total pot $34.22 | Rake $0.50
Board [6s 7h 9h 5c Qh]
Seat 3: willKill4$$$ (big blind) showed [Kh 4s] and lost with high card King
Seat 4: AzureCaper (button) (small blind) showed [Ts Ah] and won ($33.72) with high card Ace


