PokerStars Hand #151294756108:  Hold'em Limit ($3/$6 USD) - 2016/04/01 20:33:17 ET
Table 'Unitas II' 6-max Seat #4 is the button
Seat 3: tigulll ($79 in chips)
Seat 4: AzureCaper ($73 in chips)
AzureCaper: posts small blind $1
tigulll: posts big blind $3
*** HOLE CARDS ***
AzureCaper: folds
Uncalled bet ($2) returned to tigulll
tigulll collected $2 from pot
tigulll: doesn't show hand
*** SUMMARY ***
Total pot $2 | Rake $0
Seat 3: tigulll (big blind) collected ($2)
Seat 4: AzureCaper (button) (small blind) folded before Flop


PokerStars Hand #151294748930:  Hold'em Limit ($3/$6 USD) - 2016/04/01 20:33:03 ET
Table 'Unitas II' 6-max Seat #3 is the button
Seat 3: tigulll ($80 in chips)
Seat 4: AzureCaper ($72 in chips)
tigulll: posts small blind $1
AzureCaper: posts big blind $3
*** HOLE CARDS ***
tigulll: folds
Uncalled bet ($2) returned to AzureCaper
AzureCaper collected $2 from pot
AzureCaper: doesn't show hand
*** SUMMARY ***
Total pot $2 | Rake $0
Seat 3: tigulll (button) (small blind) folded before Flop
Seat 4: AzureCaper (big blind) collected ($2)


PokerStars Hand #151294791154:  Hold'em Limit ($3/$6 USD) - 2016/04/01 20:34:10 ET
Table 'Unitas II' 6-max Seat #3 is the button
Seat 3: tigulll ($56 in chips)
Seat 4: AzureCaper ($95.14 in chips)
tigulll: posts small blind $1
AzureCaper: posts big blind $3
*** HOLE CARDS ***
tigulll: folds
Uncalled bet ($2) returned to AzureCaper
AzureCaper collected $2 from pot
AzureCaper: doesn't show hand
*** SUMMARY ***
Total pot $2 | Rake $0
Seat 3: tigulll (button) (small blind) folded before Flop
Seat 4: AzureCaper (big blind) collected ($2)


PokerStars Hand #151294769112:  Hold'em Limit ($3/$6 USD) - 2016/04/01 20:33:41 ET
Table 'Unitas II' 6-max Seat #4 is the button
Seat 3: tigulll ($71 in chips)
Seat 4: AzureCaper ($80.64 in chips)
AzureCaper: posts small blind $1
tigulll: posts big blind $3
*** HOLE CARDS ***
AzureCaper: raises $3 to $6
tigulll: calls $3
*** FLOP *** [Js Kd 2s]
tigulll: checks
AzureCaper: bets $3
tigulll: calls $3
*** TURN *** [Js Kd 2s] [6s]
tigulll: checks
AzureCaper: bets $6
tigulll: calls $6
*** RIVER *** [Js Kd 2s 6s] [Kh]
tigulll: checks
AzureCaper: bets $6
tigulll: folds
Uncalled bet ($6) returned to AzureCaper
AzureCaper collected $29.50 from pot
AzureCaper: doesn't show hand
*** SUMMARY ***
Total pot $30 | Rake $0.50
Board [Js Kd 2s 6s Kh]
Seat 3: tigulll (big blind) folded on the River
Seat 4: AzureCaper (button) (small blind) collected ($29.50)


PokerStars Hand #151294759607:  Hold'em Limit ($3/$6 USD) - 2016/04/01 20:33:23 ET
Table 'Unitas II' 6-max Seat #3 is the button
Seat 3: tigulll ($80 in chips)
Seat 4: AzureCaper ($72 in chips)
tigulll: posts small blind $1
AzureCaper: posts big blind $3
*** HOLE CARDS ***
tigulll: raises $3 to $6
AzureCaper: raises $3 to $9
tigulll: calls $3
*** FLOP *** [8d Qd Tc]
AzureCaper: bets $3
tigulll: folds
Uncalled bet ($3) returned to AzureCaper
AzureCaper collected $17.64 from pot
AzureCaper: doesn't show hand
*** SUMMARY ***
Total pot $18 | Rake $0.36
Board [8d Qd Tc]
Seat 3: tigulll (button) (small blind) folded on the Flop
Seat 4: AzureCaper (big blind) collected ($17.64)


PokerStars Hand #151294816704:  Hold'em Limit ($3/$6 USD) - 2016/04/01 20:34:58 ET
Table 'Unitas II' 6-max Seat #4 is the button
Seat 3: tigulll ($33 in chips)
Seat 4: AzureCaper ($117.64 in chips)
AzureCaper: posts small blind $1
tigulll: posts big blind $3
*** HOLE CARDS ***
AzureCaper: raises $3 to $6
tigulll: calls $3
*** FLOP *** [6s Kh 9c]
tigulll: checks
AzureCaper: bets $3
tigulll: calls $3
*** TURN *** [6s Kh 9c] [5h]
tigulll: checks
AzureCaper: bets $6
tigulll: raises $6 to $12
AzureCaper: calls $6
*** RIVER *** [6s Kh 9c 5h] [2d]
tigulll: bets $6
AzureCaper: calls $6
*** SHOW DOWN ***
tigulll: shows [Qd 6d] (a pair of Sixes)
AzureCaper: shows [Jh Kd] (a pair of Kings)
AzureCaper collected $53.50 from pot
*** SUMMARY ***
Total pot $54 | Rake $0.50
Board [6s Kh 9c 5h 2d]
Seat 3: tigulll (big blind) showed [Qd 6d] and lost with a pair of Sixes
Seat 4: AzureCaper (button) (small blind) showed [Jh Kd] and won ($53.50) with a pair of Kings


PokerStars Hand #151294811805:  Hold'em Limit ($3/$6 USD) - 2016/04/01 20:34:49 ET
Table 'Unitas II' 6-max Seat #3 is the button
Seat 3: tigulll ($34 in chips)
Seat 4: AzureCaper ($116.64 in chips)
tigulll: posts small blind $1
AzureCaper: posts big blind $3
*** HOLE CARDS ***
tigulll: folds
Uncalled bet ($2) returned to AzureCaper
AzureCaper collected $2 from pot
AzureCaper: doesn't show hand
*** SUMMARY ***
Total pot $2 | Rake $0
Seat 3: tigulll (button) (small blind) folded before Flop
Seat 4: AzureCaper (big blind) collected ($2)


PokerStars Hand #151294794263:  Hold'em Limit ($3/$6 USD) - 2016/04/01 20:34:16 ET
Table 'Unitas II' 6-max Seat #4 is the button
Seat 3: tigulll ($55 in chips)
Seat 4: AzureCaper ($96.14 in chips)
AzureCaper: posts small blind $1
tigulll: posts big blind $3
*** HOLE CARDS ***
AzureCaper: raises $3 to $6
tigulll: calls $3
*** FLOP *** [Kc As 5c]
tigulll: checks
AzureCaper: bets $3
tigulll: calls $3
*** TURN *** [Kc As 5c] [Td]
tigulll: checks
AzureCaper: bets $6
tigulll: calls $6
*** RIVER *** [Kc As 5c Td] [8s]
tigulll: checks
AzureCaper: bets $6
tigulll: calls $6
*** SHOW DOWN ***
AzureCaper: shows [Ah 2h] (a pair of Aces)
tigulll: mucks hand
AzureCaper collected $41.50 from pot
*** SUMMARY ***
Total pot $42 | Rake $0.50
Board [Kc As 5c Td 8s]
Seat 3: tigulll (big blind) mucked
Seat 4: AzureCaper (button) (small blind) showed [Ah 2h] and won ($41.50) with a pair of Aces


PokerStars Hand #151294831249:  Hold'em Limit ($3/$6 USD) - 2016/04/01 20:35:26 ET
Table 'Unitas II' 6-max Seat #3 is the button
Seat 3: tigulll ($6 in chips)
Seat 4: AzureCaper ($144.14 in chips)
tigulll: posts small blind $1
AzureCaper: posts big blind $3
*** HOLE CARDS ***
tigulll: raises $3 to $6 and is all-in
AzureCaper: folds
Uncalled bet ($3) returned to tigulll
tigulll collected $6 from pot
tigulll: doesn't show hand
*** SUMMARY ***
Total pot $6 | Rake $0
Seat 3: tigulll (button) (small blind) collected ($6)
Seat 4: AzureCaper (big blind) folded before Flop


PokerStars Hand #151294861842:  Hold'em Limit ($3/$6 USD) - 2016/04/01 20:36:23 ET
Table 'Unitas II' 6-max Seat #3 is the button
Seat 3: tigulll ($9.64 in chips)
Seat 4: AzureCaper ($139.78 in chips)
tigulll: posts small blind $1
AzureCaper: posts big blind $3
*** HOLE CARDS ***
tigulll: folds
Uncalled bet ($2) returned to AzureCaper
AzureCaper collected $2 from pot
AzureCaper: doesn't show hand
*** SUMMARY ***
Total pot $2 | Rake $0
Seat 3: tigulll (button) (small blind) folded before Flop
Seat 4: AzureCaper (big blind) collected ($2)


PokerStars Hand #151294834540:  Hold'em Limit ($3/$6 USD) - 2016/04/01 20:35:32 ET
Table 'Unitas II' 6-max Seat #4 is the button
Seat 3: tigulll ($9 in chips)
Seat 4: AzureCaper ($141.14 in chips)
AzureCaper: posts small blind $1
tigulll: posts big blind $3
*** HOLE CARDS ***
AzureCaper: raises $3 to $6
tigulll: raises $3 to $9 and is all-in
AzureCaper: calls $3
*** FLOP *** [Kh 8c 3s]
*** TURN *** [Kh 8c 3s] [Jd]
*** RIVER *** [Kh 8c 3s Jd] [Ad]
*** SHOW DOWN ***
tigulll: shows [Js 3d] (two pair, Jacks and Threes)
AzureCaper: shows [Qh Jc] (a pair of Jacks)
tigulll collected $17.64 from pot
*** SUMMARY ***
Total pot $18 | Rake $0.36
Board [Kh 8c 3s Jd Ad]
Seat 3: tigulll (big blind) showed [Js 3d] and won ($17.64) with two pair, Jacks and Threes
Seat 4: AzureCaper (button) (small blind) showed [Qh Jc] and lost with a pair of Jacks


PokerStars Hand #151294858324:  Hold'em Limit ($3/$6 USD) - 2016/04/01 20:36:17 ET
Table 'Unitas II' 6-max Seat #4 is the button
Seat 3: tigulll ($8.64 in chips)
Seat 4: AzureCaper ($140.78 in chips)
AzureCaper: posts small blind $1
tigulll: posts big blind $3
*** HOLE CARDS ***
AzureCaper: folds
Uncalled bet ($2) returned to tigulll
tigulll collected $2 from pot
tigulll: doesn't show hand
*** SUMMARY ***
Total pot $2 | Rake $0
Seat 3: tigulll (big blind) collected ($2)
Seat 4: AzureCaper (button) (small blind) folded before Flop


PokerStars Hand #151294855602:  Hold'em Limit ($3/$6 USD) - 2016/04/01 20:36:11 ET
Table 'Unitas II' 6-max Seat #3 is the button
Seat 3: tigulll ($9.64 in chips)
Seat 4: AzureCaper ($139.78 in chips)
tigulll: posts small blind $1
AzureCaper: posts big blind $3
*** HOLE CARDS ***
tigulll: folds
Uncalled bet ($2) returned to AzureCaper
AzureCaper collected $2 from pot
AzureCaper: doesn't show hand
*** SUMMARY ***
Total pot $2 | Rake $0
Seat 3: tigulll (button) (small blind) folded before Flop
Seat 4: AzureCaper (big blind) collected ($2)


PokerStars Hand #151294852813:  Hold'em Limit ($3/$6 USD) - 2016/04/01 20:36:06 ET
Table 'Unitas II' 6-max Seat #4 is the button
Seat 3: tigulll ($8.64 in chips)
Seat 4: AzureCaper ($140.78 in chips)
AzureCaper: posts small blind $1
tigulll: posts big blind $3
*** HOLE CARDS ***
AzureCaper: folds
Uncalled bet ($2) returned to tigulll
tigulll collected $2 from pot
tigulll: doesn't show hand
*** SUMMARY ***
Total pot $2 | Rake $0
Seat 3: tigulll (big blind) collected ($2)
Seat 4: AzureCaper (button) (small blind) folded before Flop


PokerStars Hand #151294846646:  Hold'em Limit ($3/$6 USD) - 2016/04/01 20:35:55 ET
Table 'Unitas II' 6-max Seat #3 is the button
Seat 3: tigulll ($17.64 in chips)
Seat 4: AzureCaper ($132.14 in chips)
tigulll: posts small blind $1
AzureCaper: posts big blind $3
*** HOLE CARDS ***
tigulll: raises $3 to $6
AzureCaper: calls $3
*** FLOP *** [Kc 8s 9c]
AzureCaper: checks
tigulll: bets $3
AzureCaper: raises $3 to $6
tigulll: folds
Uncalled bet ($3) returned to AzureCaper
AzureCaper collected $17.64 from pot
AzureCaper: doesn't show hand
*** SUMMARY ***
Total pot $18 | Rake $0.36
Board [Kc 8s 9c]
Seat 3: tigulll (button) (small blind) folded on the Flop
Seat 4: AzureCaper (big blind) collected ($17.64)


PokerStars Hand #151294844228:  Hold'em Limit ($3/$6 USD) - 2016/04/01 20:35:50 ET
Table 'Unitas II' 6-max Seat #4 is the button
Seat 3: tigulll ($16.64 in chips)
Seat 4: AzureCaper ($133.14 in chips)
AzureCaper: posts small blind $1
tigulll: posts big blind $3
*** HOLE CARDS ***
AzureCaper: folds
Uncalled bet ($2) returned to tigulll
tigulll collected $2 from pot
tigulll: doesn't show hand
*** SUMMARY ***
Total pot $2 | Rake $0
Seat 3: tigulll (big blind) collected ($2)
Seat 4: AzureCaper (button) (small blind) folded before Flop


PokerStars Hand #151294841621:  Hold'em Limit ($3/$6 USD) - 2016/04/01 20:35:45 ET
Table 'Unitas II' 6-max Seat #3 is the button
Seat 3: tigulll ($17.64 in chips)
Seat 4: AzureCaper ($132.14 in chips)
tigulll: posts small blind $1
AzureCaper: posts big blind $3
*** HOLE CARDS ***
tigulll: folds
Uncalled bet ($2) returned to AzureCaper
AzureCaper collected $2 from pot
AzureCaper: doesn't show hand
*** SUMMARY ***
Total pot $2 | Rake $0
Seat 3: tigulll (button) (small blind) folded before Flop
Seat 4: AzureCaper (big blind) collected ($2)


PokerStars Hand #151294892410:  Hold'em Limit ($3/$6 USD) - 2016/04/01 20:37:21 ET
Table 'Unitas II' 6-max Seat #4 is the button
Seat 3: tigulll ($20.60 in chips)
Seat 4: AzureCaper ($128.13 in chips)
AzureCaper: posts small blind $1
tigulll: posts big blind $3
*** HOLE CARDS ***
AzureCaper: folds
Uncalled bet ($2) returned to tigulll
tigulll collected $2 from pot
tigulll: doesn't show hand
*** SUMMARY ***
Total pot $2 | Rake $0
Seat 3: tigulll (big blind) collected ($2)
Seat 4: AzureCaper (button) (small blind) folded before Flop


PokerStars Hand #151294889821:  Hold'em Limit ($3/$6 USD) - 2016/04/01 20:37:16 ET
Table 'Unitas II' 6-max Seat #3 is the button
Seat 3: tigulll ($21.60 in chips)
Seat 4: AzureCaper ($127.13 in chips)
tigulll: posts small blind $1
AzureCaper: posts big blind $3
*** HOLE CARDS ***
tigulll: folds
Uncalled bet ($2) returned to AzureCaper
AzureCaper collected $2 from pot
AzureCaper: doesn't show hand
*** SUMMARY ***
Total pot $2 | Rake $0
Seat 3: tigulll (button) (small blind) folded before Flop
Seat 4: AzureCaper (big blind) collected ($2)


PokerStars Hand #151294887325:  Hold'em Limit ($3/$6 USD) - 2016/04/01 20:37:11 ET
Table 'Unitas II' 6-max Seat #4 is the button
Seat 3: tigulll ($20.60 in chips)
Seat 4: AzureCaper ($128.13 in chips)
AzureCaper: posts small blind $1
tigulll: posts big blind $3
*** HOLE CARDS ***
AzureCaper: folds
Uncalled bet ($2) returned to tigulll
tigulll collected $2 from pot
tigulll: doesn't show hand
*** SUMMARY ***
Total pot $2 | Rake $0
Seat 3: tigulll (big blind) collected ($2)
Seat 4: AzureCaper (button) (small blind) folded before Flop


PokerStars Hand #151294881018:  Hold'em Limit ($3/$6 USD) - 2016/04/01 20:36:59 ET
Table 'Unitas II' 6-max Seat #4 is the button
Seat 3: tigulll ($16.60 in chips)
Seat 4: AzureCaper ($132.13 in chips)
AzureCaper: posts small blind $1
tigulll: posts big blind $3
*** HOLE CARDS ***
AzureCaper: folds
Uncalled bet ($2) returned to tigulll
tigulll collected $2 from pot
tigulll: doesn't show hand
*** SUMMARY ***
Total pot $2 | Rake $0
Seat 3: tigulll (big blind) collected ($2)
Seat 4: AzureCaper (button) (small blind) folded before Flop


PokerStars Hand #151294874555:  Hold'em Limit ($3/$6 USD) - 2016/04/01 20:36:47 ET
Table 'Unitas II' 6-max Seat #3 is the button
Seat 3: tigulll ($8.47 in chips)
Seat 4: AzureCaper ($140.60 in chips)
tigulll: posts small blind $1
AzureCaper: posts big blind $3
*** HOLE CARDS ***
tigulll: raises $3 to $6
AzureCaper: raises $3 to $9
tigulll: calls $2.47 and is all-in
Uncalled bet ($0.53) returned to AzureCaper
*** FLOP *** [7d Jc Js]
*** TURN *** [7d Jc Js] [7c]
*** RIVER *** [7d Jc Js 7c] [4c]
*** SHOW DOWN ***
AzureCaper: shows [Ad Qs] (two pair, Jacks and Sevens)
tigulll: shows [Kh Jh] (a full house, Jacks full of Sevens)
tigulll collected $16.60 from pot
*** SUMMARY ***
Total pot $16.94 | Rake $0.34
Board [7d Jc Js 7c 4c]
Seat 3: tigulll (button) (small blind) showed [Kh Jh] and won ($16.60) with a full house, Jacks full of Sevens
Seat 4: AzureCaper (big blind) showed [Ad Qs] and lost with two pair, Jacks and Sevens


PokerStars Hand #151294864501:  Hold'em Limit ($3/$6 USD) - 2016/04/01 20:36:28 ET
Table 'Unitas II' 6-max Seat #4 is the button
Seat 3: tigulll ($8.64 in chips)
Seat 4: AzureCaper ($140.78 in chips)
AzureCaper: posts small blind $1
tigulll: posts big blind $3
*** HOLE CARDS ***
AzureCaper: raises $3 to $6
tigulll: raises $2.64 to $8.64 and is all-in
AzureCaper: calls $2.64
*** FLOP *** [9c Ks Qc]
*** TURN *** [9c Ks Qc] [2s]
*** RIVER *** [9c Ks Qc 2s] [Qs]
*** SHOW DOWN ***
tigulll: shows [9d Ts] (two pair, Queens and Nines)
AzureCaper: shows [7c 9s] (two pair, Queens and Nines)
tigulll collected $8.47 from pot
AzureCaper collected $8.46 from pot
*** SUMMARY ***
Total pot $17.28 | Rake $0.35
Board [9c Ks Qc 2s Qs]
Seat 3: tigulll (big blind) showed [9d Ts] and won ($8.47) with two pair, Queens and Nines
Seat 4: AzureCaper (button) (small blind) showed [7c 9s] and won ($8.46) with two pair, Queens and Nines


PokerStars Hand #151294896326:  Hold'em Limit ($3/$6 USD) - 2016/04/01 20:37:28 ET
Table 'Unitas II' 6-max Seat #3 is the button
Seat 3: tigulll ($21.60 in chips)
Seat 4: AzureCaper ($127.13 in chips)
tigulll: posts small blind $1
AzureCaper: posts big blind $3
*** HOLE CARDS ***
tigulll: raises $3 to $6
AzureCaper: calls $3
*** FLOP *** [4c Tc 4h]
AzureCaper: checks
tigulll: checks
*** TURN *** [4c Tc 4h] [6d]
AzureCaper: bets $6
tigulll: raises $6 to $12
AzureCaper: raises $6 to $18
tigulll: calls $3.60 and is all-in
Uncalled bet ($2.40) returned to AzureCaper
*** RIVER *** [4c Tc 4h 6d] [2h]
*** SHOW DOWN ***
AzureCaper: shows [6c 8s] (two pair, Sixes and Fours)
tigulll: shows [6s 9s] (two pair, Sixes and Fours)
AzureCaper collected $21.35 from pot
tigulll collected $21.35 from pot
*** SUMMARY ***
Total pot $43.20 | Rake $0.50
Board [4c Tc 4h 6d 2h]
Seat 3: tigulll (button) (small blind) showed [6s 9s] and won ($21.35) with two pair, Sixes and Fours
Seat 4: AzureCaper (big blind) showed [6c 8s] and won ($21.35) with two pair, Sixes and Fours


PokerStars Hand #151294904697:  Hold'em Limit ($3/$6 USD) - 2016/04/01 20:37:44 ET
Table 'Unitas II' 6-max Seat #4 is the button
Seat 3: tigulll ($21.35 in chips)
Seat 4: AzureCaper ($126.88 in chips)
AzureCaper: posts small blind $1
tigulll: posts big blind $3
*** HOLE CARDS ***
AzureCaper: raises $3 to $6
tigulll: raises $3 to $9
AzureCaper: calls $3
*** FLOP *** [Kh 5d 3d]
tigulll: bets $3
AzureCaper: raises $3 to $6
tigulll: raises $3 to $9
AzureCaper: raises $3 to $12
Betting is capped
tigulll: calls $3
*** TURN *** [Kh 5d 3d] [Th]
tigulll: bets $0.35 and is all-in
AzureCaper: calls $0.35
*** RIVER *** [Kh 5d 3d Th] [Td]
*** SHOW DOWN ***
tigulll: shows [6c Ah] (a pair of Tens)
AzureCaper: shows [8d Qd] (a flush, Queen high)
AzureCaper collected $42.20 from pot
*** SUMMARY ***
Total pot $42.70 | Rake $0.50
Board [Kh 5d 3d Th Td]
Seat 3: tigulll (big blind) showed [6c Ah] and lost with a pair of Tens
Seat 4: AzureCaper (button) (small blind) showed [8d Qd] and won ($42.20) with a flush, Queen high


PokerStars Hand #151295422165:  Hold'em Limit ($3/$6 USD) - 2016/04/01 20:54:17 ET
Table 'Unitas II' 6-max Seat #3 is the button
Seat 3: aquin72 ($72 in chips)
Seat 4: AzureCaper ($119 in chips)
aquin72: posts small blind $1
AzureCaper: posts big blind $3
*** HOLE CARDS ***
aquin72: raises $3 to $6
AzureCaper: calls $3
*** FLOP *** [6s Td 5s]
AzureCaper: checks
aquin72: checks
*** TURN *** [6s Td 5s] [6h]
AzureCaper: bets $6
aquin72: folds
Uncalled bet ($6) returned to AzureCaper
AzureCaper collected $11.76 from pot
AzureCaper: doesn't show hand
*** SUMMARY ***
Total pot $12 | Rake $0.24
Board [6s Td 5s 6h]
Seat 3: aquin72 (button) (small blind) folded on the Turn
Seat 4: AzureCaper (big blind) collected ($11.76)


PokerStars Hand #151295409971:  Hold'em Limit ($3/$6 USD) - 2016/04/01 20:53:52 ET
Table 'Unitas II' 6-max Seat #4 is the button
Seat 3: aquin72 ($102 in chips)
Seat 4: AzureCaper ($89.50 in chips)
AzureCaper: posts small blind $1
aquin72: posts big blind $3
*** HOLE CARDS ***
AzureCaper: raises $3 to $6
aquin72: calls $3
*** FLOP *** [Qh Qs 3c]
aquin72: checks
AzureCaper: bets $3
aquin72: raises $3 to $6
AzureCaper: calls $3
*** TURN *** [Qh Qs 3c] [3h]
aquin72: bets $6
AzureCaper: calls $6
*** RIVER *** [Qh Qs 3c 3h] [6c]
aquin72: bets $6
AzureCaper: raises $6 to $12
aquin72: calls $6
*** SHOW DOWN ***
AzureCaper: shows [Qc Js] (a full house, Queens full of Threes)
aquin72: mucks hand
AzureCaper collected $59.50 from pot
*** SUMMARY ***
Total pot $60 | Rake $0.50
Board [Qh Qs 3c 3h 6c]
Seat 3: aquin72 (big blind) mucked
Seat 4: AzureCaper (button) (small blind) showed [Qc Js] and won ($59.50) with a full house, Queens full of Threes


PokerStars Hand #151295454098:  Hold'em Limit ($3/$6 USD) - 2016/04/01 20:55:23 ET
Table 'Unitas II' 6-max Seat #4 is the button
Seat 3: aquin72 ($62.76 in chips)
Seat 4: AzureCaper ($127.40 in chips)
AzureCaper: posts small blind $1
aquin72: posts big blind $3
*** HOLE CARDS ***
AzureCaper: folds
Uncalled bet ($2) returned to aquin72
aquin72 collected $2 from pot
aquin72: doesn't show hand
*** SUMMARY ***
Total pot $2 | Rake $0
Seat 3: aquin72 (big blind) collected ($2)
Seat 4: AzureCaper (button) (small blind) folded before Flop


PokerStars Hand #151295452132:  Hold'em Limit ($3/$6 USD) - 2016/04/01 20:55:18 ET
Table 'Unitas II' 6-max Seat #3 is the button
Seat 3: aquin72 ($63.76 in chips)
Seat 4: AzureCaper ($126.40 in chips)
aquin72: posts small blind $1
AzureCaper: posts big blind $3
*** HOLE CARDS ***
aquin72: folds
Uncalled bet ($2) returned to AzureCaper
AzureCaper collected $2 from pot
AzureCaper: doesn't show hand
*** SUMMARY ***
Total pot $2 | Rake $0
Seat 3: aquin72 (button) (small blind) folded before Flop
Seat 4: AzureCaper (big blind) collected ($2)


PokerStars Hand #151295442592:  Hold'em Limit ($3/$6 USD) - 2016/04/01 20:54:58 ET
Table 'Unitas II' 6-max Seat #4 is the button
Seat 3: aquin72 ($72.76 in chips)
Seat 4: AzureCaper ($117.76 in chips)
AzureCaper: posts small blind $1
aquin72: posts big blind $3
*** HOLE CARDS ***
AzureCaper: raises $3 to $6
aquin72: calls $3
*** FLOP *** [6c 9h Kd]
aquin72: checks
AzureCaper: bets $3
aquin72: calls $3
*** TURN *** [6c 9h Kd] [Ts]
aquin72: checks
AzureCaper: checks
*** RIVER *** [6c 9h Kd Ts] [Jc]
aquin72: checks
AzureCaper: bets $6
aquin72: folds
Uncalled bet ($6) returned to AzureCaper
AzureCaper collected $17.64 from pot
AzureCaper: doesn't show hand
*** SUMMARY ***
Total pot $18 | Rake $0.36
Board [6c 9h Kd Ts Jc]
Seat 3: aquin72 (big blind) folded on the River
Seat 4: AzureCaper (button) (small blind) collected ($17.64)


PokerStars Hand #151295437830:  Hold'em Limit ($3/$6 USD) - 2016/04/01 20:54:49 ET
Table 'Unitas II' 6-max Seat #3 is the button
Seat 3: aquin72 ($67 in chips)
Seat 4: AzureCaper ($123.76 in chips)
aquin72: posts small blind $1
AzureCaper: posts big blind $3
*** HOLE CARDS ***
aquin72: raises $3 to $6
AzureCaper: calls $3
*** FLOP *** [9h Kd 4c]
AzureCaper: checks
aquin72: bets $3
AzureCaper: folds
Uncalled bet ($3) returned to aquin72
aquin72 collected $11.76 from pot
aquin72: doesn't show hand
*** SUMMARY ***
Total pot $12 | Rake $0.24
Board [9h Kd 4c]
Seat 3: aquin72 (button) (small blind) collected ($11.76)
Seat 4: AzureCaper (big blind) folded on the Flop


PokerStars Hand #151295435565:  Hold'em Limit ($3/$6 USD) - 2016/04/01 20:54:44 ET
Table 'Unitas II' 6-max Seat #4 is the button
Seat 3: aquin72 ($66 in chips)
Seat 4: AzureCaper ($124.76 in chips)
AzureCaper: posts small blind $1
aquin72: posts big blind $3
*** HOLE CARDS ***
AzureCaper: folds
Uncalled bet ($2) returned to aquin72
aquin72 collected $2 from pot
aquin72: doesn't show hand
*** SUMMARY ***
Total pot $2 | Rake $0
Seat 3: aquin72 (big blind) collected ($2)
Seat 4: AzureCaper (button) (small blind) folded before Flop


PokerStars Hand #151295433251:  Hold'em Limit ($3/$6 USD) - 2016/04/01 20:54:39 ET
Table 'Unitas II' 6-max Seat #3 is the button
Seat 3: aquin72 ($67 in chips)
Seat 4: AzureCaper ($123.76 in chips)
aquin72: posts small blind $1
AzureCaper: posts big blind $3
*** HOLE CARDS ***
aquin72: folds
Uncalled bet ($2) returned to AzureCaper
AzureCaper collected $2 from pot
AzureCaper: doesn't show hand
*** SUMMARY ***
Total pot $2 | Rake $0
Seat 3: aquin72 (button) (small blind) folded before Flop
Seat 4: AzureCaper (big blind) collected ($2)


PokerStars Hand #151295430937:  Hold'em Limit ($3/$6 USD) - 2016/04/01 20:54:35 ET
Table 'Unitas II' 6-max Seat #4 is the button
Seat 3: aquin72 ($66 in chips)
Seat 4: AzureCaper ($124.76 in chips)
AzureCaper: posts small blind $1
aquin72: posts big blind $3
*** HOLE CARDS ***
AzureCaper: folds
Uncalled bet ($2) returned to aquin72
aquin72 collected $2 from pot
aquin72: doesn't show hand
*** SUMMARY ***
Total pot $2 | Rake $0
Seat 3: aquin72 (big blind) collected ($2)
Seat 4: AzureCaper (button) (small blind) folded before Flop


PokerStars Hand #151295475187:  Hold'em Limit ($3/$6 USD) - 2016/04/01 20:56:12 ET
Table 'Unitas II' 6-max Seat #4 is the button
Seat 3: aquin72 ($93.78 in chips)
Seat 4: AzureCaper ($95.40 in chips)
AzureCaper: posts small blind $1
aquin72: posts big blind $3
*** HOLE CARDS ***
AzureCaper: raises $3 to $6
aquin72: raises $3 to $9
AzureCaper: calls $3
*** FLOP *** [8d 2c 2s]
aquin72: bets $3
AzureCaper: folds
Uncalled bet ($3) returned to aquin72
aquin72 collected $17.64 from pot
aquin72: doesn't show hand
*** SUMMARY ***
Total pot $18 | Rake $0.36
Board [8d 2c 2s]
Seat 3: aquin72 (big blind) collected ($17.64)
Seat 4: AzureCaper (button) (small blind) folded on the Flop


PokerStars Hand #151295465280:  Hold'em Limit ($3/$6 USD) - 2016/04/01 20:55:49 ET
Table 'Unitas II' 6-max Seat #3 is the button
Seat 3: aquin72 ($82.26 in chips)
Seat 4: AzureCaper ($107.40 in chips)
aquin72: posts small blind $1
AzureCaper: posts big blind $3
*** HOLE CARDS ***
aquin72: raises $3 to $6
AzureCaper: calls $3
*** FLOP *** [Ad 7s 7c]
AzureCaper: checks
aquin72: bets $3
AzureCaper: raises $3 to $6
aquin72: calls $3
*** TURN *** [Ad 7s 7c] [5h]
AzureCaper: checks
aquin72: checks
*** RIVER *** [Ad 7s 7c 5h] [9d]
AzureCaper: checks
aquin72: checks
*** SHOW DOWN ***
AzureCaper: shows [Qh 6c] (a pair of Sevens)
aquin72: shows [Kd 4c] (a pair of Sevens - Ace+King kicker)
aquin72 collected $23.52 from pot
*** SUMMARY ***
Total pot $24 | Rake $0.48
Board [Ad 7s 7c 5h 9d]
Seat 3: aquin72 (button) (small blind) showed [Kd 4c] and won ($23.52) with a pair of Sevens
Seat 4: AzureCaper (big blind) showed [Qh 6c] and lost with a pair of Sevens


PokerStars Hand #151295463561:  Hold'em Limit ($3/$6 USD) - 2016/04/01 20:55:45 ET
Table 'Unitas II' 6-max Seat #4 is the button
Seat 3: aquin72 ($81.26 in chips)
Seat 4: AzureCaper ($108.40 in chips)
AzureCaper: posts small blind $1
aquin72: posts big blind $3
*** HOLE CARDS ***
AzureCaper: folds
Uncalled bet ($2) returned to aquin72
aquin72 collected $2 from pot
aquin72: doesn't show hand
*** SUMMARY ***
Total pot $2 | Rake $0
Seat 3: aquin72 (big blind) collected ($2)
Seat 4: AzureCaper (button) (small blind) folded before Flop


PokerStars Hand #151295456351:  Hold'em Limit ($3/$6 USD) - 2016/04/01 20:55:28 ET
Table 'Unitas II' 6-max Seat #3 is the button
Seat 3: aquin72 ($63.76 in chips)
Seat 4: AzureCaper ($126.40 in chips)
aquin72: posts small blind $1
AzureCaper: posts big blind $3
*** HOLE CARDS ***
aquin72: raises $3 to $6
AzureCaper: calls $3
*** FLOP *** [4d 5h Kd]
AzureCaper: checks
aquin72: bets $3
AzureCaper: raises $3 to $6
aquin72: calls $3
*** TURN *** [4d 5h Kd] [Jd]
AzureCaper: bets $6
aquin72: raises $6 to $12
AzureCaper: folds
Uncalled bet ($6) returned to aquin72
aquin72 collected $35.50 from pot
aquin72: doesn't show hand
*** SUMMARY ***
Total pot $36 | Rake $0.50
Board [4d 5h Kd Jd]
Seat 3: aquin72 (button) (small blind) collected ($35.50)
Seat 4: AzureCaper (big blind) folded on the Turn


PokerStars Hand #151295479507:  Hold'em Limit ($3/$6 USD) - 2016/04/01 20:56:23 ET
Table 'Unitas II' 6-max Seat #3 is the button
Seat 3: aquin72 ($102.42 in chips)
Seat 4: AzureCaper ($86.40 in chips)
aquin72: posts small blind $1
AzureCaper: posts big blind $3
*** HOLE CARDS ***
ManicSmokey joins the table at seat #6
aquin72: calls $2
AzureCaper: checks
*** FLOP *** [6h Ad 3c]
AzureCaper: checks
aquin72: bets $3
AzureCaper: raises $3 to $6
aquin72: calls $3
*** TURN *** [6h Ad 3c] [Qd]
AzureCaper: checks
aquin72: checks
*** RIVER *** [6h Ad 3c Qd] [4s]
AzureCaper: checks
aquin72: checks
*** SHOW DOWN ***
AzureCaper: shows [5d 6c] (a pair of Sixes)
aquin72: mucks hand
AzureCaper collected $17.64 from pot
*** SUMMARY ***
Total pot $18 | Rake $0.36
Board [6h Ad 3c Qd 4s]
Seat 3: aquin72 (button) (small blind) mucked
Seat 4: AzureCaper (big blind) showed [5d 6c] and won ($17.64) with a pair of Sixes


PokerStars Hand #151296129334:  Hold'em Limit ($3/$6 USD) - 2016/04/01 21:19:16 ET
Table 'Unitas II' 6-max Seat #5 is the button
Seat 1: Chessnok ($188.82 in chips)
Seat 5: AttZZe ($78.20 in chips)
AttZZe: posts small blind $1
lin1rabbit: is sitting out
Chessnok: posts big blind $3
*** HOLE CARDS ***
AttZZe: folds
Uncalled bet ($2) returned to Chessnok
Chessnok collected $2 from pot
Chessnok: doesn't show hand
*** SUMMARY ***
Total pot $2 | Rake $0
Seat 1: Chessnok (big blind) collected ($2)
Seat 5: AttZZe (button) (small blind) folded before Flop


PokerStars Hand #151296132043:  Hold'em Limit ($3/$6 USD) - 2016/04/01 21:19:22 ET
Table 'Unitas II' 6-max Seat #1 is the button
Seat 1: Chessnok ($189.82 in chips)
Seat 5: AttZZe ($77.20 in chips)
Chessnok: posts small blind $1
AttZZe: posts big blind $3
*** HOLE CARDS ***
Chessnok: raises $3 to $6
AttZZe: calls $3
*** FLOP *** [Jc 6c Jd]
AttZZe: checks
Chessnok: bets $3
AttZZe: raises $3 to $6
Chessnok: folds
Uncalled bet ($3) returned to AttZZe
AttZZe collected $17.64 from pot
*** SUMMARY ***
Total pot $18 | Rake $0.36
Board [Jc 6c Jd]
Seat 1: Chessnok (button) (small blind) folded on the Flop
Seat 5: AttZZe (big blind) collected ($17.64)


PokerStars Hand #151296138201:  Hold'em Limit ($3/$6 USD) - 2016/04/01 21:19:35 ET
Table 'Unitas II' 6-max Seat #5 is the button
Seat 1: Chessnok ($180.82 in chips)
Seat 5: AttZZe ($85.84 in chips)
AttZZe: posts small blind $1
Chessnok: posts big blind $3
*** HOLE CARDS ***
AttZZe: raises $3 to $6
Chessnok: calls $3
*** FLOP *** [Kc Td 5c]
Chessnok: checks
AttZZe: bets $3
Chessnok: calls $3
*** TURN *** [Kc Td 5c] [Qd]
Chessnok: checks
AttZZe: bets $6
Chessnok: calls $6
*** RIVER *** [Kc Td 5c Qd] [2s]
Chessnok: checks
AttZZe: bets $6
Chessnok: calls $6
*** SHOW DOWN ***
AttZZe: shows [Ah 5s] (a pair of Fives)
Chessnok: mucks hand
AttZZe collected $41.50 from pot
*** SUMMARY ***
Total pot $42 | Rake $0.50
Board [Kc Td 5c Qd 2s]
Seat 1: Chessnok (big blind) mucked
Seat 5: AttZZe (button) (small blind) showed [Ah 5s] and won ($41.50) with a pair of Fives


PokerStars Hand #151296150143:  Hold'em Limit ($3/$6 USD) - 2016/04/01 21:20:01 ET
Table 'Unitas II' 6-max Seat #1 is the button
Seat 1: Chessnok ($159.82 in chips)
Seat 5: AttZZe ($106.34 in chips)
Chessnok: posts small blind $1
AttZZe: posts big blind $3
*** HOLE CARDS ***
Chessnok: raises $3 to $6
AttZZe: raises $3 to $9
Chessnok: calls $3
*** FLOP *** [Qc 8c Tc]
AttZZe: bets $3
Chessnok: calls $3
*** TURN *** [Qc 8c Tc] [9c]
AttZZe: bets $6
Chessnok: calls $6
*** RIVER *** [Qc 8c Tc 9c] [Th]
AttZZe: bets $6
Chessnok: calls $6
*** SHOW DOWN ***
AttZZe: shows [Kh As] (a pair of Tens)
Chessnok: shows [5h 4c] (a flush, Queen high)
Chessnok collected $47.50 from pot
*** SUMMARY ***
Total pot $48 | Rake $0.50
Board [Qc 8c Tc 9c Th]
Seat 1: Chessnok (button) (small blind) showed [5h 4c] and won ($47.50) with a flush, Queen high
Seat 5: AttZZe (big blind) showed [Kh As] and lost with a pair of Tens


PokerStars Hand #151296162916:  Hold'em Limit ($3/$6 USD) - 2016/04/01 21:20:29 ET
Table 'Unitas II' 6-max Seat #5 is the button
Seat 1: Chessnok ($183.32 in chips)
Seat 5: AttZZe ($82.34 in chips)
AttZZe: posts small blind $1
Chessnok: posts big blind $3
*** HOLE CARDS ***
AttZZe: raises $3 to $6
Chessnok: calls $3
*** FLOP *** [9c 5d 5h]
Chessnok: checks
AttZZe: bets $3
Chessnok: folds
Uncalled bet ($3) returned to AttZZe
AttZZe collected $11.76 from pot
*** SUMMARY ***
Total pot $12 | Rake $0.24
Board [9c 5d 5h]
Seat 1: Chessnok (big blind) folded on the Flop
Seat 5: AttZZe (button) (small blind) collected ($11.76)


PokerStars Hand #151296170413:  Hold'em Limit ($3/$6 USD) - 2016/04/01 21:20:45 ET
Table 'Unitas II' 6-max Seat #5 is the button
Seat 1: Chessnok ($176.32 in chips)
Seat 5: AttZZe ($89.10 in chips)
AttZZe: posts small blind $1
Chessnok: posts big blind $3
*** HOLE CARDS ***
AttZZe: folds
Uncalled bet ($2) returned to Chessnok
Chessnok collected $2 from pot
Chessnok: doesn't show hand
*** SUMMARY ***
Total pot $2 | Rake $0
Seat 1: Chessnok (big blind) collected ($2)
Seat 5: AttZZe (button) (small blind) folded before Flop


PokerStars Hand #151296168387:  Hold'em Limit ($3/$6 USD) - 2016/04/01 21:20:41 ET
Table 'Unitas II' 6-max Seat #1 is the button
Seat 1: Chessnok ($177.32 in chips)
Seat 5: AttZZe ($88.10 in chips)
Chessnok: posts small blind $1
AttZZe: posts big blind $3
*** HOLE CARDS ***
Chessnok: folds
Uncalled bet ($2) returned to AttZZe
AttZZe collected $2 from pot
*** SUMMARY ***
Total pot $2 | Rake $0
Seat 1: Chessnok (button) (small blind) folded before Flop
Seat 5: AttZZe (big blind) collected ($2)


