PokerStars Hand #151921415137:  Hold'em Limit ($3/$6 USD) - 2016/04/14 17:11:35 ET
Table 'Unukalhai III' 6-max Seat #6 is the button
Seat 3: Zubasa07 ($500 in chips)
Seat 6: phrantsuz ($49.31 in chips)
phrantsuz: posts small blind $1
Zubasa07: posts big blind $3
*** HOLE CARDS ***
phrantsuz: calls $2
Zubasa07: raises $3 to $6
phrantsuz: calls $3
*** FLOP *** [Ks 2c Ad]
Zubasa07: bets $3
phrantsuz: calls $3
*** TURN *** [Ks 2c Ad] [Kc]
Zubasa07: checks
phrantsuz: checks
*** RIVER *** [Ks 2c Ad Kc] [6s]
Zubasa07: checks
phrantsuz: checks
*** SHOW DOWN ***
Zubasa07: shows [Qc Js] (a pair of Kings)
phrantsuz: mucks hand
Zubasa07 collected $17.64 from pot
*** SUMMARY ***
Total pot $18 | Rake $0.36
Board [Ks 2c Ad Kc 6s]
Seat 3: Zubasa07 (big blind) showed [Qc Js] and won ($17.64) with a pair of Kings
Seat 6: phrantsuz (button) (small blind) mucked


PokerStars Hand #151921435619:  Hold'em Limit ($3/$6 USD) - 2016/04/14 17:11:59 ET
Table 'Unukalhai III' 6-max Seat #3 is the button
Seat 3: Zubasa07 ($508.64 in chips)
Seat 6: phrantsuz ($40.31 in chips)
Zubasa07: posts small blind $1
phrantsuz: posts big blind $3
*** HOLE CARDS ***
Zubasa07: raises $3 to $6
phrantsuz: calls $3
*** FLOP *** [Qh 2h 3h]
phrantsuz: bets $3
Zubasa07: calls $3
*** TURN *** [Qh 2h 3h] [Th]
phrantsuz: checks
Zubasa07: checks
*** RIVER *** [Qh 2h 3h Th] [Jc]
phrantsuz: checks
Zubasa07: checks
*** SHOW DOWN ***
phrantsuz: shows [7c 5s] (high card Queen)
Zubasa07: shows [Kd 8d] (high card King)
Zubasa07 collected $17.64 from pot
*** SUMMARY ***
Total pot $18 | Rake $0.36
Board [Qh 2h 3h Th Jc]
Seat 3: Zubasa07 (button) (small blind) showed [Kd 8d] and won ($17.64) with high card King
Seat 6: phrantsuz (big blind) showed [7c 5s] and lost with high card Queen


PokerStars Hand #151921458985:  Hold'em Limit ($3/$6 USD) - 2016/04/14 17:12:26 ET
Table 'Unukalhai III' 6-max Seat #6 is the button
Seat 3: Zubasa07 ($517.28 in chips)
Seat 6: phrantsuz ($31.31 in chips)
phrantsuz: posts small blind $1
Zubasa07: posts big blind $3
*** HOLE CARDS ***
phrantsuz: folds
Uncalled bet ($2) returned to Zubasa07
Zubasa07 collected $2 from pot
Zubasa07: doesn't show hand
*** SUMMARY ***
Total pot $2 | Rake $0
Seat 3: Zubasa07 (big blind) collected ($2)
Seat 6: phrantsuz (button) (small blind) folded before Flop


PokerStars Hand #151921463146:  Hold'em Limit ($3/$6 USD) - 2016/04/14 17:12:31 ET
Table 'Unukalhai III' 6-max Seat #3 is the button
Seat 3: Zubasa07 ($518.28 in chips)
Seat 6: phrantsuz ($30.31 in chips)
Zubasa07: posts small blind $1
phrantsuz: posts big blind $3
*** HOLE CARDS ***
Zubasa07: raises $3 to $6
phrantsuz: calls $3
*** FLOP *** [5c Kh Jh]
phrantsuz: checks
Zubasa07: bets $3
phrantsuz: folds
Uncalled bet ($3) returned to Zubasa07
Zubasa07 collected $11.76 from pot
Zubasa07: doesn't show hand
*** SUMMARY ***
Total pot $12 | Rake $0.24
Board [5c Kh Jh]
Seat 3: Zubasa07 (button) (small blind) collected ($11.76)
Seat 6: phrantsuz (big blind) folded on the Flop


PokerStars Hand #151921473886:  Hold'em Limit ($3/$6 USD) - 2016/04/14 17:12:44 ET
Table 'Unukalhai III' 6-max Seat #6 is the button
Seat 3: Zubasa07 ($524.04 in chips)
Seat 6: phrantsuz ($24.31 in chips)
phrantsuz: posts small blind $1
Zubasa07: posts big blind $3
*** HOLE CARDS ***
phrantsuz: calls $2
Zubasa07: checks
*** FLOP *** [6d Jh Th]
Zubasa07: bets $3
phrantsuz: calls $3
*** TURN *** [6d Jh Th] [Ah]
Zubasa07: checks
phrantsuz: bets $6
Zubasa07: calls $6
*** RIVER *** [6d Jh Th Ah] [Kh]
Zubasa07: bets $6
phrantsuz: raises $6 to $12
Zubasa07: calls $6
*** SHOW DOWN ***
phrantsuz: shows [8h Kc] (a flush, Ace high)
Zubasa07: mucks hand
phrantsuz collected $47.50 from pot
*** SUMMARY ***
Total pot $48 | Rake $0.50
Board [6d Jh Th Ah Kh]
Seat 3: Zubasa07 (big blind) mucked
Seat 6: phrantsuz (button) (small blind) showed [8h Kc] and won ($47.50) with a flush, Ace high


PokerStars Hand #151921509926:  Hold'em Limit ($3/$6 USD) - 2016/04/14 17:13:26 ET
Table 'Unukalhai III' 6-max Seat #3 is the button
Seat 3: Zubasa07 ($500.04 in chips)
Seat 6: phrantsuz ($47.81 in chips)
Zubasa07: posts small blind $1
phrantsuz: posts big blind $3
*** HOLE CARDS ***
Zubasa07: raises $3 to $6
phrantsuz: calls $3
*** FLOP *** [Ks Kd 8d]
phrantsuz: checks
Zubasa07: bets $3
phrantsuz: folds
Uncalled bet ($3) returned to Zubasa07
Zubasa07 collected $11.76 from pot
Zubasa07: doesn't show hand
*** SUMMARY ***
Total pot $12 | Rake $0.24
Board [Ks Kd 8d]
Seat 3: Zubasa07 (button) (small blind) collected ($11.76)
Seat 6: phrantsuz (big blind) folded on the Flop


PokerStars Hand #151921525105:  Hold'em Limit ($3/$6 USD) - 2016/04/14 17:13:43 ET
Table 'Unukalhai III' 6-max Seat #6 is the button
Seat 3: Zubasa07 ($505.80 in chips)
Seat 6: phrantsuz ($41.81 in chips)
phrantsuz: posts small blind $1
Zubasa07: posts big blind $3
*** HOLE CARDS ***
phrantsuz: calls $2
Zubasa07: raises $3 to $6
phrantsuz: calls $3
*** FLOP *** [3c 8c Qs]
Zubasa07: bets $3
phrantsuz: folds
Uncalled bet ($3) returned to Zubasa07
Zubasa07 collected $11.76 from pot
Zubasa07: doesn't show hand
*** SUMMARY ***
Total pot $12 | Rake $0.24
Board [3c 8c Qs]
Seat 3: Zubasa07 (big blind) collected ($11.76)
Seat 6: phrantsuz (button) (small blind) folded on the Flop


PokerStars Hand #151921536005:  Hold'em Limit ($3/$6 USD) - 2016/04/14 17:13:56 ET
Table 'Unukalhai III' 6-max Seat #3 is the button
Seat 3: Zubasa07 ($511.56 in chips)
Seat 6: phrantsuz ($35.81 in chips)
Zubasa07: posts small blind $1
phrantsuz: posts big blind $3
*** HOLE CARDS ***
Zubasa07: raises $3 to $6
phrantsuz: calls $3
*** FLOP *** [Ac 4h Qd]
phrantsuz: checks
Zubasa07: bets $3
phrantsuz: raises $3 to $6
Zubasa07: calls $3
*** TURN *** [Ac 4h Qd] [9s]
phrantsuz: bets $6
Zubasa07: raises $6 to $12
phrantsuz: raises $6 to $18
Zubasa07: raises $6 to $24
Betting is capped
phrantsuz: calls $5.81 and is all-in
Uncalled bet ($0.19) returned to Zubasa07
*** RIVER *** [Ac 4h Qd 9s] [2d]
*** SHOW DOWN ***
phrantsuz: shows [Qh Jh] (a pair of Queens)
Zubasa07: shows [Qs Qc] (three of a kind, Queens)
Zubasa07 collected $71.12 from pot
*** SUMMARY ***
Total pot $71.62 | Rake $0.50
Board [Ac 4h Qd 9s 2d]
Seat 3: Zubasa07 (button) (small blind) showed [Qs Qc] and won ($71.12) with three of a kind, Queens
Seat 6: phrantsuz (big blind) showed [Qh Jh] and lost with a pair of Queens


PokerStars Hand #151921683570:  Hold'em Limit ($3/$6 USD) - 2016/04/14 17:16:41 ET
Table 'Unukalhai III' 6-max Seat #5 is the button
Seat 4: lin1rabbit ($90 in chips)
Seat 5: vovojc ($240 in chips)
vovojc: posts small blind $1
lin1rabbit: posts big blind $3
*** HOLE CARDS ***
vovojc: raises $3 to $6
lin1rabbit: raises $3 to $9
vovojc: calls $3
*** FLOP *** [3s 5c As]
lin1rabbit: bets $3
vovojc: folds
Uncalled bet ($3) returned to lin1rabbit
lin1rabbit collected $17.64 from pot
lin1rabbit: doesn't show hand
*** SUMMARY ***
Total pot $18 | Rake $0.36
Board [3s 5c As]
Seat 4: lin1rabbit (big blind) collected ($17.64)
Seat 5: vovojc (button) (small blind) folded on the Flop


PokerStars Hand #151921705320:  Hold'em Limit ($3/$6 USD) - 2016/04/14 17:17:03 ET
Table 'Unukalhai III' 6-max Seat #4 is the button
Seat 4: lin1rabbit ($98.64 in chips)
Seat 5: vovojc ($231 in chips)
phrantsuz leaves the table
lin1rabbit: posts small blind $1
vovojc: posts big blind $3
*** HOLE CARDS ***
lin1rabbit: raises $3 to $6
vovojc: raises $3 to $9
lin1rabbit: raises $3 to $12
Betting is capped
vovojc: calls $3
*** FLOP *** [5s 5d Ts]
vovojc: bets $3
lin1rabbit: raises $3 to $6
vovojc: calls $3
*** TURN *** [5s 5d Ts] [7s]
vovojc: checks
lin1rabbit: bets $6
vovojc: calls $6
*** RIVER *** [5s 5d Ts 7s] [Td]
vovojc: checks
lin1rabbit: checks
*** SHOW DOWN ***
vovojc: shows [Kc Qs] (two pair, Tens and Fives)
lin1rabbit: shows [As Jc] (two pair, Tens and Fives - Ace kicker)
lin1rabbit collected $47.50 from pot
*** SUMMARY ***
Total pot $48 | Rake $0.50
Board [5s 5d Ts 7s Td]
Seat 4: lin1rabbit (button) (small blind) showed [As Jc] and won ($47.50) with two pair, Tens and Fives
Seat 5: vovojc (big blind) showed [Kc Qs] and lost with two pair, Tens and Fives


PokerStars Hand #151921745424:  Hold'em Limit ($3/$6 USD) - 2016/04/14 17:17:42 ET
Table 'Unukalhai III' 6-max Seat #5 is the button
Seat 4: lin1rabbit ($122.14 in chips)
Seat 5: vovojc ($207 in chips)
vovojc: posts small blind $1
lin1rabbit: posts big blind $3
*** HOLE CARDS ***
vovojc: raises $3 to $6
lin1rabbit: raises $3 to $9
vovojc: calls $3
*** FLOP *** [4s 6c 3c]
lin1rabbit: bets $3
vovojc: calls $3
*** TURN *** [4s 6c 3c] [5c]
lin1rabbit: bets $6
vovojc: folds
Uncalled bet ($6) returned to lin1rabbit
lin1rabbit collected $23.52 from pot
*** SUMMARY ***
Total pot $24 | Rake $0.48
Board [4s 6c 3c 5c]
Seat 4: lin1rabbit (big blind) collected ($23.52)
Seat 5: vovojc (button) (small blind) folded on the Turn


PokerStars Hand #151921907970:  Hold'em Limit ($3/$6 USD) - 2016/04/14 17:20:13 ET
Table 'Unukalhai III' 6-max Seat #1 is the button
Seat 1: YseRussia ($38.64 in chips)
Seat 4: lin1rabbit ($140.16 in chips)
YseRussia: posts small blind $1
lin1rabbit: posts big blind $3
*** HOLE CARDS ***
YseRussia: folds
Uncalled bet ($2) returned to lin1rabbit
lin1rabbit collected $2 from pot
lin1rabbit: doesn't show hand
*** SUMMARY ***
Total pot $2 | Rake $0
Seat 1: YseRussia (button) (small blind) folded before Flop
Seat 4: lin1rabbit (big blind) collected ($2)


PokerStars Hand #151921893215:  Hold'em Limit ($3/$6 USD) - 2016/04/14 17:19:59 ET
Table 'Unukalhai III' 6-max Seat #4 is the button
Seat 1: YseRussia ($30 in chips)
Seat 4: lin1rabbit ($149.16 in chips)
lin1rabbit: posts small blind $1
YseRussia: posts big blind $3
*** HOLE CARDS ***
lin1rabbit: raises $3 to $6
YseRussia: raises $3 to $9
lin1rabbit: calls $3
*** FLOP *** [7c 3d 2h]
YseRussia: bets $3
lin1rabbit: folds
Uncalled bet ($3) returned to YseRussia
YseRussia collected $17.64 from pot
YseRussia: doesn't show hand
*** SUMMARY ***
Total pot $18 | Rake $0.36
Board [7c 3d 2h]
Seat 1: YseRussia (big blind) collected ($17.64)
Seat 4: lin1rabbit (button) (small blind) folded on the Flop


PokerStars Hand #151921888260:  Hold'em Limit ($3/$6 USD) - 2016/04/14 17:19:54 ET
Table 'Unukalhai III' 6-max Seat #1 is the button
Seat 1: YseRussia ($31 in chips)
Seat 4: lin1rabbit ($148.16 in chips)
YseRussia: posts small blind $1
lin1rabbit: posts big blind $3
*** HOLE CARDS ***
YseRussia: folds
Uncalled bet ($2) returned to lin1rabbit
lin1rabbit collected $2 from pot
lin1rabbit: doesn't show hand
*** SUMMARY ***
Total pot $2 | Rake $0
Seat 1: YseRussia (button) (small blind) folded before Flop
Seat 4: lin1rabbit (big blind) collected ($2)


PokerStars Hand #151921858299:  Hold'em Limit ($3/$6 USD) - 2016/04/14 17:19:26 ET
Table 'Unukalhai III' 6-max Seat #4 is the button
Seat 1: YseRussia ($46 in chips)
Seat 4: lin1rabbit ($133.66 in chips)
lin1rabbit: posts small blind $1
YseRussia: posts big blind $3
*** HOLE CARDS ***
lin1rabbit: raises $3 to $6
YseRussia: calls $3
*** FLOP *** [5d Qd 7c]
YseRussia: checks
lin1rabbit: bets $3
YseRussia: calls $3
*** TURN *** [5d Qd 7c] [6d]
YseRussia: checks
lin1rabbit: bets $6
YseRussia: calls $6
*** RIVER *** [5d Qd 7c 6d] [6s]
YseRussia: checks
lin1rabbit: bets $6
YseRussia: folds
Uncalled bet ($6) returned to lin1rabbit
lin1rabbit collected $29.50 from pot
lin1rabbit: doesn't show hand
*** SUMMARY ***
Total pot $30 | Rake $0.50
Board [5d Qd 7c 6d 6s]
Seat 1: YseRussia (big blind) folded on the River
Seat 4: lin1rabbit (button) (small blind) collected ($29.50)


PokerStars Hand #151921945902:  Hold'em Limit ($3/$6 USD) - 2016/04/14 17:20:49 ET
Table 'Unukalhai III' 6-max Seat #1 is the button
Seat 1: YseRussia ($73.14 in chips)
Seat 4: lin1rabbit ($105.16 in chips)
YseRussia: posts small blind $1
lin1rabbit: posts big blind $3
*** HOLE CARDS ***
YseRussia: raises $3 to $6
lin1rabbit: raises $3 to $9
YseRussia: calls $3
*** FLOP *** [Ah Qh Js]
lin1rabbit: bets $3
YseRussia: calls $3
*** TURN *** [Ah Qh Js] [5c]
lin1rabbit: bets $6
YseRussia: raises $6 to $12
lin1rabbit: calls $6
*** RIVER *** [Ah Qh Js 5c] [Ac]
lin1rabbit: bets $6
YseRussia: calls $6
*** SHOW DOWN ***
lin1rabbit: shows [Ad Kc] (three of a kind, Aces)
YseRussia: mucks hand
lin1rabbit collected $59.50 from pot
*** SUMMARY ***
Total pot $60 | Rake $0.50
Board [Ah Qh Js 5c Ac]
Seat 1: YseRussia (button) (small blind) mucked
Seat 4: lin1rabbit (big blind) showed [Ad Kc] and won ($59.50) with three of a kind, Aces


PokerStars Hand #151921912358:  Hold'em Limit ($3/$6 USD) - 2016/04/14 17:20:17 ET
Table 'Unukalhai III' 6-max Seat #4 is the button
Seat 1: YseRussia ($37.64 in chips)
Seat 4: lin1rabbit ($141.16 in chips)
lin1rabbit: posts small blind $1
YseRussia: posts big blind $3
*** HOLE CARDS ***
lin1rabbit: raises $3 to $6
YseRussia: raises $3 to $9
lin1rabbit: calls $3
*** FLOP *** [5s 9s Jc]
YseRussia: bets $3
lin1rabbit: calls $3
*** TURN *** [5s 9s Jc] [4c]
YseRussia: bets $6
lin1rabbit: raises $6 to $12
YseRussia: calls $6
*** RIVER *** [5s 9s Jc 4c] [9c]
YseRussia: checks
lin1rabbit: bets $6
YseRussia: raises $6 to $12
lin1rabbit: calls $6
*** SHOW DOWN ***
YseRussia: shows [Ac Tc] (a flush, Ace high)
lin1rabbit: mucks hand
YseRussia collected $71.50 from pot
*** SUMMARY ***
Total pot $72 | Rake $0.50
Board [5s 9s Jc 4c 9c]
Seat 1: YseRussia (big blind) showed [Ac Tc] and won ($71.50) with a flush, Ace high
Seat 4: lin1rabbit (button) (small blind) mucked


PokerStars Hand #151921988709:  Hold'em Limit ($3/$6 USD) - 2016/04/14 17:21:29 ET
Table 'Unukalhai III' 6-max Seat #1 is the button
Seat 1: YseRussia ($37.14 in chips)
Seat 4: lin1rabbit ($140.42 in chips)
YseRussia: posts small blind $1
lin1rabbit: posts big blind $3
*** HOLE CARDS ***
YseRussia: folds
Uncalled bet ($2) returned to lin1rabbit
lin1rabbit collected $2 from pot
lin1rabbit: doesn't show hand
*** SUMMARY ***
Total pot $2 | Rake $0
Seat 1: YseRussia (button) (small blind) folded before Flop
Seat 4: lin1rabbit (big blind) collected ($2)


PokerStars Hand #151921973297:  Hold'em Limit ($3/$6 USD) - 2016/04/14 17:21:15 ET
Table 'Unukalhai III' 6-max Seat #4 is the button
Seat 1: YseRussia ($43.14 in chips)
Seat 4: lin1rabbit ($134.66 in chips)
lin1rabbit: posts small blind $1
YseRussia: posts big blind $3
*** HOLE CARDS ***
lin1rabbit: raises $3 to $6
YseRussia: calls $3
*** FLOP *** [Jd Ad 3d]
YseRussia: checks
lin1rabbit: bets $3
YseRussia: folds
Uncalled bet ($3) returned to lin1rabbit
lin1rabbit collected $11.76 from pot
lin1rabbit: doesn't show hand
*** SUMMARY ***
Total pot $12 | Rake $0.24
Board [Jd Ad 3d]
Seat 1: YseRussia (big blind) folded on the Flop
Seat 4: lin1rabbit (button) (small blind) collected ($11.76)


PokerStars Hand #151922016838:  Hold'em Limit ($3/$6 USD) - 2016/04/14 17:21:56 ET
Table 'Unukalhai III' 6-max Seat #4 is the button
Seat 1: YseRussia ($46.66 in chips)
Seat 4: lin1rabbit ($130.42 in chips)
lin1rabbit: posts small blind $1
YseRussia: posts big blind $3
*** HOLE CARDS ***
lin1rabbit: raises $3 to $6
YseRussia: calls $3
*** FLOP *** [9c Ad 7c]
YseRussia: checks
lin1rabbit: bets $3
YseRussia: calls $3
*** TURN *** [9c Ad 7c] [3s]
YseRussia: checks
lin1rabbit: bets $6
YseRussia: folds
Uncalled bet ($6) returned to lin1rabbit
lin1rabbit collected $17.64 from pot
lin1rabbit: doesn't show hand
*** SUMMARY ***
Total pot $18 | Rake $0.36
Board [9c Ad 7c 3s]
Seat 1: YseRussia (big blind) folded on the Turn
Seat 4: lin1rabbit (button) (small blind) collected ($17.64)


PokerStars Hand #151922012101:  Hold'em Limit ($3/$6 USD) - 2016/04/14 17:21:51 ET
Table 'Unukalhai III' 6-max Seat #1 is the button
Seat 1: YseRussia ($47.66 in chips)
Seat 4: lin1rabbit ($129.42 in chips)
YseRussia: posts small blind $1
lin1rabbit: posts big blind $3
*** HOLE CARDS ***
YseRussia: folds
Uncalled bet ($2) returned to lin1rabbit
lin1rabbit collected $2 from pot
lin1rabbit: doesn't show hand
*** SUMMARY ***
Total pot $2 | Rake $0
Seat 1: YseRussia (button) (small blind) folded before Flop
Seat 4: lin1rabbit (big blind) collected ($2)


PokerStars Hand #151921993181:  Hold'em Limit ($3/$6 USD) - 2016/04/14 17:21:33 ET
Table 'Unukalhai III' 6-max Seat #4 is the button
Seat 1: YseRussia ($36.14 in chips)
Seat 4: lin1rabbit ($141.42 in chips)
lin1rabbit: posts small blind $1
YseRussia: posts big blind $3
*** HOLE CARDS ***
lin1rabbit: raises $3 to $6
YseRussia: calls $3
*** FLOP *** [4s 7s Ts]
YseRussia: checks
lin1rabbit: bets $3
YseRussia: raises $3 to $6
lin1rabbit: calls $3
*** TURN *** [4s 7s Ts] [Kd]
YseRussia: bets $6
lin1rabbit: folds
Uncalled bet ($6) returned to YseRussia
YseRussia collected $23.52 from pot
YseRussia: doesn't show hand
*** SUMMARY ***
Total pot $24 | Rake $0.48
Board [4s 7s Ts Kd]
Seat 1: YseRussia (big blind) collected ($23.52)
Seat 4: lin1rabbit (button) (small blind) folded on the Turn


PokerStars Hand #151922032841:  Hold'em Limit ($3/$6 USD) - 2016/04/14 17:22:12 ET
Table 'Unukalhai III' 6-max Seat #1 is the button
Seat 1: YseRussia ($37.66 in chips)
Seat 4: lin1rabbit ($139.06 in chips)
YseRussia: posts small blind $1
lin1rabbit: posts big blind $3
*** HOLE CARDS ***
YseRussia: raises $3 to $6
lin1rabbit: calls $3
*** FLOP *** [3h Jd 7s]
lin1rabbit: checks
YseRussia: bets $3
lin1rabbit: raises $3 to $6
YseRussia: calls $3
*** TURN *** [3h Jd 7s] [7c]
lin1rabbit: bets $6
YseRussia: calls $6
*** RIVER *** [3h Jd 7s 7c] [Kc]
lin1rabbit: checks
YseRussia: checks
*** SHOW DOWN ***
lin1rabbit: shows [6s 3d] (two pair, Sevens and Threes)
YseRussia: mucks hand
lin1rabbit collected $35.50 from pot
*** SUMMARY ***
Total pot $36 | Rake $0.50
Board [3h Jd 7s 7c Kc]
Seat 1: YseRussia (button) (small blind) mucked
Seat 4: lin1rabbit (big blind) showed [6s 3d] and won ($35.50) with two pair, Sevens and Threes


PokerStars Hand #151922082701:  Hold'em Limit ($3/$6 USD) - 2016/04/14 17:22:59 ET
Table 'Unukalhai III' 6-max Seat #4 is the button
Seat 1: YseRussia ($26.82 in chips)
Seat 4: lin1rabbit ($148.66 in chips)
lin1rabbit: posts small blind $1
YseRussia: posts big blind $3
*** HOLE CARDS ***
lin1rabbit: raises $3 to $6
YseRussia: calls $3
*** FLOP *** [5c 9h Jh]
YseRussia: checks
lin1rabbit: bets $3
YseRussia: raises $3 to $6
lin1rabbit: calls $3
*** TURN *** [5c 9h Jh] [Ts]
YseRussia: bets $6
lin1rabbit: calls $6
*** RIVER *** [5c 9h Jh Ts] [2h]
YseRussia: bets $6
lin1rabbit: folds
Uncalled bet ($6) returned to YseRussia
YseRussia collected $35.50 from pot
YseRussia: doesn't show hand
*** SUMMARY ***
Total pot $36 | Rake $0.50
Board [5c 9h Jh Ts 2h]
Seat 1: YseRussia (big blind) collected ($35.50)
Seat 4: lin1rabbit (button) (small blind) folded on the River


PokerStars Hand #151922063125:  Hold'em Limit ($3/$6 USD) - 2016/04/14 17:22:41 ET
Table 'Unukalhai III' 6-max Seat #1 is the button
Seat 1: YseRussia ($13.66 in chips)
Seat 4: lin1rabbit ($162.32 in chips)
YseRussia: posts small blind $1
lin1rabbit: posts big blind $3
*** HOLE CARDS ***
YseRussia: raises $3 to $6
lin1rabbit: calls $3
*** FLOP *** [Ad 7h Kd]
lin1rabbit: checks
YseRussia: bets $3
lin1rabbit: raises $3 to $6
YseRussia: raises $1.66 to $7.66 and is all-in
lin1rabbit: calls $1.66
*** TURN *** [Ad 7h Kd] [3d]
*** RIVER *** [Ad 7h Kd 3d] [Th]
*** SHOW DOWN ***
lin1rabbit: shows [2h Kc] (a pair of Kings)
YseRussia: shows [2s Ac] (a pair of Aces)
YseRussia collected $26.82 from pot
*** SUMMARY ***
Total pot $27.32 | Rake $0.50
Board [Ad 7h Kd 3d Th]
Seat 1: YseRussia (button) (small blind) showed [2s Ac] and won ($26.82) with a pair of Aces
Seat 4: lin1rabbit (big blind) showed [2h Kc] and lost with a pair of Kings


PokerStars Hand #151922054040:  Hold'em Limit ($3/$6 USD) - 2016/04/14 17:22:32 ET
Table 'Unukalhai III' 6-max Seat #4 is the button
Seat 1: YseRussia ($19.66 in chips)
Seat 4: lin1rabbit ($156.56 in chips)
lin1rabbit: posts small blind $1
YseRussia: posts big blind $3
*** HOLE CARDS ***
lin1rabbit: raises $3 to $6
YseRussia: calls $3
*** FLOP *** [Jc Td 8d]
YseRussia: checks
lin1rabbit: bets $3
YseRussia: folds
Uncalled bet ($3) returned to lin1rabbit
lin1rabbit collected $11.76 from pot
lin1rabbit: doesn't show hand
*** SUMMARY ***
Total pot $12 | Rake $0.24
Board [Jc Td 8d]
Seat 1: YseRussia (big blind) folded on the Flop
Seat 4: lin1rabbit (button) (small blind) collected ($11.76)


PokerStars Hand #151922111293:  Hold'em Limit ($3/$6 USD) - 2016/04/14 17:23:27 ET
Table 'Unukalhai III' 6-max Seat #1 is the button
Seat 1: YseRussia ($44.32 in chips)
Seat 4: lin1rabbit ($130.66 in chips)
YseRussia: posts small blind $1
lin1rabbit: posts big blind $3
*** HOLE CARDS ***
YseRussia: raises $3 to $6
lin1rabbit: calls $3
*** FLOP *** [7s 5c Qd]
lin1rabbit: checks
YseRussia: bets $3
lin1rabbit: raises $3 to $6
YseRussia: calls $3
*** TURN *** [7s 5c Qd] [8c]
lin1rabbit: bets $6
YseRussia: calls $6
*** RIVER *** [7s 5c Qd 8c] [Kd]
lin1rabbit: bets $6
YseRussia: raises $6 to $12
lin1rabbit: calls $6
*** SHOW DOWN ***
YseRussia: shows [8h Kc] (two pair, Kings and Eights)
lin1rabbit: mucks hand
YseRussia collected $59.50 from pot
*** SUMMARY ***
Total pot $60 | Rake $0.50
Board [7s 5c Qd 8c Kd]
Seat 1: YseRussia (button) (small blind) showed [8h Kc] and won ($59.50) with two pair, Kings and Eights
Seat 4: lin1rabbit (big blind) mucked


PokerStars Hand #151922134435:  Hold'em Limit ($3/$6 USD) - 2016/04/14 17:23:50 ET
Table 'Unukalhai III' 6-max Seat #4 is the button
Seat 1: YseRussia ($73.82 in chips)
Seat 4: lin1rabbit ($100.66 in chips)
lin1rabbit: posts small blind $1
YseRussia: posts big blind $3
*** HOLE CARDS ***
lin1rabbit: raises $3 to $6
YseRussia: calls $3
*** FLOP *** [Ts 7c 3s]
YseRussia: checks
lin1rabbit: bets $3
YseRussia: calls $3
*** TURN *** [Ts 7c 3s] [6h]
YseRussia: checks
lin1rabbit: bets $6
YseRussia: calls $6
*** RIVER *** [Ts 7c 3s 6h] [As]
YseRussia: checks
lin1rabbit: bets $6
YseRussia: calls $6
*** SHOW DOWN ***
lin1rabbit: shows [4d 5h] (a straight, Three to Seven)
YseRussia: mucks hand
lin1rabbit collected $41.50 from pot
*** SUMMARY ***
Total pot $42 | Rake $0.50
Board [Ts 7c 3s 6h As]
Seat 1: YseRussia (big blind) mucked
Seat 4: lin1rabbit (button) (small blind) showed [4d 5h] and won ($41.50) with a straight, Three to Seven


PokerStars Hand #151922219886:  Hold'em Limit ($3/$6 USD) - 2016/04/14 17:25:22 ET
Table 'Unukalhai III' 6-max Seat #4 is the button
Seat 1: YseRussia ($44.32 in chips)
Seat 4: lin1rabbit ($128.42 in chips)
lin1rabbit: posts small blind $1
YseRussia: posts big blind $3
*** HOLE CARDS ***
lin1rabbit: raises $3 to $6
YseRussia: folds
Uncalled bet ($3) returned to lin1rabbit
lin1rabbit collected $6 from pot
lin1rabbit: doesn't show hand
*** SUMMARY ***
Total pot $6 | Rake $0
Seat 1: YseRussia (big blind) folded before Flop
Seat 4: lin1rabbit (button) (small blind) collected ($6)


PokerStars Hand #151922216149:  Hold'em Limit ($3/$6 USD) - 2016/04/14 17:25:18 ET
Table 'Unukalhai III' 6-max Seat #1 is the button
Seat 1: YseRussia ($45.32 in chips)
Seat 4: lin1rabbit ($127.42 in chips)
YseRussia: posts small blind $1
lin1rabbit: posts big blind $3
*** HOLE CARDS ***
YseRussia: folds
Uncalled bet ($2) returned to lin1rabbit
lin1rabbit collected $2 from pot
lin1rabbit: doesn't show hand
*** SUMMARY ***
Total pot $2 | Rake $0
Seat 1: YseRussia (button) (small blind) folded before Flop
Seat 4: lin1rabbit (big blind) collected ($2)


PokerStars Hand #151922200198:  Hold'em Limit ($3/$6 USD) - 2016/04/14 17:25:00 ET
Table 'Unukalhai III' 6-max Seat #4 is the button
Seat 1: YseRussia ($51.32 in chips)
Seat 4: lin1rabbit ($121.66 in chips)
lin1rabbit: posts small blind $1
YseRussia: posts big blind $3
*** HOLE CARDS ***
lin1rabbit: raises $3 to $6
YseRussia: calls $3
*** FLOP *** [Jh Th Ad]
YseRussia: checks
lin1rabbit: bets $3
YseRussia: folds
Uncalled bet ($3) returned to lin1rabbit
lin1rabbit collected $11.76 from pot
lin1rabbit: doesn't show hand
*** SUMMARY ***
Total pot $12 | Rake $0.24
Board [Jh Th Ad]
Seat 1: YseRussia (big blind) folded on the Flop
Seat 4: lin1rabbit (button) (small blind) collected ($11.76)


PokerStars Hand #151922195915:  Hold'em Limit ($3/$6 USD) - 2016/04/14 17:24:56 ET
Table 'Unukalhai III' 6-max Seat #1 is the button
Seat 1: YseRussia ($52.32 in chips)
Seat 4: lin1rabbit ($120.66 in chips)
YseRussia: posts small blind $1
lin1rabbit: posts big blind $3
*** HOLE CARDS ***
YseRussia: folds
Uncalled bet ($2) returned to lin1rabbit
lin1rabbit collected $2 from pot
lin1rabbit: doesn't show hand
*** SUMMARY ***
Total pot $2 | Rake $0
Seat 1: YseRussia (button) (small blind) folded before Flop
Seat 4: lin1rabbit (big blind) collected ($2)


PokerStars Hand #151922182706:  Hold'em Limit ($3/$6 USD) - 2016/04/14 17:24:41 ET
Table 'Unukalhai III' 6-max Seat #4 is the button
Seat 1: YseRussia ($37.82 in chips)
Seat 4: lin1rabbit ($135.66 in chips)
lin1rabbit: posts small blind $1
YseRussia: posts big blind $3
*** HOLE CARDS ***
lin1rabbit: raises $3 to $6
YseRussia: calls $3
*** FLOP *** [3s 4h Ad]
YseRussia: checks
lin1rabbit: bets $3
YseRussia: calls $3
*** TURN *** [3s 4h Ad] [Ks]
YseRussia: checks
lin1rabbit: checks
*** RIVER *** [3s 4h Ad Ks] [Jc]
YseRussia: bets $6
lin1rabbit: calls $6
*** SHOW DOWN ***
YseRussia: shows [Kc 2c] (a pair of Kings)
lin1rabbit: mucks hand
YseRussia collected $29.50 from pot
*** SUMMARY ***
Total pot $30 | Rake $0.50
Board [3s 4h Ad Ks Jc]
Seat 1: YseRussia (big blind) showed [Kc 2c] and won ($29.50) with a pair of Kings
Seat 4: lin1rabbit (button) (small blind) mucked


PokerStars Hand #151922155946:  Hold'em Limit ($3/$6 USD) - 2016/04/14 17:24:12 ET
Table 'Unukalhai III' 6-max Seat #1 is the button
Seat 1: YseRussia ($52.82 in chips)
Seat 4: lin1rabbit ($121.16 in chips)
YseRussia: posts small blind $1
lin1rabbit: posts big blind $3
*** HOLE CARDS ***
YseRussia: raises $3 to $6
lin1rabbit: calls $3
*** FLOP *** [2c 8d As]
lin1rabbit: checks
YseRussia: bets $3
lin1rabbit: calls $3
*** TURN *** [2c 8d As] [5s]
lin1rabbit: checks
YseRussia: bets $6
lin1rabbit: calls $6
*** RIVER *** [2c 8d As 5s] [Kc]
lin1rabbit: checks
YseRussia: checks
*** SHOW DOWN ***
lin1rabbit: shows [3c Ks] (a pair of Kings)
YseRussia: mucks hand
lin1rabbit collected $29.50 from pot
*** SUMMARY ***
Total pot $30 | Rake $0.50
Board [2c 8d As 5s Kc]
Seat 1: YseRussia (button) (small blind) mucked
Seat 4: lin1rabbit (big blind) showed [3c Ks] and won ($29.50) with a pair of Kings


PokerStars Hand #151922241318:  Hold'em Limit ($3/$6 USD) - 2016/04/14 17:25:46 ET
Table 'Unukalhai III' 6-max Seat #4 is the button
Seat 1: YseRussia ($20.32 in chips)
Seat 4: lin1rabbit ($151.92 in chips)
lin1rabbit: posts small blind $1
YseRussia: posts big blind $3
*** HOLE CARDS ***
lin1rabbit: raises $3 to $6
YseRussia: calls $3
*** FLOP *** [2s 8d 2h]
YseRussia: checks
lin1rabbit: bets $3
YseRussia: raises $3 to $6
lin1rabbit: calls $3
*** TURN *** [2s 8d 2h] [Jh]
YseRussia: bets $6
lin1rabbit: folds
Uncalled bet ($6) returned to YseRussia
YseRussia collected $23.52 from pot
YseRussia: doesn't show hand
*** SUMMARY ***
Total pot $24 | Rake $0.48
Board [2s 8d 2h Jh]
Seat 1: YseRussia (big blind) collected ($23.52)
Seat 4: lin1rabbit (button) (small blind) folded on the Turn


PokerStars Hand #151922227276:  Hold'em Limit ($3/$6 USD) - 2016/04/14 17:25:31 ET
Table 'Unukalhai III' 6-max Seat #1 is the button
Seat 1: YseRussia ($41.32 in chips)
Seat 4: lin1rabbit ($131.42 in chips)
YseRussia: posts small blind $1
lin1rabbit: posts big blind $3
*** HOLE CARDS ***
YseRussia: calls $2
lin1rabbit: raises $3 to $6
YseRussia: calls $3
*** FLOP *** [8c Qc Ad]
lin1rabbit: bets $3
YseRussia: calls $3
*** TURN *** [8c Qc Ad] [7s]
lin1rabbit: bets $6
YseRussia: calls $6
*** RIVER *** [8c Qc Ad 7s] [Qd]
lin1rabbit: bets $6
YseRussia: calls $6
*** SHOW DOWN ***
lin1rabbit: shows [Ac 7h] (two pair, Aces and Queens)
YseRussia: mucks hand
lin1rabbit collected $41.50 from pot
*** SUMMARY ***
Total pot $42 | Rake $0.50
Board [8c Qc Ad 7s Qd]
Seat 1: YseRussia (button) (small blind) mucked
Seat 4: lin1rabbit (big blind) showed [Ac 7h] and won ($41.50) with two pair, Aces and Queens


PokerStars Hand #151922331584:  Hold'em Limit ($3/$6 USD) - 2016/04/14 17:27:30 ET
Table 'Unukalhai III' 6-max Seat #1 is the button
Seat 1: YseRussia ($66.84 in chips)
Seat 4: lin1rabbit ($103.92 in chips)
YseRussia: posts small blind $1
lin1rabbit: posts big blind $3
*** HOLE CARDS ***
YseRussia: raises $3 to $6
lin1rabbit: folds
Uncalled bet ($3) returned to YseRussia
YseRussia collected $6 from pot
YseRussia: doesn't show hand
*** SUMMARY ***
Total pot $6 | Rake $0
Seat 1: YseRussia (button) (small blind) collected ($6)
Seat 4: lin1rabbit (big blind) folded before Flop


PokerStars Hand #151922315974:  Hold'em Limit ($3/$6 USD) - 2016/04/14 17:27:12 ET
Table 'Unukalhai III' 6-max Seat #4 is the button
Seat 1: YseRussia ($52.34 in chips)
Seat 4: lin1rabbit ($118.92 in chips)
lin1rabbit: posts small blind $1
YseRussia: posts big blind $3
*** HOLE CARDS ***
lin1rabbit: raises $3 to $6
YseRussia: calls $3
*** FLOP *** [9h 9d 8d]
YseRussia: checks
lin1rabbit: bets $3
YseRussia: calls $3
*** TURN *** [9h 9d 8d] [Qs]
YseRussia: checks
lin1rabbit: bets $6
YseRussia: calls $6
*** RIVER *** [9h 9d 8d Qs] [4c]
YseRussia: checks
lin1rabbit: checks
*** SHOW DOWN ***
YseRussia: shows [Ah 3h] (a pair of Nines)
lin1rabbit: mucks hand
YseRussia collected $29.50 from pot
*** SUMMARY ***
Total pot $30 | Rake $0.50
Board [9h 9d 8d Qs 4c]
Seat 1: YseRussia (big blind) showed [Ah 3h] and won ($29.50) with a pair of Nines
Seat 4: lin1rabbit (button) (small blind) mucked


PokerStars Hand #151922273407:  Hold'em Limit ($3/$6 USD) - 2016/04/14 17:26:23 ET
Table 'Unukalhai III' 6-max Seat #1 is the button
Seat 1: YseRussia ($31.84 in chips)
Seat 4: lin1rabbit ($139.92 in chips)
YseRussia: posts small blind $1
lin1rabbit: posts big blind $3
*** HOLE CARDS ***
YseRussia: raises $3 to $6
lin1rabbit: raises $3 to $9
YseRussia: raises $3 to $12
Betting is capped
lin1rabbit: calls $3
*** FLOP *** [9s Ks 7d]
lin1rabbit: bets $3
YseRussia: calls $3
*** TURN *** [9s Ks 7d] [Kc]
lin1rabbit: bets $6
YseRussia: calls $6
*** RIVER *** [9s Ks 7d Kc] [5h]
lin1rabbit: checks
YseRussia: checks
*** SHOW DOWN ***
lin1rabbit: shows [Ac 3c] (a pair of Kings)
YseRussia: shows [Ah Qh] (a pair of Kings - Ace+Queen kicker)
YseRussia collected $41.50 from pot
*** SUMMARY ***
Total pot $42 | Rake $0.50
Board [9s Ks 7d Kc 5h]
Seat 1: YseRussia (button) (small blind) showed [Ah Qh] and won ($41.50) with a pair of Kings
Seat 4: lin1rabbit (big blind) showed [Ac 3c] and lost with a pair of Kings


PokerStars Hand #151922337315:  Hold'em Limit ($3/$6 USD) - 2016/04/14 17:27:37 ET
Table 'Unukalhai III' 6-max Seat #4 is the button
Seat 1: YseRussia ($69.84 in chips)
Seat 4: lin1rabbit ($100.92 in chips)
lin1rabbit: posts small blind $1
YseRussia: posts big blind $3
*** HOLE CARDS ***
lin1rabbit: raises $3 to $6
YseRussia: calls $3
*** FLOP *** [3c Ac 8d]
YseRussia: checks
lin1rabbit: bets $3
YseRussia: raises $3 to $6
lin1rabbit: calls $3
*** TURN *** [3c Ac 8d] [5c]
YseRussia: bets $6
lin1rabbit: calls $6
*** RIVER *** [3c Ac 8d 5c] [Qd]
YseRussia: bets $6
lin1rabbit: calls $6
*** SHOW DOWN ***
YseRussia: shows [As 2d] (a pair of Aces)
lin1rabbit: shows [Ah Kh] (a pair of Aces - King kicker)
lin1rabbit collected $47.50 from pot
*** SUMMARY ***
Total pot $48 | Rake $0.50
Board [3c Ac 8d 5c Qd]
Seat 1: YseRussia (big blind) showed [As 2d] and lost with a pair of Aces
Seat 4: lin1rabbit (button) (small blind) showed [Ah Kh] and won ($47.50) with a pair of Aces


PokerStars Hand #151922383226:  Hold'em Limit ($3/$6 USD) - 2016/04/14 17:28:30 ET
Table 'Unukalhai III' 6-max Seat #4 is the button
Seat 1: YseRussia ($18.84 in chips)
Seat 4: lin1rabbit ($150.92 in chips)
lin1rabbit: posts small blind $1
YseRussia: posts big blind $3
*** HOLE CARDS ***
lin1rabbit: raises $3 to $6
YseRussia: raises $3 to $9
lin1rabbit: calls $3
*** FLOP *** [8h Js 3h]
YseRussia: bets $3
lin1rabbit: calls $3
*** TURN *** [8h Js 3h] [8c]
YseRussia: bets $6
lin1rabbit: raises $6 to $12
YseRussia: calls $0.84 and is all-in
Uncalled bet ($5.16) returned to lin1rabbit
*** RIVER *** [8h Js 3h 8c] [6s]
*** SHOW DOWN ***
YseRussia: shows [Ah 3s] (two pair, Eights and Threes)
lin1rabbit: shows [Jc Tc] (two pair, Jacks and Eights)
lin1rabbit collected $37.18 from pot
*** SUMMARY ***
Total pot $37.68 | Rake $0.50
Board [8h Js 3h 8c 6s]
Seat 1: YseRussia (big blind) showed [Ah 3s] and lost with two pair, Eights and Threes
Seat 4: lin1rabbit (button) (small blind) showed [Jc Tc] and won ($37.18) with two pair, Jacks and Eights


PokerStars Hand #151922481312:  Hold'em Limit ($3/$6 USD) - 2016/04/14 17:30:26 ET
Table 'Unukalhai III' 6-max Seat #4 is the button
Seat 3: BMW06087 ($27 in chips)
Seat 4: lin1rabbit ($177.90 in chips)
lin1rabbit: posts small blind $1
BMW06087: posts big blind $3
*** HOLE CARDS ***
lin1rabbit: raises $3 to $6
BMW06087: calls $3
*** FLOP *** [Kc Ah Jd]
BMW06087: checks
lin1rabbit: bets $3
BMW06087: folds
Uncalled bet ($3) returned to lin1rabbit
lin1rabbit collected $11.76 from pot
lin1rabbit: doesn't show hand
*** SUMMARY ***
Total pot $12 | Rake $0.24
Board [Kc Ah Jd]
Seat 3: BMW06087 (big blind) folded on the Flop
Seat 4: lin1rabbit (button) (small blind) collected ($11.76)


PokerStars Hand #151922463630:  Hold'em Limit ($3/$6 USD) - 2016/04/14 17:30:05 ET
Table 'Unukalhai III' 6-max Seat #3 is the button
Seat 3: BMW06087 ($36 in chips)
Seat 4: lin1rabbit ($169.26 in chips)
BMW06087: posts small blind $1
lin1rabbit: posts big blind $3
*** HOLE CARDS ***
BMW06087: calls $2
lin1rabbit: raises $3 to $6
BMW06087: calls $3
*** FLOP *** [Tc 9d 3c]
lin1rabbit: bets $3
BMW06087: calls $3
*** TURN *** [Tc 9d 3c] [Kd]
lin1rabbit: bets $6
BMW06087: folds
Uncalled bet ($6) returned to lin1rabbit
lin1rabbit collected $17.64 from pot
lin1rabbit: doesn't show hand
*** SUMMARY ***
Total pot $18 | Rake $0.36
Board [Tc 9d 3c Kd]
Seat 3: BMW06087 (button) (small blind) folded on the Turn
Seat 4: lin1rabbit (big blind) collected ($17.64)


PokerStars Hand #151922510625:  Hold'em Limit ($3/$6 USD) - 2016/04/14 17:31:01 ET
Table 'Unukalhai III' 6-max Seat #4 is the button
Seat 3: BMW06087 ($41.50 in chips)
Seat 4: lin1rabbit ($162.66 in chips)
lin1rabbit: posts small blind $1
BMW06087: posts big blind $3
*** HOLE CARDS ***
lin1rabbit: raises $3 to $6
BMW06087: calls $3
*** FLOP *** [7h 8s Qc]
Zubasa07 joins the table at seat #5
BMW06087: checks
lin1rabbit: bets $3
BMW06087: calls $3
*** TURN *** [7h 8s Qc] [Jd]
BMW06087: checks
lin1rabbit: bets $6
BMW06087: calls $6
*** RIVER *** [7h 8s Qc Jd] [6c]
BMW06087: bets $6
lin1rabbit: calls $6
*** SHOW DOWN ***
BMW06087: shows [Kd 6s] (a pair of Sixes)
lin1rabbit: shows [Kh 8h] (a pair of Eights)
lin1rabbit collected $41.50 from pot
*** SUMMARY ***
Total pot $42 | Rake $0.50
Board [7h 8s Qc Jd 6c]
Seat 3: BMW06087 (big blind) showed [Kd 6s] and lost with a pair of Sixes
Seat 4: lin1rabbit (button) (small blind) showed [Kh 8h] and won ($41.50) with a pair of Eights


PokerStars Hand #151922492922:  Hold'em Limit ($3/$6 USD) - 2016/04/14 17:30:40 ET
Table 'Unukalhai III' 6-max Seat #3 is the button
Seat 3: BMW06087 ($21 in chips)
Seat 4: lin1rabbit ($183.66 in chips)
BMW06087: posts small blind $1
lin1rabbit: posts big blind $3
*** HOLE CARDS ***
BMW06087: calls $2
lin1rabbit: checks
*** FLOP *** [7c Qc 2s]
lin1rabbit: bets $3
BMW06087: calls $3
*** TURN *** [7c Qc 2s] [9d]
lin1rabbit: bets $6
BMW06087: calls $6
*** RIVER *** [7c Qc 2s 9d] [4d]
lin1rabbit: bets $6
BMW06087: raises $3 to $9 and is all-in
lin1rabbit: calls $3
*** SHOW DOWN ***
BMW06087: shows [Jh 9h] (a pair of Nines)
lin1rabbit: shows [9s Tc] (a pair of Nines - lower kicker)
BMW06087 collected $41.50 from pot
*** SUMMARY ***
Total pot $42 | Rake $0.50
Board [7c Qc 2s 9d 4d]
Seat 3: BMW06087 (button) (small blind) showed [Jh 9h] and won ($41.50) with a pair of Nines
Seat 4: lin1rabbit (big blind) showed [9s Tc] and lost with a pair of Nines


PokerStars Hand #151922527827:  Hold'em Limit ($3/$6 USD) - 2016/04/14 17:31:22 ET
Table 'Unukalhai III' 6-max Seat #3 is the button
Seat 3: BMW06087 ($20.50 in chips)
Seat 4: lin1rabbit ($183.16 in chips)
BMW06087: posts small blind $1
lin1rabbit: posts big blind $3
*** HOLE CARDS ***
BMW06087: calls $2
lin1rabbit: checks
*** FLOP *** [2h 6s 7s]
lin1rabbit: bets $3
BMW06087: calls $3
*** TURN *** [2h 6s 7s] [8s]
lin1rabbit: bets $6
vestimokrec joins the table at seat #2
BMW06087: calls $6
*** RIVER *** [2h 6s 7s 8s] [6d]
lin1rabbit: bets $6
BMW06087: calls $6
*** SHOW DOWN ***
lin1rabbit: shows [5s 9s] (a straight flush, Five to Nine)
BMW06087: mucks hand
lin1rabbit collected $35.50 from pot
*** SUMMARY ***
Total pot $36 | Rake $0.50
Board [2h 6s 7s 8s 6d]
Seat 3: BMW06087 (button) (small blind) mucked
Seat 4: lin1rabbit (big blind) showed [5s 9s] and won ($35.50) with a straight flush, Five to Nine


PokerStars Hand #151922552551:  Hold'em Limit ($3/$6 USD) - 2016/04/14 17:31:52 ET
Table 'Unukalhai III' 6-max Seat #3 is the button
Seat 3: BMW06087 ($44.50 in chips)
Seat 5: Zubasa07 ($500 in chips)
BMW06087: posts small blind $1
lin1rabbit: is sitting out
Chessnok joins the table at seat #6
Zubasa07: posts big blind $3
*** HOLE CARDS ***
BMW06087: calls $2
Zubasa07: checks
*** FLOP *** [7h Ad Js]
Zubasa07: checks
BMW06087: checks
*** TURN *** [7h Ad Js] [5d]
Zubasa07: checks
BMW06087: checks
*** RIVER *** [7h Ad Js 5d] [2s]
Zubasa07: checks
BMW06087: checks
*** SHOW DOWN ***
Zubasa07: shows [4s Kh] (high card Ace)
BMW06087: shows [Ts 7d] (a pair of Sevens)
BMW06087 collected $5.88 from pot
*** SUMMARY ***
Total pot $6 | Rake $0.12
Board [7h Ad Js 5d 2s]
Seat 3: BMW06087 (button) (small blind) showed [Ts 7d] and won ($5.88) with a pair of Sevens
Seat 5: Zubasa07 (big blind) showed [4s Kh] and lost with high card Ace


PokerStars Hand #151926321525:  Hold'em Limit ($3/$6 USD) - 2016/04/14 18:56:30 ET
Table 'Unukalhai III' 6-max Seat #5 is the button
Seat 2: Velbor107 ($241.63 in chips)
Seat 5: MissEKAmouse ($279.74 in chips)
MissEKAmouse: posts small blind $1
harrydonkey: is sitting out
Velbor107: posts big blind $3
*** HOLE CARDS ***
MissEKAmouse: raises $3 to $6
Velbor107: folds
Uncalled bet ($3) returned to MissEKAmouse
MissEKAmouse collected $6 from pot
MissEKAmouse: doesn't show hand
*** SUMMARY ***
Total pot $6 | Rake $0
Seat 2: Velbor107 (big blind) folded before Flop
Seat 5: MissEKAmouse (button) (small blind) collected ($6)


