PokerStars Hand #174212433229:  Hold'em Limit ($3/$6 USD) - 2017/08/11 16:57:52 ET
Table 'Unukalhai II' 6-max Seat #4 is the button
Seat 3: Eklund_1891 ($191.53 in chips)
Seat 4: Luanto 14 ($146.66 in chips)
Luanto 14: posts small blind $1
Eklund_1891: posts big blind $3
*** HOLE CARDS ***
Luanto 14: raises $3 to $6
Eklund_1891: raises $3 to $9
Luanto 14: calls $3
*** FLOP *** [Ah 5h 5d]
Eklund_1891: bets $3
Luanto 14: calls $3
*** TURN *** [Ah 5h 5d] [3c]
GoliafUa leaves the table
Eklund_1891: bets $6
Luanto 14: calls $6
*** RIVER *** [Ah 5h 5d 3c] [8c]
Eklund_1891: bets $6
Luanto 14: calls $6
*** SHOW DOWN ***
Eklund_1891: shows [9d 9c] (two pair, Nines and Fives)
Luanto 14: mucks hand
Eklund_1891 collected $47.50 from pot
*** SUMMARY ***
Total pot $48 | Rake $0.50
Board [Ah 5h 5d 3c 8c]
Seat 3: Eklund_1891 (big blind) showed [9d 9c] and won ($47.50) with two pair, Nines and Fives
Seat 4: Luanto 14 (button) (small blind) mucked


PokerStars Hand #174212410352:  Hold'em Limit ($3/$6 USD) - 2017/08/11 16:57:14 ET
Table 'Unukalhai II' 6-max Seat #3 is the button
Seat 3: Eklund_1891 ($87.64 in chips)
Seat 4: Luanto 14 ($148.66 in chips)
Eklund_1891: posts small blind $1
Luanto 14: posts big blind $3
*** HOLE CARDS ***
Eklund_1891: folds
Uncalled bet ($2) returned to Luanto 14
Luanto 14 collected $2 from pot
Luanto 14: doesn't show hand
*** SUMMARY ***
Total pot $2 | Rake $0
Seat 3: Eklund_1891 (button) (small blind) folded before Flop
Seat 4: Luanto 14 (big blind) collected ($2)


PokerStars Hand #174212398748:  Hold'em Limit ($3/$6 USD) - 2017/08/11 16:56:54 ET
Table 'Unukalhai II' 6-max Seat #4 is the button
Seat 3: Eklund_1891 ($99.64 in chips)
Seat 4: Luanto 14 ($137.14 in chips)
Luanto 14: posts small blind $1
Eklund_1891: posts big blind $3
*** HOLE CARDS ***
Luanto 14: raises $3 to $6
Eklund_1891: raises $3 to $9
Luanto 14: calls $3
*** FLOP *** [Th 2h 5h]
Eklund_1891: bets $3
Luanto 14: calls $3
*** TURN *** [Th 2h 5h] [6h]
Eklund_1891: checks
Luanto 14: bets $6
Eklund_1891: folds
Uncalled bet ($6) returned to Luanto 14
Luanto 14 collected $23.52 from pot
Luanto 14: doesn't show hand
*** SUMMARY ***
Total pot $24 | Rake $0.48
Board [Th 2h 5h 6h]
Seat 3: Eklund_1891 (big blind) folded on the Turn
Seat 4: Luanto 14 (button) (small blind) collected ($23.52)


PokerStars Hand #174212414555:  Hold'em Limit ($3/$6 USD) - 2017/08/11 16:57:21 ET
Table 'Unukalhai II' 6-max Seat #4 is the button
Seat 3: Eklund_1891 ($86.64 in chips)
Seat 4: Luanto 14 ($149.66 in chips)
Luanto 14: posts small blind $1
Eklund_1891: posts big blind $3
*** HOLE CARDS ***
Luanto 14: raises $3 to $6
Eklund_1891: folds
Uncalled bet ($3) returned to Luanto 14
Luanto 14 collected $6 from pot
Luanto 14: doesn't show hand
*** SUMMARY ***
Total pot $6 | Rake $0
Seat 3: Eklund_1891 (big blind) folded before Flop
Seat 4: Luanto 14 (button) (small blind) collected ($6)


PokerStars Hand #174212418414:  Hold'em Limit ($3/$6 USD) - 2017/08/11 16:57:27 ET
Table 'Unukalhai II' 6-max Seat #3 is the button
Seat 3: Eklund_1891 ($83.64 in chips)
Seat 4: Luanto 14 ($152.66 in chips)
Eklund_1891: posts small blind $1
Luanto 14: posts big blind $3
*** HOLE CARDS ***
Eklund_1891: raises $3 to $6
Luanto 14: calls $3
*** FLOP *** [Kd Qc 6d]
Luanto 14: checks
Eklund_1891: bets $3
Luanto 14: folds
Uncalled bet ($3) returned to Eklund_1891
Eklund_1891 collected $11.76 from pot
Eklund_1891: doesn't show hand
*** SUMMARY ***
Total pot $12 | Rake $0.24
Board [Kd Qc 6d]
Seat 3: Eklund_1891 (button) (small blind) collected ($11.76)
Seat 4: Luanto 14 (big blind) folded on the Flop


PokerStars Hand #174212430489:  Hold'em Limit ($3/$6 USD) - 2017/08/11 16:57:47 ET
Table 'Unukalhai II' 6-max Seat #3 is the button
Seat 3: Eklund_1891 ($192.53 in chips)
Seat 4: Luanto 14 ($145.66 in chips)
Eklund_1891: posts small blind $1
Luanto 14: posts big blind $3
*** HOLE CARDS ***
Eklund_1891: folds
Uncalled bet ($2) returned to Luanto 14
Luanto 14 collected $2 from pot
Luanto 14: doesn't show hand
*** SUMMARY ***
Total pot $2 | Rake $0
Seat 3: Eklund_1891 (button) (small blind) folded before Flop
Seat 4: Luanto 14 (big blind) collected ($2)


PokerStars Hand #174212427658:  Hold'em Limit ($3/$6 USD) - 2017/08/11 16:57:42 ET
Table 'Unukalhai II' 6-max Seat #4 is the button
Seat 3: Eklund_1891 ($191.53 in chips)
Seat 4: Luanto 14 ($146.66 in chips)
Luanto 14: posts small blind $1
Eklund_1891: posts big blind $3
*** HOLE CARDS ***
Luanto 14: folds
Uncalled bet ($2) returned to Eklund_1891
Eklund_1891 collected $2 from pot
Eklund_1891: doesn't show hand
*** SUMMARY ***
Total pot $2 | Rake $0
Seat 3: Eklund_1891 (big blind) collected ($2)
Seat 4: Luanto 14 (button) (small blind) folded before Flop


PokerStars Hand #174212457228:  Hold'em Limit ($3/$6 USD) - 2017/08/11 16:58:31 ET
Table 'Unukalhai II' 6-max Seat #4 is the button
Seat 3: Eklund_1891 ($214.78 in chips)
Seat 4: Luanto 14 ($122.41 in chips)
Luanto 14: posts small blind $1
Eklund_1891: posts big blind $3
*** HOLE CARDS ***
Luanto 14: raises $3 to $6
Eklund_1891: calls $3
*** FLOP *** [3c 9h 4h]
Eklund_1891: checks
Luanto 14: bets $3
Eklund_1891: calls $3
*** TURN *** [3c 9h 4h] [4c]
Eklund_1891: checks
Luanto 14: bets $6
Eklund_1891: raises $6 to $12
Luanto 14: folds
Uncalled bet ($6) returned to Eklund_1891
Eklund_1891 collected $29.50 from pot
Eklund_1891: doesn't show hand
*** SUMMARY ***
Total pot $30 | Rake $0.50
Board [3c 9h 4h 4c]
Seat 3: Eklund_1891 (big blind) collected ($29.50)
Seat 4: Luanto 14 (button) (small blind) folded on the Turn


PokerStars Hand #174212445526:  Hold'em Limit ($3/$6 USD) - 2017/08/11 16:58:12 ET
Table 'Unukalhai II' 6-max Seat #3 is the button
Seat 3: Eklund_1891 ($215.03 in chips)
Seat 4: Luanto 14 ($122.66 in chips)
Eklund_1891: posts small blind $1
Luanto 14: posts big blind $3
*** HOLE CARDS ***
Eklund_1891: raises $3 to $6
Luanto 14: calls $3
*** FLOP *** [5d Ks 7s]
Luanto 14: checks
Eklund_1891: checks
*** TURN *** [5d Ks 7s] [7c]
Luanto 14: bets $6
Eklund_1891: calls $6
*** RIVER *** [5d Ks 7s 7c] [Ts]
Luanto 14: bets $6
Eklund_1891: calls $6
*** SHOW DOWN ***
Luanto 14: shows [6d As] (a pair of Sevens)
Eklund_1891: shows [Ac 2h] (a pair of Sevens)
Luanto 14 collected $17.75 from pot
Eklund_1891 collected $17.75 from pot
*** SUMMARY ***
Total pot $36 | Rake $0.50
Board [5d Ks 7s 7c Ts]
Seat 3: Eklund_1891 (button) (small blind) showed [Ac 2h] and won ($17.75) with a pair of Sevens
Seat 4: Luanto 14 (big blind) showed [6d As] and won ($17.75) with a pair of Sevens


PokerStars Hand #174212477419:  Hold'em Limit ($3/$6 USD) - 2017/08/11 16:59:03 ET
Table 'Unukalhai II' 6-max Seat #3 is the button
Seat 3: Eklund_1891 ($229.28 in chips)
Seat 4: Luanto 14 ($107.41 in chips)
Eklund_1891: posts small blind $1
Luanto 14: posts big blind $3
*** HOLE CARDS ***
Eklund_1891: raises $3 to $6
Luanto 14: calls $3
*** FLOP *** [9h Ks 3c]
Luanto 14: checks
Eklund_1891: checks
*** TURN *** [9h Ks 3c] [4h]
Luanto 14: bets $6
Eklund_1891: calls $6
*** RIVER *** [9h Ks 3c 4h] [Jc]
Luanto 14: bets $6
Eklund_1891: folds
Uncalled bet ($6) returned to Luanto 14
Luanto 14 collected $23.52 from pot
Luanto 14: doesn't show hand
*** SUMMARY ***
Total pot $24 | Rake $0.48
Board [9h Ks 3c 4h Jc]
Seat 3: Eklund_1891 (button) (small blind) folded on the River
Seat 4: Luanto 14 (big blind) collected ($23.52)


PokerStars Hand #174212493561:  Hold'em Limit ($3/$6 USD) - 2017/08/11 16:59:30 ET
Table 'Unukalhai II' 6-max Seat #4 is the button
Seat 3: Eklund_1891 ($217.28 in chips)
Seat 4: Luanto 14 ($118.93 in chips)
Luanto 14: posts small blind $1
Eklund_1891: posts big blind $3
*** HOLE CARDS ***
Luanto 14: raises $3 to $6
Eklund_1891: folds
Uncalled bet ($3) returned to Luanto 14
Luanto 14 collected $6 from pot
Luanto 14: doesn't show hand
*** SUMMARY ***
Total pot $6 | Rake $0
Seat 3: Eklund_1891 (big blind) folded before Flop
Seat 4: Luanto 14 (button) (small blind) collected ($6)


PokerStars Hand #174212525081:  Hold'em Limit ($3/$6 USD) - 2017/08/11 17:00:23 ET
Table 'Unukalhai II' 6-max Seat #4 is the button
Seat 3: Eklund_1891 ($230.78 in chips)
Seat 4: Luanto 14 ($104.93 in chips)
Luanto 14: posts small blind $1
Eklund_1891: posts big blind $3
*** HOLE CARDS ***
Luanto 14: raises $3 to $6
Eklund_1891: raises $3 to $9
Luanto 14: calls $3
*** FLOP *** [5c 8d 3s]
Eklund_1891: bets $3
Luanto 14: raises $3 to $6
Eklund_1891: raises $3 to $9
Luanto 14: calls $3
*** TURN *** [5c 8d 3s] [6h]
Eklund_1891: bets $6
Luanto 14: calls $6
*** RIVER *** [5c 8d 3s 6h] [7c]
Eklund_1891: bets $6
Luanto 14: folds
Uncalled bet ($6) returned to Eklund_1891
Eklund_1891 collected $47.50 from pot
Eklund_1891: doesn't show hand
*** SUMMARY ***
Total pot $48 | Rake $0.50
Board [5c 8d 3s 6h 7c]
Seat 3: Eklund_1891 (big blind) collected ($47.50)
Seat 4: Luanto 14 (button) (small blind) folded on the River


PokerStars Hand #174212499235:  Hold'em Limit ($3/$6 USD) - 2017/08/11 16:59:40 ET
Table 'Unukalhai II' 6-max Seat #3 is the button
Seat 3: Eklund_1891 ($214.28 in chips)
Seat 4: Luanto 14 ($121.93 in chips)
Eklund_1891: posts small blind $1
Luanto 14: posts big blind $3
*** HOLE CARDS ***
Eklund_1891: raises $3 to $6
Luanto 14: calls $3
*** FLOP *** [3h 7d Tc]
Luanto 14: checks
Eklund_1891: bets $3
Luanto 14: calls $3
*** TURN *** [3h 7d Tc] [2h]
Luanto 14: checks
Eklund_1891: bets $6
Luanto 14: calls $6
*** RIVER *** [3h 7d Tc 2h] [9d]
Luanto 14: checks
Eklund_1891: bets $6
Luanto 14: calls $6
*** SHOW DOWN ***
Eklund_1891: shows [7c 4c] (a pair of Sevens)
Luanto 14: mucks hand
Eklund_1891 collected $41.50 from pot
*** SUMMARY ***
Total pot $42 | Rake $0.50
Board [3h 7d Tc 2h 9d]
Seat 3: Eklund_1891 (button) (small blind) showed [7c 4c] and won ($41.50) with a pair of Sevens
Seat 4: Luanto 14 (big blind) mucked


PokerStars Hand #174212521582:  Hold'em Limit ($3/$6 USD) - 2017/08/11 17:00:17 ET
Table 'Unukalhai II' 6-max Seat #3 is the button
Seat 3: Eklund_1891 ($231.78 in chips)
Seat 4: Luanto 14 ($103.93 in chips)
Eklund_1891: posts small blind $1
Luanto 14: posts big blind $3
*** HOLE CARDS ***
Eklund_1891: folds
Uncalled bet ($2) returned to Luanto 14
Luanto 14 collected $2 from pot
Luanto 14: doesn't show hand
*** SUMMARY ***
Total pot $2 | Rake $0
Seat 3: Eklund_1891 (button) (small blind) folded before Flop
Seat 4: Luanto 14 (big blind) collected ($2)


PokerStars Hand #174212517429:  Hold'em Limit ($3/$6 USD) - 2017/08/11 17:00:11 ET
Table 'Unukalhai II' 6-max Seat #4 is the button
Seat 3: Eklund_1891 ($234.78 in chips)
Seat 4: Luanto 14 ($100.93 in chips)
Luanto 14: posts small blind $1
Eklund_1891: posts big blind $3
*** HOLE CARDS ***
Luanto 14: raises $3 to $6
Eklund_1891: folds
Uncalled bet ($3) returned to Luanto 14
Luanto 14 collected $6 from pot
Luanto 14: doesn't show hand
*** SUMMARY ***
Total pot $6 | Rake $0
Seat 3: Eklund_1891 (big blind) folded before Flop
Seat 4: Luanto 14 (button) (small blind) collected ($6)


PokerStars Hand #174212575411:  Hold'em Limit ($3/$6 USD) - 2017/08/11 17:01:40 ET
Table 'Unukalhai II' 6-max Seat #4 is the button
Seat 3: Eklund_1891 ($214.28 in chips)
Seat 4: Luanto 14 ($119.95 in chips)
Luanto 14: posts small blind $1
Eklund_1891: posts big blind $3
*** HOLE CARDS ***
Luanto 14: raises $3 to $6
Eklund_1891: folds
Uncalled bet ($3) returned to Luanto 14
Luanto 14 collected $6 from pot
Luanto 14: doesn't show hand
*** SUMMARY ***
Total pot $6 | Rake $0
Seat 3: Eklund_1891 (big blind) folded before Flop
Seat 4: Luanto 14 (button) (small blind) collected ($6)


PokerStars Hand #174212540346:  Hold'em Limit ($3/$6 USD) - 2017/08/11 17:00:48 ET
Table 'Unukalhai II' 6-max Seat #3 is the button
Seat 3: Eklund_1891 ($254.28 in chips)
Seat 4: Luanto 14 ($80.93 in chips)
Eklund_1891: posts small blind $1
Luanto 14: posts big blind $3
*** HOLE CARDS ***
Eklund_1891: raises $3 to $6
Luanto 14: calls $3
*** FLOP *** [6c 3s 7s]
Luanto 14: checks
Eklund_1891: bets $3
Luanto 14: calls $3
*** TURN *** [6c 3s 7s] [9c]
Luanto 14: checks
Eklund_1891: bets $6
Luanto 14: raises $6 to $12
Eklund_1891: calls $6
*** RIVER *** [6c 3s 7s 9c] [3c]
Luanto 14: bets $6
Eklund_1891: calls $6
*** SHOW DOWN ***
Luanto 14: shows [3h 9h] (a full house, Threes full of Nines)
Eklund_1891: mucks hand
Luanto 14 collected $53.50 from pot
*** SUMMARY ***
Total pot $54 | Rake $0.50
Board [6c 3s 7s 9c 3c]
Seat 3: Eklund_1891 (button) (small blind) mucked
Seat 4: Luanto 14 (big blind) showed [3h 9h] and won ($53.50) with a full house, Threes full of Nines


PokerStars Hand #174212572443:  Hold'em Limit ($3/$6 USD) - 2017/08/11 17:01:36 ET
Table 'Unukalhai II' 6-max Seat #3 is the button
Seat 3: Eklund_1891 ($215.28 in chips)
Seat 4: Luanto 14 ($118.95 in chips)
Eklund_1891: posts small blind $1
Luanto 14: posts big blind $3
*** HOLE CARDS ***
Eklund_1891: folds
Uncalled bet ($2) returned to Luanto 14
Luanto 14 collected $2 from pot
Luanto 14: doesn't show hand
*** SUMMARY ***
Total pot $2 | Rake $0
Seat 3: Eklund_1891 (button) (small blind) folded before Flop
Seat 4: Luanto 14 (big blind) collected ($2)


PokerStars Hand #174212556709:  Hold'em Limit ($3/$6 USD) - 2017/08/11 17:01:13 ET
Table 'Unukalhai II' 6-max Seat #4 is the button
Seat 3: Eklund_1891 ($227.28 in chips)
Seat 4: Luanto 14 ($107.43 in chips)
Luanto 14: posts small blind $1
Eklund_1891: posts big blind $3
*** HOLE CARDS ***
Luanto 14: raises $3 to $6
Eklund_1891: raises $3 to $9
Luanto 14: calls $3
*** FLOP *** [As 2d Ad]
Eklund_1891: bets $3
Luanto 14: calls $3
*** TURN *** [As 2d Ad] [3c]
Eklund_1891: checks
Luanto 14: checks
*** RIVER *** [As 2d Ad 3c] [Ah]
Eklund_1891: checks
Luanto 14: checks
*** SHOW DOWN ***
Eklund_1891: shows [9c Th] (three of a kind, Aces)
Luanto 14: shows [Ts Jd] (three of a kind, Aces - Jack kicker)
Luanto 14 collected $23.52 from pot
*** SUMMARY ***
Total pot $24 | Rake $0.48
Board [As 2d Ad 3c Ah]
Seat 3: Eklund_1891 (big blind) showed [9c Th] and lost with three of a kind, Aces
Seat 4: Luanto 14 (button) (small blind) showed [Ts Jd] and won ($23.52) with three of a kind, Aces


PokerStars Hand #174212619074:  Hold'em Limit ($3/$6 USD) - 2017/08/11 17:02:42 ET
Table 'Unukalhai II' 6-max Seat #4 is the button
Seat 3: Eklund_1891 ($234.44 in chips)
Seat 4: Luanto 14 ($98.95 in chips)
Luanto 14: posts small blind $1
Eklund_1891: posts big blind $3
*** HOLE CARDS ***
Luanto 14: raises $3 to $6
Eklund_1891: folds
Uncalled bet ($3) returned to Luanto 14
Luanto 14 collected $6 from pot
Luanto 14: doesn't show hand
*** SUMMARY ***
Total pot $6 | Rake $0
Seat 3: Eklund_1891 (big blind) folded before Flop
Seat 4: Luanto 14 (button) (small blind) collected ($6)


PokerStars Hand #174212594928:  Hold'em Limit ($3/$6 USD) - 2017/08/11 17:02:09 ET
Table 'Unukalhai II' 6-max Seat #4 is the button
Seat 3: Eklund_1891 ($219.92 in chips)
Seat 4: Luanto 14 ($113.95 in chips)
Luanto 14: posts small blind $1
Eklund_1891: posts big blind $3
*** HOLE CARDS ***
Luanto 14: raises $3 to $6
Eklund_1891: raises $3 to $9
Luanto 14: calls $3
*** FLOP *** [8d 7c 6h]
Eklund_1891: bets $3
Luanto 14: calls $3
*** TURN *** [8d 7c 6h] [9c]
Eklund_1891: checks
Luanto 14: checks
*** RIVER *** [8d 7c 6h 9c] [7h]
Eklund_1891: bets $6
Luanto 14: folds
Uncalled bet ($6) returned to Eklund_1891
Eklund_1891 collected $23.52 from pot
Eklund_1891: doesn't show hand
*** SUMMARY ***
Total pot $24 | Rake $0.48
Board [8d 7c 6h 9c 7h]
Seat 3: Eklund_1891 (big blind) collected ($23.52)
Seat 4: Luanto 14 (button) (small blind) folded on the River


PokerStars Hand #174212583714:  Hold'em Limit ($3/$6 USD) - 2017/08/11 17:01:53 ET
Table 'Unukalhai II' 6-max Seat #3 is the button
Seat 3: Eklund_1891 ($211.28 in chips)
Seat 4: Luanto 14 ($122.95 in chips)
Eklund_1891: posts small blind $1
Luanto 14: posts big blind $3
*** HOLE CARDS ***
Eklund_1891: raises $3 to $6
Luanto 14: calls $3
*** FLOP *** [5c 5s 2d]
Luanto 14: checks
Eklund_1891: bets $3
Luanto 14: calls $3
*** TURN *** [5c 5s 2d] [Kc]
Luanto 14: checks
Eklund_1891: bets $6
Luanto 14: folds
Uncalled bet ($6) returned to Eklund_1891
Eklund_1891 collected $17.64 from pot
Eklund_1891: doesn't show hand
*** SUMMARY ***
Total pot $18 | Rake $0.36
Board [5c 5s 2d Kc]
Seat 3: Eklund_1891 (button) (small blind) collected ($17.64)
Seat 4: Luanto 14 (big blind) folded on the Turn


PokerStars Hand #174212609970:  Hold'em Limit ($3/$6 USD) - 2017/08/11 17:02:29 ET
Table 'Unukalhai II' 6-max Seat #3 is the button
Seat 3: Eklund_1891 ($231.44 in chips)
Seat 4: Luanto 14 ($101.95 in chips)
Eklund_1891: posts small blind $1
Luanto 14: posts big blind $3
*** HOLE CARDS ***
Eklund_1891: raises $3 to $6
Luanto 14: folds
Uncalled bet ($3) returned to Eklund_1891
Eklund_1891 collected $6 from pot
Eklund_1891: doesn't show hand
*** SUMMARY ***
Total pot $6 | Rake $0
Seat 3: Eklund_1891 (button) (small blind) collected ($6)
Seat 4: Luanto 14 (big blind) folded before Flop


PokerStars Hand #174212643631:  Hold'em Limit ($3/$6 USD) - 2017/08/11 17:03:17 ET
Table 'Unukalhai II' 6-max Seat #3 is the button
Seat 3: Eklund_1891 ($204.44 in chips)
Seat 4: Luanto 14 ($128.45 in chips)
Eklund_1891: posts small blind $1
Luanto 14: posts big blind $3
*** HOLE CARDS ***
Eklund_1891: raises $3 to $6
Luanto 14: calls $3
*** FLOP *** [6c 4h 5h]
Luanto 14: checks
Eklund_1891: checks
*** TURN *** [6c 4h 5h] [9s]
Luanto 14: bets $6
Eklund_1891: folds
Uncalled bet ($6) returned to Luanto 14
Luanto 14 collected $11.76 from pot
Luanto 14: doesn't show hand
*** SUMMARY ***
Total pot $12 | Rake $0.24
Board [6c 4h 5h 9s]
Seat 3: Eklund_1891 (button) (small blind) folded on the Turn
Seat 4: Luanto 14 (big blind) collected ($11.76)


PokerStars Hand #174212639843:  Hold'em Limit ($3/$6 USD) - 2017/08/11 17:03:12 ET
Table 'Unukalhai II' 6-max Seat #4 is the button
Seat 3: Eklund_1891 ($207.44 in chips)
Seat 4: Luanto 14 ($125.45 in chips)
Luanto 14: posts small blind $1
Eklund_1891: posts big blind $3
*** HOLE CARDS ***
Luanto 14: raises $3 to $6
Eklund_1891: folds
Uncalled bet ($3) returned to Luanto 14
Luanto 14 collected $6 from pot
Luanto 14: doesn't show hand
*** SUMMARY ***
Total pot $6 | Rake $0
Seat 3: Eklund_1891 (big blind) folded before Flop
Seat 4: Luanto 14 (button) (small blind) collected ($6)


PokerStars Hand #174212623146:  Hold'em Limit ($3/$6 USD) - 2017/08/11 17:02:48 ET
Table 'Unukalhai II' 6-max Seat #3 is the button
Seat 3: Eklund_1891 ($231.44 in chips)
Seat 4: Luanto 14 ($101.95 in chips)
Eklund_1891: posts small blind $1
Luanto 14: posts big blind $3
*** HOLE CARDS ***
Eklund_1891: raises $3 to $6
Luanto 14: calls $3
*** FLOP *** [6h 7s 5d]
Luanto 14: checks
Eklund_1891: bets $3
Luanto 14: raises $3 to $6
Eklund_1891: calls $3
*** TURN *** [6h 7s 5d] [Kd]
Luanto 14: bets $6
Eklund_1891: calls $6
*** RIVER *** [6h 7s 5d Kd] [5s]
Luanto 14: bets $6
Eklund_1891: calls $6
*** SHOW DOWN ***
Luanto 14: shows [8h 5c] (three of a kind, Fives)
Eklund_1891: mucks hand
Luanto 14 collected $47.50 from pot
*** SUMMARY ***
Total pot $48 | Rake $0.50
Board [6h 7s 5d Kd 5s]
Seat 3: Eklund_1891 (button) (small blind) mucked
Seat 4: Luanto 14 (big blind) showed [8h 5c] and won ($47.50) with three of a kind, Fives


PokerStars Hand #174212659516:  Hold'em Limit ($3/$6 USD) - 2017/08/11 17:03:39 ET
Table 'Unukalhai II' 6-max Seat #3 is the button
Seat 3: Eklund_1891 ($195.44 in chips)
Seat 4: Luanto 14 ($137.21 in chips)
Eklund_1891: posts small blind $1
Luanto 14: posts big blind $3
*** HOLE CARDS ***
Eklund_1891: folds
Uncalled bet ($2) returned to Luanto 14
Luanto 14 collected $2 from pot
Luanto 14: doesn't show hand
*** SUMMARY ***
Total pot $2 | Rake $0
Seat 3: Eklund_1891 (button) (small blind) folded before Flop
Seat 4: Luanto 14 (big blind) collected ($2)


PokerStars Hand #174212653783:  Hold'em Limit ($3/$6 USD) - 2017/08/11 17:03:31 ET
Table 'Unukalhai II' 6-max Seat #4 is the button
Seat 3: Eklund_1891 ($198.44 in chips)
Seat 4: Luanto 14 ($134.21 in chips)
Luanto 14: posts small blind $1
Eklund_1891: posts big blind $3
*** HOLE CARDS ***
Luanto 14: raises $3 to $6
Eklund_1891: folds
Uncalled bet ($3) returned to Luanto 14
Luanto 14 collected $6 from pot
Luanto 14: doesn't show hand
*** SUMMARY ***
Total pot $6 | Rake $0
Seat 3: Eklund_1891 (big blind) folded before Flop
Seat 4: Luanto 14 (button) (small blind) collected ($6)


PokerStars Hand #174212712085:  Hold'em Limit ($3/$6 USD) - 2017/08/11 17:04:47 ET
Table 'Unukalhai II' 6-max Seat #4 is the button
Seat 3: Eklund_1891 ($188.20 in chips)
Seat 4: Luanto 14 ($143.73 in chips)
Luanto 14: posts small blind $1
Eklund_1891: posts big blind $3
*** HOLE CARDS ***
Luanto 14: raises $3 to $6
Eklund_1891: calls $3
*** FLOP *** [3h 2c 4h]
Eklund_1891: bets $3
Luanto 14: calls $3
*** TURN *** [3h 2c 4h] [2s]
Eklund_1891: bets $6
Luanto 14: folds
Uncalled bet ($6) returned to Eklund_1891
Eklund_1891 collected $17.64 from pot
Eklund_1891: doesn't show hand
*** SUMMARY ***
Total pot $18 | Rake $0.36
Board [3h 2c 4h 2s]
Seat 3: Eklund_1891 (big blind) collected ($17.64)
Seat 4: Luanto 14 (button) (small blind) folded on the Turn


PokerStars Hand #174212692463:  Hold'em Limit ($3/$6 USD) - 2017/08/11 17:04:26 ET
Table 'Unukalhai II' 6-max Seat #4 is the button
Seat 3: Eklund_1891 ($181.44 in chips)
Seat 4: Luanto 14 ($150.73 in chips)
Luanto 14: posts small blind $1
Eklund_1891: posts big blind $3
*** HOLE CARDS ***
Luanto 14: folds
Uncalled bet ($2) returned to Eklund_1891
Eklund_1891 collected $2 from pot
Eklund_1891: doesn't show hand
*** SUMMARY ***
Total pot $2 | Rake $0
Seat 3: Eklund_1891 (big blind) collected ($2)
Seat 4: Luanto 14 (button) (small blind) folded before Flop


PokerStars Hand #174212687574:  Hold'em Limit ($3/$6 USD) - 2017/08/11 17:04:19 ET
Table 'Unukalhai II' 6-max Seat #3 is the button
Seat 3: Eklund_1891 ($182.44 in chips)
Seat 4: Luanto 14 ($149.73 in chips)
Eklund_1891: posts small blind $1
Luanto 14: posts big blind $3
*** HOLE CARDS ***
Eklund_1891: folds
Uncalled bet ($2) returned to Luanto 14
Luanto 14 collected $2 from pot
Luanto 14: doesn't show hand
*** SUMMARY ***
Total pot $2 | Rake $0
Seat 3: Eklund_1891 (button) (small blind) folded before Flop
Seat 4: Luanto 14 (big blind) collected ($2)


PokerStars Hand #174212696319:  Hold'em Limit ($3/$6 USD) - 2017/08/11 17:04:31 ET
Table 'Unukalhai II' 6-max Seat #3 is the button
Seat 3: Eklund_1891 ($182.44 in chips)
Seat 4: Luanto 14 ($149.73 in chips)
Eklund_1891: posts small blind $1
Luanto 14: posts big blind $3
*** HOLE CARDS ***
Eklund_1891: raises $3 to $6
Luanto 14: calls $3
*** FLOP *** [Jc Kd 2s]
Luanto 14: checks
Eklund_1891: bets $3
Luanto 14: folds
Uncalled bet ($3) returned to Eklund_1891
Eklund_1891 collected $11.76 from pot
Eklund_1891: doesn't show hand
*** SUMMARY ***
Total pot $12 | Rake $0.24
Board [Jc Kd 2s]
Seat 3: Eklund_1891 (button) (small blind) collected ($11.76)
Seat 4: Luanto 14 (big blind) folded on the Flop


PokerStars Hand #174212662889:  Hold'em Limit ($3/$6 USD) - 2017/08/11 17:03:44 ET
Table 'Unukalhai II' 6-max Seat #4 is the button
Seat 3: Eklund_1891 ($194.44 in chips)
Seat 4: Luanto 14 ($138.21 in chips)
Luanto 14: posts small blind $1
Eklund_1891: posts big blind $3
*** HOLE CARDS ***
Luanto 14: raises $3 to $6
Eklund_1891: raises $3 to $9
Luanto 14: calls $3
*** FLOP *** [6h 9c Js]
Eklund_1891: checks
Luanto 14: bets $3
Eklund_1891: calls $3
*** TURN *** [6h 9c Js] [6d]
Eklund_1891: checks
Luanto 14: bets $6
Eklund_1891: folds
Uncalled bet ($6) returned to Luanto 14
Luanto 14 collected $23.52 from pot
Luanto 14: doesn't show hand
*** SUMMARY ***
Total pot $24 | Rake $0.48
Board [6h 9c Js 6d]
Seat 3: Eklund_1891 (big blind) folded on the Turn
Seat 4: Luanto 14 (button) (small blind) collected ($23.52)


PokerStars Hand #174212740328:  Hold'em Limit ($3/$6 USD) - 2017/08/11 17:05:26 ET
Table 'Unukalhai II' 6-max Seat #3 is the button
Seat 3: Eklund_1891 ($208.48 in chips)
Seat 4: Luanto 14 ($122.73 in chips)
Eklund_1891: posts small blind $1
Luanto 14: posts big blind $3
*** HOLE CARDS ***
Eklund_1891: raises $3 to $6
Luanto 14: folds
Uncalled bet ($3) returned to Eklund_1891
Eklund_1891 collected $6 from pot
Eklund_1891: doesn't show hand
*** SUMMARY ***
Total pot $6 | Rake $0
Seat 3: Eklund_1891 (button) (small blind) collected ($6)
Seat 4: Luanto 14 (big blind) folded before Flop


PokerStars Hand #174212728610:  Hold'em Limit ($3/$6 USD) - 2017/08/11 17:05:10 ET
Table 'Unukalhai II' 6-max Seat #4 is the button
Seat 3: Eklund_1891 ($199.84 in chips)
Seat 4: Luanto 14 ($131.73 in chips)
Luanto 14: posts small blind $1
Eklund_1891: posts big blind $3
*** HOLE CARDS ***
Luanto 14: raises $3 to $6
Eklund_1891: calls $3
*** FLOP *** [Kh Qd 5s]
Eklund_1891: checks
Luanto 14: bets $3
Eklund_1891: calls $3
*** TURN *** [Kh Qd 5s] [4s]
Eklund_1891: checks
Luanto 14: checks
*** RIVER *** [Kh Qd 5s 4s] [4c]
Eklund_1891: bets $6
Luanto 14: folds
Uncalled bet ($6) returned to Eklund_1891
Eklund_1891 collected $17.64 from pot
Eklund_1891: doesn't show hand
*** SUMMARY ***
Total pot $18 | Rake $0.36
Board [Kh Qd 5s 4s 4c]
Seat 3: Eklund_1891 (big blind) collected ($17.64)
Seat 4: Luanto 14 (button) (small blind) folded on the River


PokerStars Hand #174212723112:  Hold'em Limit ($3/$6 USD) - 2017/08/11 17:05:03 ET
Table 'Unukalhai II' 6-max Seat #3 is the button
Seat 3: Eklund_1891 ($196.84 in chips)
Seat 4: Luanto 14 ($134.73 in chips)
Eklund_1891: posts small blind $1
Luanto 14: posts big blind $3
*** HOLE CARDS ***
Eklund_1891: raises $3 to $6
Luanto 14: folds
Uncalled bet ($3) returned to Eklund_1891
Eklund_1891 collected $6 from pot
Eklund_1891: doesn't show hand
*** SUMMARY ***
Total pot $6 | Rake $0
Seat 3: Eklund_1891 (button) (small blind) collected ($6)
Seat 4: Luanto 14 (big blind) folded before Flop


PokerStars Hand #174212785509:  Hold'em Limit ($3/$6 USD) - 2017/08/11 17:06:29 ET
Table 'Unukalhai II' 6-max Seat #3 is the button
Seat 3: Eklund_1891 ($240.48 in chips)
Seat 4: Luanto 14 ($89.73 in chips)
Eklund_1891: posts small blind $1
Luanto 14: posts big blind $3
*** HOLE CARDS ***
Eklund_1891: folds
Uncalled bet ($2) returned to Luanto 14
Luanto 14 collected $2 from pot
Luanto 14: doesn't show hand
*** SUMMARY ***
Total pot $2 | Rake $0
Seat 3: Eklund_1891 (button) (small blind) folded before Flop
Seat 4: Luanto 14 (big blind) collected ($2)


PokerStars Hand #174212777476:  Hold'em Limit ($3/$6 USD) - 2017/08/11 17:06:17 ET
Table 'Unukalhai II' 6-max Seat #4 is the button
Seat 3: Eklund_1891 ($243.48 in chips)
Seat 4: Luanto 14 ($86.73 in chips)
Luanto 14: posts small blind $1
Eklund_1891: posts big blind $3
*** HOLE CARDS ***
Luanto 14: raises $3 to $6
Eklund_1891: folds
Uncalled bet ($3) returned to Luanto 14
Luanto 14 collected $6 from pot
Luanto 14: doesn't show hand
*** SUMMARY ***
Total pot $6 | Rake $0
Seat 3: Eklund_1891 (big blind) folded before Flop
Seat 4: Luanto 14 (button) (small blind) collected ($6)


PokerStars Hand #174212759520:  Hold'em Limit ($3/$6 USD) - 2017/08/11 17:05:53 ET
Table 'Unukalhai II' 6-max Seat #3 is the button
Seat 3: Eklund_1891 ($225.98 in chips)
Seat 4: Luanto 14 ($104.73 in chips)
Eklund_1891: posts small blind $1
Luanto 14: posts big blind $3
*** HOLE CARDS ***
Eklund_1891: raises $3 to $6
Luanto 14: calls $3
*** FLOP *** [Ks 7s 3s]
Luanto 14: checks
Eklund_1891: bets $3
Luanto 14: raises $3 to $6
Eklund_1891: calls $3
*** TURN *** [Ks 7s 3s] [Qs]
Luanto 14: bets $6
Eklund_1891: calls $6
*** RIVER *** [Ks 7s 3s Qs] [5d]
Luanto 14: checks
Eklund_1891: checks
*** SHOW DOWN ***
Luanto 14: shows [2c 7c] (a pair of Sevens)
Eklund_1891: shows [Jc Kh] (a pair of Kings)
Eklund_1891 collected $35.50 from pot
*** SUMMARY ***
Total pot $36 | Rake $0.50
Board [Ks 7s 3s Qs 5d]
Seat 3: Eklund_1891 (button) (small blind) showed [Jc Kh] and won ($35.50) with a pair of Kings
Seat 4: Luanto 14 (big blind) showed [2c 7c] and lost with a pair of Sevens


PokerStars Hand #174212788649:  Hold'em Limit ($3/$6 USD) - 2017/08/11 17:06:33 ET
Table 'Unukalhai II' 6-max Seat #4 is the button
Seat 3: Eklund_1891 ($239.48 in chips)
Seat 4: Luanto 14 ($90.73 in chips)
Luanto 14: posts small blind $1
Eklund_1891: posts big blind $3
*** HOLE CARDS ***
Luanto 14: raises $3 to $6
Eklund_1891: calls $3
*** FLOP *** [Kd 4c 8h]
Eklund_1891: bets $3
Luanto 14: calls $3
*** TURN *** [Kd 4c 8h] [3c]
Eklund_1891: checks
Luanto 14: bets $6
Eklund_1891: folds
Uncalled bet ($6) returned to Luanto 14
Luanto 14 collected $17.64 from pot
Luanto 14: doesn't show hand
*** SUMMARY ***
Total pot $18 | Rake $0.36
Board [Kd 4c 8h 3c]
Seat 3: Eklund_1891 (big blind) folded on the Turn
Seat 4: Luanto 14 (button) (small blind) collected ($17.64)


PokerStars Hand #174212800690:  Hold'em Limit ($3/$6 USD) - 2017/08/11 17:06:49 ET
Table 'Unukalhai II' 6-max Seat #3 is the button
Seat 3: Eklund_1891 ($230.48 in chips)
Seat 4: Luanto 14 ($99.37 in chips)
Eklund_1891: posts small blind $1
Luanto 14: posts big blind $3
*** HOLE CARDS ***
Eklund_1891: raises $3 to $6
Luanto 14: calls $3
*** FLOP *** [Qs 6h As]
Luanto 14: checks
Eklund_1891: checks
*** TURN *** [Qs 6h As] [Kd]
Luanto 14: bets $6
Eklund_1891: calls $6
*** RIVER *** [Qs 6h As Kd] [7s]
Luanto 14: bets $6
Eklund_1891: calls $6
*** SHOW DOWN ***
Luanto 14: shows [Ad 2d] (a pair of Aces)
Eklund_1891: mucks hand
Luanto 14 collected $35.50 from pot
*** SUMMARY ***
Total pot $36 | Rake $0.50
Board [Qs 6h As Kd 7s]
Seat 3: Eklund_1891 (button) (small blind) mucked
Seat 4: Luanto 14 (big blind) showed [Ad 2d] and won ($35.50) with a pair of Aces


PokerStars Hand #174212820101:  Hold'em Limit ($3/$6 USD) - 2017/08/11 17:07:16 ET
Table 'Unukalhai II' 6-max Seat #3 is the button
Seat 3: Eklund_1891 ($206.48 in chips)
Seat 4: Luanto 14 ($122.63 in chips)
Eklund_1891: posts small blind $1
Luanto 14: posts big blind $3
*** HOLE CARDS ***
Eklund_1891: raises $3 to $6
Luanto 14: calls $3
*** FLOP *** [Th 3h 8d]
Luanto 14: checks
Eklund_1891: bets $3
Luanto 14: raises $3 to $6
Eklund_1891: calls $3
*** TURN *** [Th 3h 8d] [6c]
Luanto 14: bets $6
Eklund_1891: calls $6
*** RIVER *** [Th 3h 8d 6c] [Qh]
Luanto 14: bets $6
Eklund_1891: folds
Uncalled bet ($6) returned to Luanto 14
Luanto 14 collected $35.50 from pot
Luanto 14: doesn't show hand
*** SUMMARY ***
Total pot $36 | Rake $0.50
Board [Th 3h 8d 6c Qh]
Seat 3: Eklund_1891 (button) (small blind) folded on the River
Seat 4: Luanto 14 (big blind) collected ($35.50)


PokerStars Hand #174212811929:  Hold'em Limit ($3/$6 USD) - 2017/08/11 17:07:05 ET
Table 'Unukalhai II' 6-max Seat #4 is the button
Seat 3: Eklund_1891 ($212.48 in chips)
Seat 4: Luanto 14 ($116.87 in chips)
Luanto 14: posts small blind $1
Eklund_1891: posts big blind $3
*** HOLE CARDS ***
Luanto 14: raises $3 to $6
Eklund_1891: calls $3
*** FLOP *** [3h Kh 6h]
Eklund_1891: checks
Luanto 14: bets $3
Eklund_1891: folds
Uncalled bet ($3) returned to Luanto 14
Luanto 14 collected $11.76 from pot
Luanto 14: doesn't show hand
*** SUMMARY ***
Total pot $12 | Rake $0.24
Board [3h Kh 6h]
Seat 3: Eklund_1891 (big blind) folded on the Flop
Seat 4: Luanto 14 (button) (small blind) collected ($11.76)


PokerStars Hand #174212846040:  Hold'em Limit ($3/$6 USD) - 2017/08/11 17:07:52 ET
Table 'Unukalhai II' 6-max Seat #3 is the button
Seat 3: Eklund_1891 ($179.48 in chips)
Seat 4: Luanto 14 ($148.77 in chips)
Eklund_1891: posts small blind $1
Luanto 14: posts big blind $3
*** HOLE CARDS ***
Eklund_1891: folds
Uncalled bet ($2) returned to Luanto 14
Luanto 14 collected $2 from pot
Luanto 14: doesn't show hand
*** SUMMARY ***
Total pot $2 | Rake $0
Seat 3: Eklund_1891 (button) (small blind) folded before Flop
Seat 4: Luanto 14 (big blind) collected ($2)


PokerStars Hand #174212834837:  Hold'em Limit ($3/$6 USD) - 2017/08/11 17:07:36 ET
Table 'Unukalhai II' 6-max Seat #4 is the button
Seat 3: Eklund_1891 ($188.48 in chips)
Seat 4: Luanto 14 ($140.13 in chips)
Luanto 14: posts small blind $1
Eklund_1891: posts big blind $3
*** HOLE CARDS ***
Luanto 14: raises $3 to $6
Eklund_1891: calls $3
*** FLOP *** [7s Qc Kh]
Eklund_1891: checks
Luanto 14: bets $3
Eklund_1891: calls $3
*** TURN *** [7s Qc Kh] [2c]
Eklund_1891: checks
Luanto 14: bets $6
Eklund_1891: folds
Uncalled bet ($6) returned to Luanto 14
Luanto 14 collected $17.64 from pot
Luanto 14: doesn't show hand
*** SUMMARY ***
Total pot $18 | Rake $0.36
Board [7s Qc Kh 2c]
Seat 3: Eklund_1891 (big blind) folded on the Turn
Seat 4: Luanto 14 (button) (small blind) collected ($17.64)


PokerStars Hand #174212884219:  Hold'em Limit ($3/$6 USD) - 2017/08/11 17:08:44 ET
Table 'Unukalhai II' 6-max Seat #3 is the button
Seat 3: Eklund_1891 ($154.48 in chips)
Seat 4: Luanto 14 ($172.81 in chips)
Eklund_1891: posts small blind $1
Luanto 14: posts big blind $3
*** HOLE CARDS ***
Eklund_1891: raises $3 to $6
Luanto 14: calls $3
*** FLOP *** [6d Ks Td]
Luanto 14: checks
Eklund_1891: checks
*** TURN *** [6d Ks Td] [9h]
Luanto 14: checks
Eklund_1891: checks
*** RIVER *** [6d Ks Td 9h] [9s]
Luanto 14: bets $6
Eklund_1891: calls $6
*** SHOW DOWN ***
Luanto 14: shows [9c Jd] (three of a kind, Nines)
Eklund_1891: mucks hand
Luanto 14 collected $23.52 from pot
*** SUMMARY ***
Total pot $24 | Rake $0.48
Board [6d Ks Td 9h 9s]
Seat 3: Eklund_1891 (button) (small blind) mucked
Seat 4: Luanto 14 (big blind) showed [9c Jd] and won ($23.52) with three of a kind, Nines


PokerStars Hand #174212876983:  Hold'em Limit ($3/$6 USD) - 2017/08/11 17:08:34 ET
Table 'Unukalhai II' 6-max Seat #4 is the button
Seat 3: Eklund_1891 ($160.48 in chips)
Seat 4: Luanto 14 ($167.05 in chips)
Luanto 14: posts small blind $1
Eklund_1891: posts big blind $3
*** HOLE CARDS ***
Luanto 14: raises $3 to $6
Eklund_1891: calls $3
*** FLOP *** [Th Js 6h]
Eklund_1891: checks
Luanto 14: bets $3
Eklund_1891: folds
Uncalled bet ($3) returned to Luanto 14
Luanto 14 collected $11.76 from pot
Luanto 14: doesn't show hand
*** SUMMARY ***
Total pot $12 | Rake $0.24
Board [Th Js 6h]
Seat 3: Eklund_1891 (big blind) folded on the Flop
Seat 4: Luanto 14 (button) (small blind) collected ($11.76)


PokerStars Hand #174212867612:  Hold'em Limit ($3/$6 USD) - 2017/08/11 17:08:21 ET
Table 'Unukalhai II' 6-max Seat #3 is the button
Seat 3: Eklund_1891 ($166.48 in chips)
Seat 4: Luanto 14 ($161.29 in chips)
Eklund_1891: posts small blind $1
Luanto 14: posts big blind $3
*** HOLE CARDS ***
Eklund_1891: raises $3 to $6
Luanto 14: calls $3
*** FLOP *** [6c 2d Th]
Luanto 14: checks
Eklund_1891: checks
*** TURN *** [6c 2d Th] [3c]
Luanto 14: bets $6
Eklund_1891: folds
Uncalled bet ($6) returned to Luanto 14
Luanto 14 collected $11.76 from pot
Luanto 14: doesn't show hand
*** SUMMARY ***
Total pot $12 | Rake $0.24
Board [6c 2d Th 3c]
Seat 3: Eklund_1891 (button) (small blind) folded on the Turn
Seat 4: Luanto 14 (big blind) collected ($11.76)


PokerStars Hand #174212849171:  Hold'em Limit ($3/$6 USD) - 2017/08/11 17:07:56 ET
Table 'Unukalhai II' 6-max Seat #4 is the button
Seat 3: Eklund_1891 ($178.48 in chips)
Seat 4: Luanto 14 ($149.77 in chips)
Luanto 14: posts small blind $1
Eklund_1891: posts big blind $3
*** HOLE CARDS ***
Luanto 14: raises $3 to $6
Eklund_1891: raises $3 to $9
Luanto 14: calls $3
*** FLOP *** [7c 7s 9d]
Eklund_1891: bets $3
Luanto 14: calls $3
*** TURN *** [7c 7s 9d] [6d]
Eklund_1891: checks
Luanto 14: checks
*** RIVER *** [7c 7s 9d 6d] [5d]
Eklund_1891: checks
Luanto 14: checks
*** SHOW DOWN ***
Eklund_1891: shows [Kc 4s] (a pair of Sevens)
Luanto 14: shows [2d As] (a pair of Sevens - Ace kicker)
Luanto 14 collected $23.52 from pot
*** SUMMARY ***
Total pot $24 | Rake $0.48
Board [7c 7s 9d 6d 5d]
Seat 3: Eklund_1891 (big blind) showed [Kc 4s] and lost with a pair of Sevens
Seat 4: Luanto 14 (button) (small blind) showed [2d As] and won ($23.52) with a pair of Sevens


PokerStars Hand #174212922445:  Hold'em Limit ($3/$6 USD) - 2017/08/11 17:09:37 ET
Table 'Unukalhai II' 6-max Seat #4 is the button
Seat 3: Eklund_1891 ($97.48 in chips)
Seat 4: Luanto 14 ($228.33 in chips)
Luanto 14: posts small blind $1
Eklund_1891: posts big blind $3
*** HOLE CARDS ***
Luanto 14: raises $3 to $6
Eklund_1891: raises $3 to $9
Luanto 14: calls $3
*** FLOP *** [As 8d 4c]
Eklund_1891: checks
Luanto 14: checks
*** TURN *** [As 8d 4c] [2c]
Eklund_1891: checks
Luanto 14: bets $6
Eklund_1891: folds
Uncalled bet ($6) returned to Luanto 14
Luanto 14 collected $17.64 from pot
Luanto 14: doesn't show hand
*** SUMMARY ***
Total pot $18 | Rake $0.36
Board [As 8d 4c 2c]
Seat 3: Eklund_1891 (big blind) folded on the Turn
Seat 4: Luanto 14 (button) (small blind) collected ($17.64)


PokerStars Hand #174212910052:  Hold'em Limit ($3/$6 USD) - 2017/08/11 17:09:20 ET
Table 'Unukalhai II' 6-max Seat #3 is the button
Seat 3: Eklund_1891 ($118.48 in chips)
Seat 4: Luanto 14 ($207.83 in chips)
Eklund_1891: posts small blind $1
Luanto 14: posts big blind $3
*** HOLE CARDS ***
Eklund_1891: raises $3 to $6
Luanto 14: calls $3
*** FLOP *** [Ts 4h Jc]
Luanto 14: checks
Eklund_1891: bets $3
Luanto 14: raises $3 to $6
Eklund_1891: raises $3 to $9
Luanto 14: calls $3
*** TURN *** [Ts 4h Jc] [7h]
Luanto 14: checks
Eklund_1891: checks
*** RIVER *** [Ts 4h Jc 7h] [7c]
Luanto 14: bets $6
Eklund_1891: calls $6
*** SHOW DOWN ***
Luanto 14: shows [Jd 3s] (two pair, Jacks and Sevens)
Eklund_1891: mucks hand
Luanto 14 collected $41.50 from pot
*** SUMMARY ***
Total pot $42 | Rake $0.50
Board [Ts 4h Jc 7h 7c]
Seat 3: Eklund_1891 (button) (small blind) mucked
Seat 4: Luanto 14 (big blind) showed [Jd 3s] and won ($41.50) with two pair, Jacks and Sevens


PokerStars Hand #174212894537:  Hold'em Limit ($3/$6 USD) - 2017/08/11 17:08:58 ET
Table 'Unukalhai II' 6-max Seat #4 is the button
Seat 3: Eklund_1891 ($142.48 in chips)
Seat 4: Luanto 14 ($184.33 in chips)
Luanto 14: posts small blind $1
Eklund_1891: posts big blind $3
*** HOLE CARDS ***
Luanto 14: raises $3 to $6
Eklund_1891: raises $3 to $9
Luanto 14: calls $3
*** FLOP *** [8h 7h 6h]
Eklund_1891: checks
Luanto 14: bets $3
Eklund_1891: calls $3
*** TURN *** [8h 7h 6h] [6c]
Eklund_1891: checks
Luanto 14: bets $6
Eklund_1891: calls $6
*** RIVER *** [8h 7h 6h 6c] [Tc]
Eklund_1891: checks
Luanto 14: bets $6
Eklund_1891: calls $6
*** SHOW DOWN ***
Luanto 14: shows [9h 5s] (a straight, Six to Ten)
Eklund_1891: mucks hand
Luanto 14 collected $47.50 from pot
*** SUMMARY ***
Total pot $48 | Rake $0.50
Board [8h 7h 6h 6c Tc]
Seat 3: Eklund_1891 (big blind) mucked
Seat 4: Luanto 14 (button) (small blind) showed [9h 5s] and won ($47.50) with a straight, Six to Ten


PokerStars Hand #174212975744:  Hold'em Limit ($3/$6 USD) - 2017/08/11 17:10:51 ET
Table 'Unukalhai II' 6-max Seat #3 is the button
Seat 3: Eklund_1891 ($84.98 in chips)
Seat 4: Luanto 14 ($239.35 in chips)
Eklund_1891: posts small blind $1
Luanto 14: posts big blind $3
*** HOLE CARDS ***
Eklund_1891: raises $3 to $6
Luanto 14: calls $3
*** FLOP *** [8s Qs 7d]
Luanto 14: checks
Eklund_1891: bets $3
Luanto 14: folds
Uncalled bet ($3) returned to Eklund_1891
Eklund_1891 collected $11.76 from pot
Eklund_1891: doesn't show hand
*** SUMMARY ***
Total pot $12 | Rake $0.24
Board [8s Qs 7d]
Seat 3: Eklund_1891 (button) (small blind) collected ($11.76)
Seat 4: Luanto 14 (big blind) folded on the Flop


PokerStars Hand #174212951819:  Hold'em Limit ($3/$6 USD) - 2017/08/11 17:10:17 ET
Table 'Unukalhai II' 6-max Seat #3 is the button
Seat 3: Eklund_1891 ($67.48 in chips)
Seat 4: Luanto 14 ($257.47 in chips)
Eklund_1891: posts small blind $1
Luanto 14: posts big blind $3
Eklund_1891 said, "un real"
*** HOLE CARDS ***
Eklund_1891: calls $2
Luanto 14: checks
*** FLOP *** [Td Kc Tc]
Luanto 14: checks
Eklund_1891: checks
*** TURN *** [Td Kc Tc] [8d]
Luanto 14: bets $6
Eklund_1891: folds
Uncalled bet ($6) returned to Luanto 14
Luanto 14 collected $5.88 from pot
Luanto 14: doesn't show hand
*** SUMMARY ***
Total pot $6 | Rake $0.12
Board [Td Kc Tc 8d]
Seat 3: Eklund_1891 (button) (small blind) folded on the Turn
Seat 4: Luanto 14 (big blind) collected ($5.88)


PokerStars Hand #174212947191:  Hold'em Limit ($3/$6 USD) - 2017/08/11 17:10:11 ET
Table 'Unukalhai II' 6-max Seat #4 is the button
Seat 3: Eklund_1891 ($70.48 in chips)
Seat 4: Luanto 14 ($254.47 in chips)
Luanto 14: posts small blind $1
Eklund_1891: posts big blind $3
*** HOLE CARDS ***
Luanto 14: raises $3 to $6
Eklund_1891: folds
Uncalled bet ($3) returned to Luanto 14
Luanto 14 collected $6 from pot
Luanto 14: doesn't show hand
*** SUMMARY ***
Total pot $6 | Rake $0
Seat 3: Eklund_1891 (big blind) folded before Flop
Seat 4: Luanto 14 (button) (small blind) collected ($6)


PokerStars Hand #174212934493:  Hold'em Limit ($3/$6 USD) - 2017/08/11 17:09:54 ET
Table 'Unukalhai II' 6-max Seat #3 is the button
Seat 3: Eklund_1891 ($88.48 in chips)
Seat 4: Luanto 14 ($236.97 in chips)
Eklund_1891: posts small blind $1
Luanto 14: posts big blind $3
*** HOLE CARDS ***
Eklund_1891: raises $3 to $6
Luanto 14: calls $3
*** FLOP *** [Jh 9d Qc]
Luanto 14: checks
Eklund_1891: checks
*** TURN *** [Jh 9d Qc] [6s]
Luanto 14: bets $6
Eklund_1891: calls $6
*** RIVER *** [Jh 9d Qc 6s] [Kh]
Luanto 14: bets $6
Eklund_1891: calls $6
*** SHOW DOWN ***
Luanto 14: shows [Td Qh] (a straight, Nine to King)
Eklund_1891: mucks hand
Luanto 14 collected $35.50 from pot
*** SUMMARY ***
Total pot $36 | Rake $0.50
Board [Jh 9d Qc 6s Kh]
Seat 3: Eklund_1891 (button) (small blind) mucked
Seat 4: Luanto 14 (big blind) showed [Td Qh] and won ($35.50) with a straight, Nine to King


PokerStars Hand #174212962688:  Hold'em Limit ($3/$6 USD) - 2017/08/11 17:10:33 ET
Table 'Unukalhai II' 6-max Seat #4 is the button
Seat 3: Eklund_1891 ($64.48 in chips)
Seat 4: Luanto 14 ($260.35 in chips)
Luanto 14: posts small blind $1
Eklund_1891: posts big blind $3
*** HOLE CARDS ***
Luanto 14: raises $3 to $6
Eklund_1891: calls $3
*** FLOP *** [Jh 8s 3s]
Eklund_1891: bets $3
Luanto 14: calls $3
*** TURN *** [Jh 8s 3s] [6c]
Eklund_1891: bets $6
Luanto 14: calls $6
*** RIVER *** [Jh 8s 3s 6c] [Ks]
Eklund_1891: bets $6
Luanto 14: calls $6
*** SHOW DOWN ***
Eklund_1891: shows [7c Jd] (a pair of Jacks)
Luanto 14: mucks hand
Eklund_1891 collected $41.50 from pot
*** SUMMARY ***
Total pot $42 | Rake $0.50
Board [Jh 8s 3s 6c Ks]
Seat 3: Eklund_1891 (big blind) showed [7c Jd] and won ($41.50) with a pair of Jacks
Seat 4: Luanto 14 (button) (small blind) mucked


PokerStars Hand #174212984914:  Hold'em Limit ($3/$6 USD) - 2017/08/11 17:11:03 ET
Table 'Unukalhai II' 6-max Seat #4 is the button
Seat 3: Eklund_1891 ($90.74 in chips)
Seat 4: Luanto 14 ($233.35 in chips)
Luanto 14: posts small blind $1
Eklund_1891: posts big blind $3
*** HOLE CARDS ***
Luanto 14: raises $3 to $6
Eklund_1891: calls $3
*** FLOP *** [Kc Ah 7h]
Eklund_1891: bets $3
Luanto 14: calls $3
*** TURN *** [Kc Ah 7h] [2h]
Eklund_1891: bets $6
Luanto 14: raises $6 to $12
Eklund_1891: calls $6
*** RIVER *** [Kc Ah 7h 2h] [Jh]
Eklund_1891: checks
Luanto 14: checks
*** SHOW DOWN ***
Eklund_1891: shows [6h Ks] (a flush, Ace high)
Luanto 14: mucks hand
Eklund_1891 collected $41.50 from pot
*** SUMMARY ***
Total pot $42 | Rake $0.50
Board [Kc Ah 7h 2h Jh]
Seat 3: Eklund_1891 (big blind) showed [6h Ks] and won ($41.50) with a flush, Ace high
Seat 4: Luanto 14 (button) (small blind) mucked


PokerStars Hand #174213011516:  Hold'em Limit ($3/$6 USD) - 2017/08/11 17:11:40 ET
Table 'Unukalhai II' 6-max Seat #4 is the button
Seat 3: Eklund_1891 ($102.24 in chips)
Seat 4: Luanto 14 ($220.99 in chips)
Luanto 14: posts small blind $1
Eklund_1891: posts big blind $3
*** HOLE CARDS ***
nedo1414 joins the table at seat #6
Eklund_1891 said, "licky f"
Luanto 14: raises $3 to $6
Eklund_1891: calls $3
*** FLOP *** [8d Qd Tc]
Eklund_1891: bets $3
Luanto 14: calls $3
*** TURN *** [8d Qd Tc] [5d]
Eklund_1891: checks
Luanto 14: checks
*** RIVER *** [8d Qd Tc 5d] [Jc]
Eklund_1891: bets $6
Luanto 14: raises $6 to $12
Eklund_1891: raises $6 to $18
Luanto 14: calls $6
*** SHOW DOWN ***
Eklund_1891: shows [Th 9c] (a straight, Eight to Queen)
Luanto 14: shows [9s Kh] (a straight, Nine to King)
Luanto 14 collected $53.50 from pot
*** SUMMARY ***
Total pot $54 | Rake $0.50
Board [8d Qd Tc 5d Jc]
Seat 3: Eklund_1891 (big blind) showed [Th 9c] and lost with a straight, Eight to Queen
Seat 4: Luanto 14 (button) (small blind) showed [9s Kh] and won ($53.50) with a straight, Nine to King


PokerStars Hand #174212998330:  Hold'em Limit ($3/$6 USD) - 2017/08/11 17:11:22 ET
Table 'Unukalhai II' 6-max Seat #3 is the button
Seat 3: Eklund_1891 ($111.24 in chips)
Seat 4: Luanto 14 ($212.35 in chips)
Eklund_1891: posts small blind $1
Luanto 14: posts big blind $3
*** HOLE CARDS ***
Eklund_1891 said, "muc"
Eklund_1891: calls $2
Luanto 14: checks
*** FLOP *** [9s Kc 3h]
Luanto 14: checks
Eklund_1891: checks
*** TURN *** [9s Kc 3h] [7c]
Luanto 14: bets $6
Eklund_1891: calls $6
*** RIVER *** [9s Kc 3h 7c] [Th]
Luanto 14: bets $6
Eklund_1891: folds
Uncalled bet ($6) returned to Luanto 14
Luanto 14 collected $17.64 from pot
Luanto 14: doesn't show hand
*** SUMMARY ***
Total pot $18 | Rake $0.36
Board [9s Kc 3h 7c Th]
Seat 3: Eklund_1891 (button) (small blind) folded on the River
Seat 4: Luanto 14 (big blind) collected ($17.64)


PokerStars Hand #174213028668:  Hold'em Limit ($3/$6 USD) - 2017/08/11 17:12:04 ET
Table 'Unukalhai II' 6-max Seat #3 is the button
Seat 3: Eklund_1891 ($75.24 in chips)
Seat 4: Luanto 14 ($247.49 in chips)
Eklund_1891: posts small blind $1
Luanto 14: posts big blind $3
*** HOLE CARDS ***
Eklund_1891: raises $3 to $6
Luanto 14: calls $3
*** FLOP *** [Ah As Jc]
Luanto 14: checks
Eklund_1891: checks
*** TURN *** [Ah As Jc] [Ad]
Luanto 14: checks
Eklund_1891: bets $6
Luanto 14: calls $6
*** RIVER *** [Ah As Jc Ad] [Jh]
Luanto 14: checks
Eklund_1891: checks
*** SHOW DOWN ***
Luanto 14: shows [7c 7s] (a full house, Aces full of Jacks)
Eklund_1891: shows [Qd Ts] (a full house, Aces full of Jacks)
Velbor107 joins the table at seat #1
Luanto 14 collected $11.76 from pot
Eklund_1891 collected $11.76 from pot
*** SUMMARY ***
Total pot $24 | Rake $0.48
Board [Ah As Jc Ad Jh]
Seat 3: Eklund_1891 (button) (small blind) showed [Qd Ts] and won ($11.76) with a full house, Aces full of Jacks
Seat 4: Luanto 14 (big blind) showed [7c 7s] and won ($11.76) with a full house, Aces full of Jacks


PokerStars Hand #174217738797:  Hold'em Limit ($3/$6 USD) - 2017/08/11 19:11:35 ET
Table 'Unukalhai II' 6-max Seat #6 is the button
Seat 1: aleks_4ym ($146.30 in chips)
Seat 6: favete lin ($179.54 in chips)
favete lin: posts small blind $1
aleks_4ym: posts big blind $3
*** HOLE CARDS ***
favete lin: raises $3 to $6
aleks_4ym: calls $3
*** FLOP *** [Kd Tc 8d]
aleks_4ym: checks
favete lin: bets $3
aleks_4ym: raises $3 to $6
favete lin: calls $3
*** TURN *** [Kd Tc 8d] [7c]
aleks_4ym: bets $6
favete lin: calls $6
*** RIVER *** [Kd Tc 8d 7c] [Kc]
aleks_4ym: bets $6
favete lin: calls $6
*** SHOW DOWN ***
aleks_4ym: shows [3s Th] (two pair, Kings and Tens)
favete lin: mucks hand
aleks_4ym collected $47.50 from pot
*** SUMMARY ***
Total pot $48 | Rake $0.50
Board [Kd Tc 8d 7c Kc]
Seat 1: aleks_4ym (big blind) showed [3s Th] and won ($47.50) with two pair, Kings and Tens
Seat 6: favete lin (button) (small blind) mucked


PokerStars Hand #174217717600:  Hold'em Limit ($3/$6 USD) - 2017/08/11 19:10:59 ET
Table 'Unukalhai II' 6-max Seat #1 is the button
Seat 1: aleks_4ym ($161.30 in chips)
Seat 6: favete lin ($165.04 in chips)
aleks_4ym: posts small blind $1
confususs: is sitting out
favete lin: posts big blind $3
*** HOLE CARDS ***
aleks_4ym: raises $3 to $6
favete lin: calls $3
*** FLOP *** [Ah Qh 2c]
favete lin: checks
aleks_4ym: bets $3
favete lin: calls $3
*** TURN *** [Ah Qh 2c] [6h]
favete lin: checks
loukis0902 joins the table at seat #5
aleks_4ym: bets $6
loukis0902 leaves the table
favete lin: calls $6
*** RIVER *** [Ah Qh 2c 6h] [4c]
favete lin: checks
aleks_4ym: checks
*** SHOW DOWN ***
favete lin: shows [6s Kc] (a pair of Sixes)
aleks_4ym: mucks hand
favete lin collected $29.50 from pot
*** SUMMARY ***
Total pot $30 | Rake $0.50
Board [Ah Qh 2c 6h 4c]
Seat 1: aleks_4ym (button) (small blind) mucked
Seat 6: favete lin (big blind) showed [6s Kc] and won ($29.50) with a pair of Sixes


PokerStars Hand #174217785898:  Hold'em Limit ($3/$6 USD) - 2017/08/11 19:12:56 ET
Table 'Unukalhai II' 6-max Seat #6 is the button
Seat 1: aleks_4ym ($160.80 in chips)
Seat 6: favete lin ($164.18 in chips)
favete lin: posts small blind $1
aleks_4ym: posts big blind $3
*** HOLE CARDS ***
favete lin: folds
Uncalled bet ($2) returned to aleks_4ym
aleks_4ym collected $2 from pot
aleks_4ym: doesn't show hand
*** SUMMARY ***
Total pot $2 | Rake $0
Seat 1: aleks_4ym (big blind) collected ($2)
Seat 6: favete lin (button) (small blind) folded before Flop


PokerStars Hand #174217760739:  Hold'em Limit ($3/$6 USD) - 2017/08/11 19:12:13 ET
Table 'Unukalhai II' 6-max Seat #1 is the button
Seat 1: aleks_4ym ($169.80 in chips)
Seat 6: favete lin ($155.54 in chips)
aleks_4ym: posts small blind $1
favete lin: posts big blind $3
*** HOLE CARDS ***
aleks_4ym: raises $3 to $6
favete lin: calls $3
*** FLOP *** [Th Js Ad]
favete lin: checks
aleks_4ym: bets $3
favete lin: calls $3
*** TURN *** [Th Js Ad] [4d]
favete lin: checks
aleks_4ym: checks
*** RIVER *** [Th Js Ad 4d] [4s]
favete lin: bets $6
aleks_4ym: folds
Uncalled bet ($6) returned to favete lin
favete lin collected $17.64 from pot
favete lin: doesn't show hand
*** SUMMARY ***
Total pot $18 | Rake $0.36
Board [Th Js Ad 4d 4s]
Seat 1: aleks_4ym (button) (small blind) folded on the River
Seat 6: favete lin (big blind) collected ($17.64)


PokerStars Hand #174217788613:  Hold'em Limit ($3/$6 USD) - 2017/08/11 19:13:01 ET
Table 'Unukalhai II' 6-max Seat #1 is the button
Seat 1: aleks_4ym ($161.80 in chips)
Seat 6: favete lin ($163.18 in chips)
aleks_4ym: posts small blind $1
favete lin: posts big blind $3
*** HOLE CARDS ***
aleks_4ym: raises $3 to $6
favete lin: raises $3 to $9
aleks_4ym: calls $3
*** FLOP *** [4d 4c Qd]
favete lin: bets $3
aleks_4ym: calls $3
*** TURN *** [4d 4c Qd] [Td]
favete lin: bets $6
aleks_4ym: calls $6
*** RIVER *** [4d 4c Qd Td] [2s]
favete lin: bets $6
aleks_4ym: raises $6 to $12
favete lin: calls $6
*** SHOW DOWN ***
aleks_4ym: shows [Jc Qs] (two pair, Queens and Fours)
favete lin: mucks hand
aleks_4ym collected $59.50 from pot
*** SUMMARY ***
Total pot $60 | Rake $0.50
Board [4d 4c Qd Td 2s]
Seat 1: aleks_4ym (button) (small blind) showed [Jc Qs] and won ($59.50) with two pair, Queens and Fours
Seat 6: favete lin (big blind) mucked


PokerStars Hand #174217812111:  Hold'em Limit ($3/$6 USD) - 2017/08/11 19:13:41 ET
Table 'Unukalhai II' 6-max Seat #6 is the button
Seat 1: aleks_4ym ($191.30 in chips)
Seat 6: favete lin ($133.18 in chips)
favete lin: posts small blind $1
aleks_4ym: posts big blind $3
*** HOLE CARDS ***
favete lin: folds
Uncalled bet ($2) returned to aleks_4ym
aleks_4ym collected $2 from pot
aleks_4ym: doesn't show hand
*** SUMMARY ***
Total pot $2 | Rake $0
Seat 1: aleks_4ym (big blind) collected ($2)
Seat 6: favete lin (button) (small blind) folded before Flop


PokerStars Hand #174217814780:  Hold'em Limit ($3/$6 USD) - 2017/08/11 19:13:46 ET
Table 'Unukalhai II' 6-max Seat #1 is the button
Seat 1: aleks_4ym ($192.30 in chips)
Seat 6: favete lin ($132.18 in chips)
aleks_4ym: posts small blind $1
favete lin: posts big blind $3
loukis0902 joins the table at seat #5
*** HOLE CARDS ***
aleks_4ym: raises $3 to $6
favete lin: calls $3
*** FLOP *** [Td 6d 5c]
favete lin: checks
aleks_4ym: checks
*** TURN *** [Td 6d 5c] [7s]
favete lin: checks
aleks_4ym: checks
*** RIVER *** [Td 6d 5c 7s] [3h]
favete lin: checks
aleks_4ym: bets $6
favete lin: calls $6
*** SHOW DOWN ***
aleks_4ym: shows [4d Ks] (a straight, Three to Seven)
favete lin: mucks hand
aleks_4ym collected $23.52 from pot
*** SUMMARY ***
Total pot $24 | Rake $0.48
Board [Td 6d 5c 7s 3h]
Seat 1: aleks_4ym (button) (small blind) showed [4d Ks] and won ($23.52) with a straight, Three to Seven
Seat 6: favete lin (big blind) mucked


PokerStars Hand #174217833085:  Hold'em Limit ($3/$6 USD) - 2017/08/11 19:14:18 ET
Table 'Unukalhai II' 6-max Seat #6 is the button
Seat 1: aleks_4ym ($203.82 in chips)
Seat 6: favete lin ($120.18 in chips)
favete lin: posts small blind $1
aleks_4ym: posts big blind $3
*** HOLE CARDS ***
favete lin: raises $3 to $6
aleks_4ym: raises $3 to $9
favete lin: calls $3
*** FLOP *** [2c 6c 6d]
aleks_4ym: bets $3
favete lin: calls $3
*** TURN *** [2c 6c 6d] [8d]
aleks_4ym: bets $6
favete lin: raises $6 to $12
aleks_4ym: calls $6
*** RIVER *** [2c 6c 6d 8d] [Jd]
aleks_4ym: checks
favete lin: bets $6
aleks_4ym: folds
Uncalled bet ($6) returned to favete lin
favete lin collected $47.50 from pot
favete lin: doesn't show hand
*** SUMMARY ***
Total pot $48 | Rake $0.50
Board [2c 6c 6d 8d Jd]
Seat 1: aleks_4ym (big blind) folded on the River
Seat 6: favete lin (button) (small blind) collected ($47.50)


