PokerStars Hand #158943949843:  Hold'em Limit ($3/$6 USD) - 2016/09/22 11:50:51 ET
Table 'Unukalhai II' 6-max Seat #3 is the button
Seat 2: Apanage ($185.25 in chips)
Seat 3: popeluha ($112.90 in chips)
popeluha: posts small blind $1
Apanage: posts big blind $3
*** HOLE CARDS ***
popeluha: raises $3 to $6
Apanage: calls $3
*** FLOP *** [3d Jh Ad]
Apanage: checks
popeluha: bets $3
Apanage: raises $3 to $6
popeluha: folds
Uncalled bet ($3) returned to Apanage
Apanage collected $17.64 from pot
Apanage: doesn't show hand
*** SUMMARY ***
Total pot $18 | Rake $0.36
Board [3d Jh Ad]
Seat 2: Apanage (big blind) collected ($17.64)
Seat 3: popeluha (button) (small blind) folded on the Flop


PokerStars Hand #158943959520:  Hold'em Limit ($3/$6 USD) - 2016/09/22 11:51:06 ET
Table 'Unukalhai II' 6-max Seat #2 is the button
Seat 2: Apanage ($193.89 in chips)
Seat 3: popeluha ($103.90 in chips)
Apanage: posts small blind $1
popeluha: posts big blind $3
*** HOLE CARDS ***
Apanage: raises $3 to $6
popeluha: folds
Uncalled bet ($3) returned to Apanage
Apanage collected $6 from pot
Apanage: doesn't show hand
*** SUMMARY ***
Total pot $6 | Rake $0
Seat 2: Apanage (button) (small blind) collected ($6)
Seat 3: popeluha (big blind) folded before Flop


PokerStars Hand #158944069409:  Hold'em Limit ($3/$6 USD) - 2016/09/22 11:53:51 ET
Table 'Unukalhai II' 6-max Seat #3 is the button
Seat 2: Apanage ($196.26 in chips)
Seat 3: popeluha ($155.20 in chips)
popeluha: posts small blind $1
Apanage: posts big blind $3
*** HOLE CARDS ***
popeluha: raises $3 to $6
Apanage: calls $3
*** FLOP *** [Ah 4h Kc]
Apanage: bets $3
popeluha: calls $3
*** TURN *** [Ah 4h Kc] [8s]
Apanage: checks
popeluha: bets $6
Apanage: calls $6
*** RIVER *** [Ah 4h Kc 8s] [9s]
Apanage: checks
popeluha: bets $6
Apanage: folds
Uncalled bet ($6) returned to popeluha
popeluha collected $29.50 from pot
popeluha: doesn't show hand
*** SUMMARY ***
Total pot $30 | Rake $0.50
Board [Ah 4h Kc 8s 9s]
Seat 2: Apanage (big blind) folded on the River
Seat 3: popeluha (button) (small blind) collected ($29.50)


PokerStars Hand #158944110943:  Hold'em Limit ($3/$6 USD) - 2016/09/22 11:54:55 ET
Table 'Unukalhai II' 6-max Seat #2 is the button
Seat 2: Apanage ($181.26 in chips)
Seat 3: popeluha ($169.70 in chips)
Apanage: posts small blind $1
popeluha: posts big blind $3
*** HOLE CARDS ***
Apanage: raises $3 to $6
popeluha: folds
Uncalled bet ($3) returned to Apanage
Apanage collected $6 from pot
Apanage: doesn't show hand
*** SUMMARY ***
Total pot $6 | Rake $0
Seat 2: Apanage (button) (small blind) collected ($6)
Seat 3: popeluha (big blind) folded before Flop


PokerStars Hand #158952380688:  Hold'em Limit ($3/$6 USD) - 2016/09/22 15:02:55 ET
Table 'Unukalhai II' 6-max Seat #3 is the button
Seat 2: Chessnok ($209.98 in chips)
Seat 3: Chari-fari ($249.55 in chips)
Chari-fari: posts small blind $1
vestimokrec: is sitting out
Knechtor86: is sitting out
Chessnok: posts big blind $3
*** HOLE CARDS ***
Chari-fari: raises $3 to $6
vestimokrec leaves the table
Chessnok: raises $3 to $9
Chari-fari: calls $3
*** FLOP *** [7d 9s 4c]
Chessnok: bets $3
Chari-fari: calls $3
*** TURN *** [7d 9s 4c] [Js]
Chessnok: checks
Chari-fari: bets $6
Chessnok: calls $6
*** RIVER *** [7d 9s 4c Js] [6h]
Chessnok: checks
Chari-fari: bets $6
Knechtor86 is disconnected
Chessnok: calls $6
*** SHOW DOWN ***
Chari-fari: shows [Td Kh] (high card King)
Chessnok: shows [Ac Th] (high card Ace)
Chessnok collected $47.50 from pot
*** SUMMARY ***
Total pot $48 | Rake $0.50
Board [7d 9s 4c Js 6h]
Seat 2: Chessnok (big blind) showed [Ac Th] and won ($47.50) with high card Ace
Seat 3: Chari-fari (button) (small blind) showed [Td Kh] and lost with high card King


