PokerStars Hand #158719952973:  Hold'em Limit ($3/$6 USD) - 2016/09/17 10:02:51 ET
Table 'Unukalhai' 6-max Seat #6 is the button
Seat 4: VolkovDmitri ($120 in chips)
Seat 6: ManuelSikora ($39.87 in chips)
ManuelSikora: posts small blind $1
VolkovDmitri: posts big blind $3
*** HOLE CARDS ***
ManuelSikora: raises $3 to $6
VolkovDmitri: calls $3
*** FLOP *** [8h Jh 2h]
VolkovDmitri: bets $3
ManuelSikora: raises $3 to $6
VolkovDmitri: calls $3
*** TURN *** [8h Jh 2h] [Qs]
VolkovDmitri: checks
ManuelSikora: bets $6
VolkovDmitri: calls $6
*** RIVER *** [8h Jh 2h Qs] [6h]
VolkovDmitri: bets $6
ManuelSikora: raises $6 to $12
VolkovDmitri: calls $6
*** SHOW DOWN ***
ManuelSikora: shows [Ah 8d] (a flush, Ace high)
VolkovDmitri: mucks hand
ManuelSikora collected $59.50 from pot
*** SUMMARY ***
Total pot $60 | Rake $0.50
Board [8h Jh 2h Qs 6h]
Seat 4: VolkovDmitri (big blind) mucked
Seat 6: ManuelSikora (button) (small blind) showed [Ah 8d] and won ($59.50) with a flush, Ace high


PokerStars Hand #158720021111:  Hold'em Limit ($3/$6 USD) - 2016/09/17 10:04:44 ET
Table 'Unukalhai' 6-max Seat #1 is the button
Seat 1: Scheubi88 ($110 in chips)
Seat 6: ManuelSikora ($72.89 in chips)
Scheubi88: posts small blind $1
ManuelSikora: posts big blind $3
*** HOLE CARDS ***
Scheubi88: raises $3 to $6
ManuelSikora: raises $3 to $9
Scheubi88: calls $3
*** FLOP *** [8c Qh Qs]
ManuelSikora: checks
Scheubi88: checks
*** TURN *** [8c Qh Qs] [5d]
ManuelSikora: bets $6
Scheubi88: raises $6 to $12
ManuelSikora: raises $6 to $18
Scheubi88: folds
Uncalled bet ($6) returned to ManuelSikora
ManuelSikora collected $41.50 from pot
ManuelSikora: doesn't show hand
*** SUMMARY ***
Total pot $42 | Rake $0.50
Board [8c Qh Qs 5d]
Seat 1: Scheubi88 (button) (small blind) folded on the Turn
Seat 6: ManuelSikora (big blind) collected ($41.50)


PokerStars Hand #158720015610:  Hold'em Limit ($3/$6 USD) - 2016/09/17 10:04:35 ET
Table 'Unukalhai' 6-max Seat #6 is the button
Seat 1: Scheubi88 ($109 in chips)
Seat 6: ManuelSikora ($73.89 in chips)
ManuelSikora: posts small blind $1
Scheubi88: posts big blind $3
*** HOLE CARDS ***
ManuelSikora: folds
Uncalled bet ($2) returned to Scheubi88
Scheubi88 collected $2 from pot
Scheubi88: doesn't show hand
*** SUMMARY ***
Total pot $2 | Rake $0
Seat 1: Scheubi88 (big blind) collected ($2)
Seat 6: ManuelSikora (button) (small blind) folded before Flop


PokerStars Hand #158720004334:  Hold'em Limit ($3/$6 USD) - 2016/09/17 10:04:16 ET
Table 'Unukalhai' 6-max Seat #6 is the button
Seat 1: Scheubi88 ($120 in chips)
Seat 6: ManuelSikora ($63.37 in chips)
ManuelSikora: posts small blind $1
Scheubi88: posts big blind $3
*** HOLE CARDS ***
ManuelSikora: folds
Uncalled bet ($2) returned to Scheubi88
Scheubi88 collected $2 from pot
Scheubi88: doesn't show hand
*** SUMMARY ***
Total pot $2 | Rake $0
Seat 1: Scheubi88 (big blind) collected ($2)
Seat 6: ManuelSikora (button) (small blind) folded before Flop


PokerStars Hand #158719991468:  Hold'em Limit ($3/$6 USD) - 2016/09/17 10:03:55 ET
Table 'Unukalhai' 6-max Seat #4 is the button
Seat 4: VolkovDmitri ($120 in chips)
Seat 6: ManuelSikora ($69.37 in chips)
VolkovDmitri: posts small blind $1
ManuelSikora: posts big blind $3
*** HOLE CARDS ***
Scheubi88 joins the table at seat #1
VolkovDmitri: raises $3 to $6
ManuelSikora: calls $3
*** FLOP *** [5h 5c Qd]
ManuelSikora: checks
VolkovDmitri: bets $3
ManuelSikora: folds
Uncalled bet ($3) returned to VolkovDmitri
VolkovDmitri collected $11.76 from pot
VolkovDmitri: doesn't show hand
*** SUMMARY ***
Total pot $12 | Rake $0.24
Board [5h 5c Qd]
Seat 4: VolkovDmitri (button) (small blind) collected ($11.76)
Seat 6: ManuelSikora (big blind) folded on the Flop


PokerStars Hand #158720070271:  Hold'em Limit ($3/$6 USD) - 2016/09/17 10:06:04 ET
Table 'Unukalhai' 6-max Seat #6 is the button
Seat 1: Scheubi88 ($90.28 in chips)
Seat 6: ManuelSikora ($90.89 in chips)
ManuelSikora: posts small blind $1
Scheubi88: posts big blind $3
*** HOLE CARDS ***
ManuelSikora: raises $3 to $6
Scheubi88: calls $3
*** FLOP *** [As 2s 8h]
Scheubi88: checks
ManuelSikora: bets $3
Scheubi88: folds
Uncalled bet ($3) returned to ManuelSikora
ManuelSikora collected $11.76 from pot
ManuelSikora: doesn't show hand
*** SUMMARY ***
Total pot $12 | Rake $0.24
Board [As 2s 8h]
Seat 1: Scheubi88 (big blind) folded on the Flop
Seat 6: ManuelSikora (button) (small blind) collected ($11.76)


PokerStars Hand #158720067246:  Hold'em Limit ($3/$6 USD) - 2016/09/17 10:05:59 ET
Table 'Unukalhai' 6-max Seat #1 is the button
Seat 1: Scheubi88 ($91.28 in chips)
Seat 6: ManuelSikora ($89.89 in chips)
Scheubi88: posts small blind $1
ManuelSikora: posts big blind $3
*** HOLE CARDS ***
Scheubi88: folds
Uncalled bet ($2) returned to ManuelSikora
ManuelSikora collected $2 from pot
ManuelSikora: doesn't show hand
*** SUMMARY ***
Total pot $2 | Rake $0
Seat 1: Scheubi88 (button) (small blind) folded before Flop
Seat 6: ManuelSikora (big blind) collected ($2)


PokerStars Hand #158720054967:  Hold'em Limit ($3/$6 USD) - 2016/09/17 10:05:39 ET
Table 'Unukalhai' 6-max Seat #6 is the button
Seat 1: Scheubi88 ($85.52 in chips)
Seat 6: ManuelSikora ($95.89 in chips)
ManuelSikora: posts small blind $1
Scheubi88: posts big blind $3
*** HOLE CARDS ***
ManuelSikora: raises $3 to $6
Scheubi88: calls $3
*** FLOP *** [9s Tc Qs]
Scheubi88: checks
ManuelSikora: checks
*** TURN *** [9s Tc Qs] [4h]
Scheubi88: checks
ManuelSikora: checks
*** RIVER *** [9s Tc Qs 4h] [6s]
Scheubi88: bets $6
ManuelSikora: folds
Uncalled bet ($6) returned to Scheubi88
Scheubi88 collected $11.76 from pot
Scheubi88: doesn't show hand
*** SUMMARY ***
Total pot $12 | Rake $0.24
Board [9s Tc Qs 4h 6s]
Seat 1: Scheubi88 (big blind) collected ($11.76)
Seat 6: ManuelSikora (button) (small blind) folded on the River


PokerStars Hand #158720045748:  Hold'em Limit ($3/$6 USD) - 2016/09/17 10:05:24 ET
Table 'Unukalhai' 6-max Seat #1 is the button
Seat 1: Scheubi88 ($100.52 in chips)
Seat 6: ManuelSikora ($81.39 in chips)
Scheubi88: posts small blind $1
ManuelSikora: posts big blind $3
*** HOLE CARDS ***
Scheubi88: raises $3 to $6
ManuelSikora: calls $3
*** FLOP *** [2s Th 3d]
ManuelSikora: bets $3
Scheubi88: calls $3
*** TURN *** [2s Th 3d] [3h]
ManuelSikora: bets $6
Scheubi88: calls $6
*** RIVER *** [2s Th 3d 3h] [7c]
ManuelSikora: bets $6
Scheubi88: folds
Uncalled bet ($6) returned to ManuelSikora
ManuelSikora collected $29.50 from pot
ManuelSikora: doesn't show hand
*** SUMMARY ***
Total pot $30 | Rake $0.50
Board [2s Th 3d 3h 7c]
Seat 1: Scheubi88 (button) (small blind) folded on the River
Seat 6: ManuelSikora (big blind) collected ($29.50)


PokerStars Hand #158720033307:  Hold'em Limit ($3/$6 USD) - 2016/09/17 10:05:03 ET
Table 'Unukalhai' 6-max Seat #6 is the button
Seat 1: Scheubi88 ($89 in chips)
Seat 6: ManuelSikora ($93.39 in chips)
ManuelSikora: posts small blind $1
Scheubi88: posts big blind $3
*** HOLE CARDS ***
ManuelSikora: raises $3 to $6
Scheubi88: raises $3 to $9
ManuelSikora: calls $3
*** FLOP *** [3h Js 2c]
Scheubi88: bets $3
ManuelSikora: calls $3
*** TURN *** [3h Js 2c] [Ac]
Scheubi88: bets $6
ManuelSikora: folds
Uncalled bet ($6) returned to Scheubi88
Scheubi88 collected $23.52 from pot
Scheubi88: doesn't show hand
*** SUMMARY ***
Total pot $24 | Rake $0.48
Board [3h Js 2c Ac]
Seat 1: Scheubi88 (big blind) collected ($23.52)
Seat 6: ManuelSikora (button) (small blind) folded on the Turn


PokerStars Hand #158720101547:  Hold'em Limit ($3/$6 USD) - 2016/09/17 10:06:55 ET
Table 'Unukalhai' 6-max Seat #6 is the button
Seat 1: Scheubi88 ($116.18 in chips)
Seat 6: ManuelSikora ($63.65 in chips)
ManuelSikora: posts small blind $1
Scheubi88: posts big blind $3
*** HOLE CARDS ***
ManuelSikora: calls $2
Scheubi88: raises $3 to $6
ManuelSikora: raises $3 to $9
Scheubi88: calls $3
*** FLOP *** [Ts Th Qc]
Scheubi88: checks
ManuelSikora: bets $3
Scheubi88: calls $3
*** TURN *** [Ts Th Qc] [Jc]
Scheubi88: checks
ManuelSikora: checks
*** RIVER *** [Ts Th Qc Jc] [8s]
Scheubi88: checks
ManuelSikora: checks
*** SHOW DOWN ***
Scheubi88: shows [Kh 7c] (a pair of Tens)
ManuelSikora: shows [4h 8h] (two pair, Tens and Eights)
ManuelSikora collected $23.52 from pot
*** SUMMARY ***
Total pot $24 | Rake $0.48
Board [Ts Th Qc Jc 8s]
Seat 1: Scheubi88 (big blind) showed [Kh 7c] and lost with a pair of Tens
Seat 6: ManuelSikora (button) (small blind) showed [4h 8h] and won ($23.52) with two pair, Tens and Eights


PokerStars Hand #158720090887:  Hold'em Limit ($3/$6 USD) - 2016/09/17 10:06:37 ET
Table 'Unukalhai' 6-max Seat #1 is the button
Seat 1: Scheubi88 ($98.68 in chips)
Seat 6: ManuelSikora ($81.65 in chips)
Scheubi88: posts small blind $1
ManuelSikora: posts big blind $3
*** HOLE CARDS ***
Scheubi88: raises $3 to $6
ManuelSikora: raises $3 to $9
Scheubi88: calls $3
*** FLOP *** [Qs 7c 4h]
ManuelSikora: bets $3
Scheubi88: calls $3
*** TURN *** [Qs 7c 4h] [8c]
ManuelSikora: bets $6
Scheubi88: calls $6
*** RIVER *** [Qs 7c 4h 8c] [Jh]
ManuelSikora: checks
Scheubi88: checks
*** SHOW DOWN ***
ManuelSikora: shows [Kh 3h] (high card King)
Scheubi88: shows [4s 3s] (a pair of Fours)
Scheubi88 collected $35.50 from pot
*** SUMMARY ***
Total pot $36 | Rake $0.50
Board [Qs 7c 4h 8c Jh]
Seat 1: Scheubi88 (button) (small blind) showed [4s 3s] and won ($35.50) with a pair of Fours
Seat 6: ManuelSikora (big blind) showed [Kh 3h] and lost with high card King


PokerStars Hand #158720083240:  Hold'em Limit ($3/$6 USD) - 2016/09/17 10:06:25 ET
Table 'Unukalhai' 6-max Seat #6 is the button
Seat 1: Scheubi88 ($90.04 in chips)
Seat 6: ManuelSikora ($90.65 in chips)
ManuelSikora: posts small blind $1
Scheubi88: posts big blind $3
*** HOLE CARDS ***
ManuelSikora: calls $2
Scheubi88: raises $3 to $6
ManuelSikora: calls $3
*** FLOP *** [2h Ah Jc]
Scheubi88: bets $3
ManuelSikora: calls $3
*** TURN *** [2h Ah Jc] [2d]
Scheubi88: bets $6
ManuelSikora: folds
Uncalled bet ($6) returned to Scheubi88
Scheubi88 collected $17.64 from pot
Scheubi88: doesn't show hand
*** SUMMARY ***
Total pot $18 | Rake $0.36
Board [2h Ah Jc 2d]
Seat 1: Scheubi88 (big blind) collected ($17.64)
Seat 6: ManuelSikora (button) (small blind) folded on the Turn


PokerStars Hand #158720076339:  Hold'em Limit ($3/$6 USD) - 2016/09/17 10:06:14 ET
Table 'Unukalhai' 6-max Seat #1 is the button
Seat 1: Scheubi88 ($84.28 in chips)
Seat 6: ManuelSikora ($96.65 in chips)
Scheubi88: posts small blind $1
ManuelSikora: posts big blind $3
*** HOLE CARDS ***
Scheubi88: raises $3 to $6
ManuelSikora: calls $3
*** FLOP *** [As 9s 8s]
ManuelSikora: checks
Scheubi88: bets $3
ManuelSikora: folds
Uncalled bet ($3) returned to Scheubi88
Scheubi88 collected $11.76 from pot
Scheubi88: doesn't show hand
*** SUMMARY ***
Total pot $12 | Rake $0.24
Board [As 9s 8s]
Seat 1: Scheubi88 (button) (small blind) collected ($11.76)
Seat 6: ManuelSikora (big blind) folded on the Flop


PokerStars Hand #158720130382:  Hold'em Limit ($3/$6 USD) - 2016/09/17 10:07:42 ET
Table 'Unukalhai' 6-max Seat #1 is the button
Seat 1: Scheubi88 ($97.94 in chips)
Seat 6: ManuelSikora ($80.69 in chips)
Scheubi88: posts small blind $1
ManuelSikora: posts big blind $3
*** HOLE CARDS ***
Scheubi88: raises $3 to $6
ManuelSikora: raises $3 to $9
Scheubi88: calls $3
*** FLOP *** [Qc 5h 5c]
ManuelSikora: checks
Scheubi88: checks
*** TURN *** [Qc 5h 5c] [3h]
ManuelSikora: bets $6
Scheubi88: calls $6
*** RIVER *** [Qc 5h 5c 3h] [2d]
ManuelSikora: bets $6
Scheubi88: calls $6
*** SHOW DOWN ***
ManuelSikora: shows [Tc Th] (two pair, Tens and Fives)
Scheubi88: mucks hand
ManuelSikora collected $41.50 from pot
*** SUMMARY ***
Total pot $42 | Rake $0.50
Board [Qc 5h 5c 3h 2d]
Seat 1: Scheubi88 (button) (small blind) mucked
Seat 6: ManuelSikora (big blind) showed [Tc Th] and won ($41.50) with two pair, Tens and Fives


PokerStars Hand #158720120329:  Hold'em Limit ($3/$6 USD) - 2016/09/17 10:07:25 ET
Table 'Unukalhai' 6-max Seat #6 is the button
Seat 1: Scheubi88 ($109.94 in chips)
Seat 6: ManuelSikora ($69.17 in chips)
ManuelSikora: posts small blind $1
Scheubi88: posts big blind $3
*** HOLE CARDS ***
ManuelSikora: raises $3 to $6
Scheubi88: calls $3
*** FLOP *** [3c Ts 5h]
Scheubi88: checks
ManuelSikora: checks
*** TURN *** [3c Ts 5h] [2c]
Scheubi88: checks
ManuelSikora: checks
*** RIVER *** [3c Ts 5h 2c] [9h]
Scheubi88: bets $6
ManuelSikora: calls $6
*** SHOW DOWN ***
Scheubi88: shows [8h 6d] (high card Ten)
ManuelSikora: shows [7c As] (high card Ace)
ManuelSikora collected $23.52 from pot
*** SUMMARY ***
Total pot $24 | Rake $0.48
Board [3c Ts 5h 2c 9h]
Seat 1: Scheubi88 (big blind) showed [8h 6d] and lost with high card Ten
Seat 6: ManuelSikora (button) (small blind) showed [7c As] and won ($23.52) with high card Ace


PokerStars Hand #158720113329:  Hold'em Limit ($3/$6 USD) - 2016/09/17 10:07:14 ET
Table 'Unukalhai' 6-max Seat #1 is the button
Seat 1: Scheubi88 ($104.18 in chips)
Seat 6: ManuelSikora ($75.17 in chips)
Scheubi88: posts small blind $1
ManuelSikora: posts big blind $3
*** HOLE CARDS ***
Scheubi88: raises $3 to $6
ManuelSikora: calls $3
*** FLOP *** [4s Qh Qc]
ManuelSikora: checks
Scheubi88: bets $3
ManuelSikora: folds
Uncalled bet ($3) returned to Scheubi88
Scheubi88 collected $11.76 from pot
Scheubi88: doesn't show hand
*** SUMMARY ***
Total pot $12 | Rake $0.24
Board [4s Qh Qc]
Seat 1: Scheubi88 (button) (small blind) collected ($11.76)
Seat 6: ManuelSikora (big blind) folded on the Flop


PokerStars Hand #158720165198:  Hold'em Limit ($3/$6 USD) - 2016/09/17 10:08:39 ET
Table 'Unukalhai' 6-max Seat #6 is the button
Seat 1: Scheubi88 ($19.94 in chips)
Seat 6: ManuelSikora ($157.19 in chips)
ManuelSikora: posts small blind $1
Scheubi88: posts big blind $3
*** HOLE CARDS ***
ManuelSikora: folds
Uncalled bet ($2) returned to Scheubi88
Scheubi88 collected $2 from pot
Scheubi88: doesn't show hand
*** SUMMARY ***
Total pot $2 | Rake $0
Seat 1: Scheubi88 (big blind) collected ($2)
Seat 6: ManuelSikora (button) (small blind) folded before Flop


PokerStars Hand #158720154294:  Hold'em Limit ($3/$6 USD) - 2016/09/17 10:08:21 ET
Table 'Unukalhai' 6-max Seat #1 is the button
Seat 1: Scheubi88 ($37.94 in chips)
Seat 6: ManuelSikora ($139.69 in chips)
Scheubi88: posts small blind $1
ManuelSikora: posts big blind $3
*** HOLE CARDS ***
Scheubi88: raises $3 to $6
ManuelSikora: calls $3
*** FLOP *** [Qc Th 3s]
ManuelSikora: bets $3
Scheubi88: raises $3 to $6
ManuelSikora: calls $3
*** TURN *** [Qc Th 3s] [4d]
ManuelSikora: checks
Scheubi88: checks
*** RIVER *** [Qc Th 3s 4d] [Tc]
ManuelSikora: bets $6
Scheubi88: calls $6
*** SHOW DOWN ***
ManuelSikora: shows [Ac 3d] (two pair, Tens and Threes)
Scheubi88: mucks hand
ManuelSikora collected $35.50 from pot
*** SUMMARY ***
Total pot $36 | Rake $0.50
Board [Qc Th 3s 4d Tc]
Seat 1: Scheubi88 (button) (small blind) mucked
Seat 6: ManuelSikora (big blind) showed [Ac 3d] and won ($35.50) with two pair, Tens and Threes


PokerStars Hand #158720142452:  Hold'em Limit ($3/$6 USD) - 2016/09/17 10:08:02 ET
Table 'Unukalhai' 6-max Seat #6 is the button
Seat 1: Scheubi88 ($76.94 in chips)
Seat 6: ManuelSikora ($101.19 in chips)
ManuelSikora: posts small blind $1
Scheubi88: posts big blind $3
*** HOLE CARDS ***
ManuelSikora: raises $3 to $6
Scheubi88: raises $3 to $9
ManuelSikora: calls $3
*** FLOP *** [9s 7d 6s]
Scheubi88: bets $3
ManuelSikora: raises $3 to $6
Scheubi88: calls $3
*** TURN *** [9s 7d 6s] [Ks]
Scheubi88: checks
ManuelSikora: bets $6
Scheubi88: raises $6 to $12
ManuelSikora: raises $6 to $18
Scheubi88: calls $6
*** RIVER *** [9s 7d 6s Ks] [Qc]
Scheubi88: checks
ManuelSikora: bets $6
Scheubi88: calls $6
*** SHOW DOWN ***
ManuelSikora: shows [Th 8d] (a straight, Six to Ten)
Scheubi88: mucks hand
ManuelSikora collected $77.50 from pot
*** SUMMARY ***
Total pot $78 | Rake $0.50
Board [9s 7d 6s Ks Qc]
Seat 1: Scheubi88 (big blind) mucked
Seat 6: ManuelSikora (button) (small blind) showed [Th 8d] and won ($77.50) with a straight, Six to Ten


PokerStars Hand #158720318516:  Hold'em Limit ($3/$6 USD) - 2016/09/17 10:12:52 ET
Table 'Unukalhai' 6-max Seat #6 is the button
Seat 1: Scheubi88 ($74.46 in chips)
Seat 6: ManuelSikora ($161.69 in chips)
ManuelSikora: posts small blind $1
Scheubi88: posts big blind $3
*** HOLE CARDS ***
ManuelSikora: raises $3 to $6
Scheubi88: calls $3
*** FLOP *** [2d Qs 2h]
Scheubi88: bets $3
ManuelSikora: calls $3
*** TURN *** [2d Qs 2h] [Td]
Scheubi88: checks
ManuelSikora: checks
*** RIVER *** [2d Qs 2h Td] [3h]
Scheubi88: checks
ManuelSikora: checks
*** SHOW DOWN ***
Scheubi88: shows [3c Jc] (two pair, Threes and Deuces)
ManuelSikora: mucks hand
Scheubi88 collected $17.64 from pot
*** SUMMARY ***
Total pot $18 | Rake $0.36
Board [2d Qs 2h Td 3h]
Seat 1: Scheubi88 (big blind) showed [3c Jc] and won ($17.64) with two pair, Threes and Deuces
Seat 6: ManuelSikora (button) (small blind) mucked


PokerStars Hand #158720308340:  Hold'em Limit ($3/$6 USD) - 2016/09/17 10:12:35 ET
Table 'Unukalhai' 6-max Seat #1 is the button
Seat 1: Scheubi88 ($95.46 in chips)
Seat 6: ManuelSikora ($141.19 in chips)
Scheubi88: posts small blind $1
ManuelSikora: posts big blind $3
*** HOLE CARDS ***
Scheubi88: raises $3 to $6
ManuelSikora: calls $3
*** FLOP *** [8d 6c Qc]
ManuelSikora: bets $3
Scheubi88: calls $3
*** TURN *** [8d 6c Qc] [7h]
ManuelSikora: bets $6
Scheubi88: calls $6
*** RIVER *** [8d 6c Qc 7h] [7d]
ManuelSikora: bets $6
Scheubi88: calls $6
*** SHOW DOWN ***
ManuelSikora: shows [Qd 8h] (two pair, Queens and Eights)
Scheubi88: mucks hand
ManuelSikora collected $41.50 from pot
*** SUMMARY ***
Total pot $42 | Rake $0.50
Board [8d 6c Qc 7h 7d]
Seat 1: Scheubi88 (button) (small blind) mucked
Seat 6: ManuelSikora (big blind) showed [Qd 8h] and won ($41.50) with two pair, Queens and Eights


PokerStars Hand #158720297992:  Hold'em Limit ($3/$6 USD) - 2016/09/17 10:12:18 ET
Table 'Unukalhai' 6-max Seat #6 is the button
Seat 1: Scheubi88 ($83.94 in chips)
Seat 6: ManuelSikora ($153.19 in chips)
ManuelSikora: posts small blind $1
Scheubi88: posts big blind $3
*** HOLE CARDS ***
ManuelSikora: calls $2
Scheubi88: raises $3 to $6
ManuelSikora: calls $3
*** FLOP *** [6c Kd 4d]
Scheubi88: bets $3
ManuelSikora: raises $3 to $6
Scheubi88: calls $3
*** TURN *** [6c Kd 4d] [3d]
Scheubi88: checks
ManuelSikora: checks
*** RIVER *** [6c Kd 4d 3d] [3h]
Scheubi88: bets $6
ManuelSikora: folds
Uncalled bet ($6) returned to Scheubi88
Scheubi88 collected $23.52 from pot
Scheubi88: doesn't show hand
*** SUMMARY ***
Total pot $24 | Rake $0.48
Board [6c Kd 4d 3d 3h]
Seat 1: Scheubi88 (big blind) collected ($23.52)
Seat 6: ManuelSikora (button) (small blind) folded on the River


PokerStars Hand #158720294537:  Hold'em Limit ($3/$6 USD) - 2016/09/17 10:12:13 ET
Table 'Unukalhai' 6-max Seat #1 is the button
Seat 1: Scheubi88 ($80.94 in chips)
Seat 6: ManuelSikora ($156.19 in chips)
Scheubi88: posts small blind $1
ManuelSikora: posts big blind $3
*** HOLE CARDS ***
Scheubi88: raises $3 to $6
ManuelSikora: folds
Uncalled bet ($3) returned to Scheubi88
Scheubi88 collected $6 from pot
Scheubi88: doesn't show hand
*** SUMMARY ***
Total pot $6 | Rake $0
Seat 1: Scheubi88 (button) (small blind) collected ($6)
Seat 6: ManuelSikora (big blind) folded before Flop


PokerStars Hand #158720355078:  Hold'em Limit ($3/$6 USD) - 2016/09/17 10:13:52 ET
Table 'Unukalhai' 6-max Seat #1 is the button
Seat 1: Scheubi88 ($118.12 in chips)
Seat 6: ManuelSikora ($116.69 in chips)
Scheubi88: posts small blind $1
ManuelSikora: posts big blind $3
*** HOLE CARDS ***
Scheubi88: raises $3 to $6
ManuelSikora: raises $3 to $9
Scheubi88: calls $3
*** FLOP *** [6d Kc Th]
ManuelSikora: bets $3
Scheubi88: calls $3
*** TURN *** [6d Kc Th] [7d]
ManuelSikora: checks
Scheubi88: bets $6
ManuelSikora: folds
Uncalled bet ($6) returned to Scheubi88
Scheubi88 collected $23.52 from pot
Scheubi88: doesn't show hand
*** SUMMARY ***
Total pot $24 | Rake $0.48
Board [6d Kc Th 7d]
Seat 1: Scheubi88 (button) (small blind) collected ($23.52)
Seat 6: ManuelSikora (big blind) folded on the Turn


PokerStars Hand #158720342008:  Hold'em Limit ($3/$6 USD) - 2016/09/17 10:13:31 ET
Table 'Unukalhai' 6-max Seat #6 is the button
Seat 1: Scheubi88 ($106.60 in chips)
Seat 6: ManuelSikora ($128.69 in chips)
ManuelSikora: posts small blind $1
Scheubi88: posts big blind $3
*** HOLE CARDS ***
ManuelSikora: raises $3 to $6
Scheubi88: calls $3
*** FLOP *** [Ad Qs Ah]
Scheubi88: checks
ManuelSikora: checks
*** TURN *** [Ad Qs Ah] [Kh]
Scheubi88: bets $6
ManuelSikora: calls $6
*** RIVER *** [Ad Qs Ah Kh] [As]
Scheubi88: bets $6
ManuelSikora: folds
Uncalled bet ($6) returned to Scheubi88
Scheubi88 collected $23.52 from pot
Scheubi88: doesn't show hand
*** SUMMARY ***
Total pot $24 | Rake $0.48
Board [Ad Qs Ah Kh As]
Seat 1: Scheubi88 (big blind) collected ($23.52)
Seat 6: ManuelSikora (button) (small blind) folded on the River


PokerStars Hand #158720331100:  Hold'em Limit ($3/$6 USD) - 2016/09/17 10:13:13 ET
Table 'Unukalhai' 6-max Seat #1 is the button
Seat 1: Scheubi88 ($83.10 in chips)
Seat 6: ManuelSikora ($152.69 in chips)
Scheubi88: posts small blind $1
ManuelSikora: posts big blind $3
*** HOLE CARDS ***
Scheubi88: raises $3 to $6
ManuelSikora: raises $3 to $9
Scheubi88: calls $3
*** FLOP *** [Qd Jc 5s]
ManuelSikora: bets $3
Scheubi88: calls $3
*** TURN *** [Qd Jc 5s] [6d]
ManuelSikora: bets $6
Scheubi88: raises $6 to $12
ManuelSikora: calls $6
*** RIVER *** [Qd Jc 5s 6d] [Kc]
ManuelSikora: checks
Scheubi88: checks
*** SHOW DOWN ***
ManuelSikora: shows [4h 6h] (a pair of Sixes)
Scheubi88: shows [4c Qh] (a pair of Queens)
Scheubi88 collected $47.50 from pot
*** SUMMARY ***
Total pot $48 | Rake $0.50
Board [Qd Jc 5s 6d Kc]
Seat 1: Scheubi88 (button) (small blind) showed [4c Qh] and won ($47.50) with a pair of Queens
Seat 6: ManuelSikora (big blind) showed [4h 6h] and lost with a pair of Sixes


PokerStars Hand #158720388039:  Hold'em Limit ($3/$6 USD) - 2016/09/17 10:14:45 ET
Table 'Unukalhai' 6-max Seat #6 is the button
Seat 1: Scheubi88 ($108.40 in chips)
Seat 6: ManuelSikora ($125.19 in chips)
ManuelSikora: posts small blind $1
Scheubi88: posts big blind $3
*** HOLE CARDS ***
ManuelSikora: raises $3 to $6
Scheubi88: folds
Uncalled bet ($3) returned to ManuelSikora
ManuelSikora collected $6 from pot
ManuelSikora: doesn't show hand
*** SUMMARY ***
Total pot $6 | Rake $0
Seat 1: Scheubi88 (big blind) folded before Flop
Seat 6: ManuelSikora (button) (small blind) collected ($6)


PokerStars Hand #158720376305:  Hold'em Limit ($3/$6 USD) - 2016/09/17 10:14:27 ET
Table 'Unukalhai' 6-max Seat #1 is the button
Seat 1: Scheubi88 ($135.40 in chips)
Seat 6: ManuelSikora ($98.69 in chips)
Scheubi88: posts small blind $1
ManuelSikora: posts big blind $3
*** HOLE CARDS ***
Scheubi88: raises $3 to $6
SilaSoNi joins the table at seat #5
ManuelSikora: calls $3
*** FLOP *** [Jc Qs 4c]
ManuelSikora: bets $3
Scheubi88: raises $3 to $6
ManuelSikora: raises $3 to $9
Scheubi88: calls $3
*** TURN *** [Jc Qs 4c] [4d]
ManuelSikora: bets $6
Scheubi88: calls $6
*** RIVER *** [Jc Qs 4c 4d] [7c]
ManuelSikora: bets $6
Scheubi88: calls $6
*** SHOW DOWN ***
ManuelSikora: shows [5s 4s] (three of a kind, Fours)
Scheubi88: mucks hand
ManuelSikora collected $53.50 from pot
*** SUMMARY ***
Total pot $54 | Rake $0.50
Board [Jc Qs 4c 4d 7c]
Seat 1: Scheubi88 (button) (small blind) mucked
Seat 6: ManuelSikora (big blind) showed [5s 4s] and won ($53.50) with three of a kind, Fours


PokerStars Hand #158720368361:  Hold'em Limit ($3/$6 USD) - 2016/09/17 10:14:13 ET
Table 'Unukalhai' 6-max Seat #6 is the button
Seat 1: Scheubi88 ($129.64 in chips)
Seat 6: ManuelSikora ($104.69 in chips)
ManuelSikora: posts small blind $1
Scheubi88: posts big blind $3
*** HOLE CARDS ***
ManuelSikora: raises $3 to $6
Scheubi88: calls $3
*** FLOP *** [6c 3h 9c]
Scheubi88: checks
ManuelSikora: checks
*** TURN *** [6c 3h 9c] [Qc]
Scheubi88: bets $6
ManuelSikora: folds
Uncalled bet ($6) returned to Scheubi88
Scheubi88 collected $11.76 from pot
Scheubi88: doesn't show hand
*** SUMMARY ***
Total pot $12 | Rake $0.24
Board [6c 3h 9c Qc]
Seat 1: Scheubi88 (big blind) collected ($11.76)
Seat 6: ManuelSikora (button) (small blind) folded on the Turn


PokerStars Hand #158720442289:  Hold'em Limit ($3/$6 USD) - 2016/09/17 10:16:14 ET
Table 'Unukalhai' 6-max Seat #6 is the button
Seat 1: Scheubi88 ($159.40 in chips)
Seat 6: ManuelSikora ($136.19 in chips)
ManuelSikora: posts small blind $1
Scheubi88: posts big blind $3
*** HOLE CARDS ***
ManuelSikora: raises $3 to $6
Scheubi88: calls $3
*** FLOP *** [Ks 2d Kd]
Scheubi88: checks
ManuelSikora: bets $3
Scheubi88: raises $3 to $6
ManuelSikora: folds
Uncalled bet ($3) returned to Scheubi88
Scheubi88 collected $17.64 from pot
Scheubi88: doesn't show hand
*** SUMMARY ***
Total pot $18 | Rake $0.36
Board [Ks 2d Kd]
Seat 1: Scheubi88 (big blind) collected ($17.64)
Seat 6: ManuelSikora (button) (small blind) folded on the Flop


PokerStars Hand #158722789143:  Hold'em Limit ($3/$6 USD) - 2016/09/17 11:18:58 ET
Table 'Unukalhai' 6-max Seat #1 is the button
Seat 1: SmellyToes4u ($111.28 in chips)
Seat 6: swics1202 ($46.14 in chips)
SmellyToes4u: posts small blind $1
Maliance: is sitting out
swics1202: posts big blind $3
*** HOLE CARDS ***
Cuxy joins the table at seat #2
SmellyToes4u: raises $3 to $6
swics1202: calls $3
*** FLOP *** [3h 5h Jc]
swics1202: checks
SmellyToes4u: checks
*** TURN *** [3h 5h Jc] [Ks]
swics1202: bets $6
SmellyToes4u: folds
Uncalled bet ($6) returned to swics1202
swics1202 collected $11.76 from pot
swics1202: doesn't show hand
*** SUMMARY ***
Total pot $12 | Rake $0.24
Board [3h 5h Jc Ks]
Seat 1: SmellyToes4u (button) (small blind) folded on the Turn
Seat 6: swics1202 (big blind) collected ($11.76)


PokerStars Hand #158722805541:  Hold'em Limit ($3/$6 USD) - 2016/09/17 11:19:24 ET
Table 'Unukalhai' 6-max Seat #6 is the button
Seat 1: SmellyToes4u ($105.28 in chips)
Seat 6: swics1202 ($51.90 in chips)
swics1202: posts small blind $1
SmellyToes4u: posts big blind $3
*** HOLE CARDS ***
swics1202: raises $3 to $6
SmellyToes4u: calls $3
*** FLOP *** [Ks Kc 5h]
SmellyToes4u: checks
swics1202: bets $3
SmellyToes4u: calls $3
*** TURN *** [Ks Kc 5h] [9s]
SmellyToes4u: checks
swics1202: bets $6
SmellyToes4u: calls $6
*** RIVER *** [Ks Kc 5h 9s] [7d]
SmellyToes4u: checks
swics1202: bets $6
SmellyToes4u: calls $6
*** SHOW DOWN ***
swics1202: shows [9h 9c] (a full house, Nines full of Kings)
SmellyToes4u: mucks hand
swics1202 collected $41.50 from pot
*** SUMMARY ***
Total pot $42 | Rake $0.50
Board [Ks Kc 5h 9s 7d]
Seat 1: SmellyToes4u (big blind) mucked
Seat 6: swics1202 (button) (small blind) showed [9h 9c] and won ($41.50) with a full house, Nines full of Kings


PokerStars Hand #158724952474:  Hold'em Limit ($3/$6 USD) - 2016/09/17 12:14:18 ET
Table 'Unukalhai' 6-max Seat #1 is the button
Seat 1: SmellyToes4u ($165.45 in chips)
Seat 2: CrongCrong ($120 in chips)
SmellyToes4u: posts small blind $1
CrongCrong: posts big blind $3
*** HOLE CARDS ***
swics1202 joins the table at seat #6
SmellyToes4u: raises $3 to $6
CrongCrong: folds
Uncalled bet ($3) returned to SmellyToes4u
SmellyToes4u collected $6 from pot
SmellyToes4u: doesn't show hand
*** SUMMARY ***
Total pot $6 | Rake $0
Seat 1: SmellyToes4u (button) (small blind) collected ($6)
Seat 2: CrongCrong (big blind) folded before Flop


PokerStars Hand #158724934988:  Hold'em Limit ($3/$6 USD) - 2016/09/17 12:13:53 ET
Table 'Unukalhai' 6-max Seat #6 is the button
Seat 1: SmellyToes4u ($164.45 in chips)
Seat 6: swics1202 ($95.07 in chips)
swics1202: posts small blind $1
SmellyToes4u: posts big blind $3
*** HOLE CARDS ***
swics1202: folds
Uncalled bet ($2) returned to SmellyToes4u
SmellyToes4u collected $2 from pot
SmellyToes4u: doesn't show hand
*** SUMMARY ***
Total pot $2 | Rake $0
Seat 1: SmellyToes4u (big blind) collected ($2)
Seat 6: swics1202 (button) (small blind) folded before Flop


PokerStars Hand #158725065065:  Hold'em Limit ($3/$6 USD) - 2016/09/17 12:16:59 ET
Table 'Unukalhai' 6-max Seat #2 is the button
Seat 1: SmellyToes4u ($161.28 in chips)
Seat 2: CrongCrong ($110.07 in chips)
CrongCrong: posts small blind $1
SmellyToes4u: posts big blind $3
*** HOLE CARDS ***
CrongCrong: folds
Uncalled bet ($2) returned to SmellyToes4u
SmellyToes4u collected $2 from pot
SmellyToes4u: doesn't show hand
*** SUMMARY ***
Total pot $2 | Rake $0
Seat 1: SmellyToes4u (big blind) collected ($2)
Seat 2: CrongCrong (button) (small blind) folded before Flop


PokerStars Hand #158725068468:  Hold'em Limit ($3/$6 USD) - 2016/09/17 12:17:04 ET
Table 'Unukalhai' 6-max Seat #1 is the button
Seat 1: SmellyToes4u ($162.28 in chips)
Seat 2: CrongCrong ($109.07 in chips)
SmellyToes4u: posts small blind $1
CrongCrong: posts big blind $3
*** HOLE CARDS ***
SmellyToes4u: folds
Uncalled bet ($2) returned to CrongCrong
CrongCrong collected $2 from pot
CrongCrong: doesn't show hand
*** SUMMARY ***
Total pot $2 | Rake $0
Seat 1: SmellyToes4u (button) (small blind) folded before Flop
Seat 2: CrongCrong (big blind) collected ($2)


PokerStars Hand #158725073549:  Hold'em Limit ($3/$6 USD) - 2016/09/17 12:17:11 ET
Table 'Unukalhai' 6-max Seat #2 is the button
Seat 1: SmellyToes4u ($161.28 in chips)
Seat 2: CrongCrong ($110.07 in chips)
CrongCrong: posts small blind $1
SmellyToes4u: posts big blind $3
*** HOLE CARDS ***
CrongCrong: raises $3 to $6
SmellyToes4u: calls $3
*** FLOP *** [Jc Qd Jh]
SmellyToes4u: checks
CrongCrong: checks
*** TURN *** [Jc Qd Jh] [5s]
swics1202 leaves the table
SmellyToes4u: checks
CrongCrong: bets $6
SmellyToes4u: folds
Uncalled bet ($6) returned to CrongCrong
CrongCrong collected $11.76 from pot
CrongCrong: doesn't show hand
*** SUMMARY ***
Total pot $12 | Rake $0.24
Board [Jc Qd Jh 5s]
Seat 1: SmellyToes4u (big blind) folded on the Turn
Seat 2: CrongCrong (button) (small blind) collected ($11.76)


PokerStars Hand #158725090819:  Hold'em Limit ($3/$6 USD) - 2016/09/17 12:17:36 ET
Table 'Unukalhai' 6-max Seat #1 is the button
Seat 1: SmellyToes4u ($155.28 in chips)
Seat 2: CrongCrong ($115.83 in chips)
SmellyToes4u: posts small blind $1
CrongCrong: posts big blind $3
*** HOLE CARDS ***
SmellyToes4u: raises $3 to $6
CrongCrong: calls $3
*** FLOP *** [Js Qd 7c]
CrongCrong: checks
SmellyToes4u: bets $3
CrongCrong: raises $3 to $6
SmellyToes4u: folds
Uncalled bet ($3) returned to CrongCrong
CrongCrong collected $17.64 from pot
CrongCrong: doesn't show hand
*** SUMMARY ***
Total pot $18 | Rake $0.36
Board [Js Qd 7c]
Seat 1: SmellyToes4u (button) (small blind) folded on the Flop
Seat 2: CrongCrong (big blind) collected ($17.64)


