PokerStars Hand #174320283533:  Hold'em Limit ($3/$6 USD) - 2017/08/14 9:04:39 ET
Table 'Unukalhai' 6-max Seat #1 is the button
Seat 1: zimin10 ($103.02 in chips)
Seat 6: Artachok ($100.08 in chips)
zimin10: posts small blind $1
Rus29APX: is sitting out
Artachok: posts big blind $3
*** HOLE CARDS ***
zimin10: folds
Uncalled bet ($2) returned to Artachok
Artachok collected $2 from pot
Artachok: doesn't show hand
*** SUMMARY ***
Total pot $2 | Rake $0
Seat 1: zimin10 (button) (small blind) folded before Flop
Seat 6: Artachok (big blind) collected ($2)


PokerStars Hand #174320286954:  Hold'em Limit ($3/$6 USD) - 2017/08/14 9:04:46 ET
Table 'Unukalhai' 6-max Seat #6 is the button
Seat 1: zimin10 ($102.02 in chips)
Seat 6: Artachok ($101.08 in chips)
Artachok: posts small blind $1
zimin10: posts big blind $3
*** HOLE CARDS ***
Rus29APX leaves the table
Artachok: raises $3 to $6
zimin10: calls $3
*** FLOP *** [4h As Qh]
zimin10: checks
Artachok: bets $3
zimin10: calls $3
*** TURN *** [4h As Qh] [4c]
zimin10: checks
Artachok: checks
*** RIVER *** [4h As Qh 4c] [9s]
zimin10: bets $6
Artachok: calls $6
*** SHOW DOWN ***
zimin10: shows [Js 4d] (three of a kind, Fours)
Artachok: mucks hand
zimin10 collected $29.50 from pot
*** SUMMARY ***
Total pot $30 | Rake $0.50
Board [4h As Qh 4c 9s]
Seat 1: zimin10 (big blind) showed [Js 4d] and won ($29.50) with three of a kind, Fours
Seat 6: Artachok (button) (small blind) mucked


PokerStars Hand #174320325165:  Hold'em Limit ($3/$6 USD) - 2017/08/14 9:06:05 ET
Table 'Unukalhai' 6-max Seat #6 is the button
Seat 1: zimin10 ($104.52 in chips)
Seat 6: Artachok ($97.60 in chips)
Artachok: posts small blind $1
zimin10: posts big blind $3
*** HOLE CARDS ***
Artachok: folds
Uncalled bet ($2) returned to zimin10
zimin10 collected $2 from pot
*** SUMMARY ***
Total pot $2 | Rake $0
Seat 1: zimin10 (big blind) collected ($2)
Seat 6: Artachok (button) (small blind) folded before Flop


PokerStars Hand #174320304925:  Hold'em Limit ($3/$6 USD) - 2017/08/14 9:05:23 ET
Table 'Unukalhai' 6-max Seat #1 is the button
Seat 1: zimin10 ($116.52 in chips)
Seat 6: Artachok ($86.08 in chips)
zimin10: posts small blind $1
Artachok: posts big blind $3
*** HOLE CARDS ***
zimin10: raises $3 to $6
Artachok: raises $3 to $9
zimin10: calls $3
*** FLOP *** [Ts 4s 4d]
Artachok: bets $3
zimin10: calls $3
*** TURN *** [Ts 4s 4d] [Jh]
Artachok: bets $6
zimin10: folds
Uncalled bet ($6) returned to Artachok
Artachok collected $23.52 from pot
Artachok: doesn't show hand
*** SUMMARY ***
Total pot $24 | Rake $0.48
Board [Ts 4s 4d Jh]
Seat 1: zimin10 (button) (small blind) folded on the Turn
Seat 6: Artachok (big blind) collected ($23.52)


PokerStars Hand #174320346815:  Hold'em Limit ($3/$6 USD) - 2017/08/14 9:06:50 ET
Table 'Unukalhai' 6-max Seat #6 is the button
Seat 1: zimin10 ($90.52 in chips)
Seat 6: Artachok ($111.10 in chips)
Artachok: posts small blind $1
zimin10: posts big blind $3
*** HOLE CARDS ***
Artachok: raises $3 to $6
zimin10: calls $3
*** FLOP *** [3h 7h Jd]
zimin10: checks
Artachok: bets $3
zimin10: folds
Uncalled bet ($3) returned to Artachok
Artachok collected $11.76 from pot
Artachok: doesn't show hand
*** SUMMARY ***
Total pot $12 | Rake $0.24
Board [3h 7h Jd]
Seat 1: zimin10 (big blind) folded on the Flop
Seat 6: Artachok (button) (small blind) collected ($11.76)


PokerStars Hand #174320328764:  Hold'em Limit ($3/$6 USD) - 2017/08/14 9:06:13 ET
Table 'Unukalhai' 6-max Seat #1 is the button
Seat 1: zimin10 ($105.52 in chips)
Seat 6: Artachok ($96.60 in chips)
zimin10: posts small blind $1
Artachok: posts big blind $3
*** HOLE CARDS ***
zimin10: raises $3 to $6
Artachok: calls $3
*** FLOP *** [5d Js 6s]
Artachok: checks
zimin10: bets $3
Artachok: calls $3
*** TURN *** [5d Js 6s] [Kc]
Artachok: checks
zimin10: bets $6
Artachok: calls $6
*** RIVER *** [5d Js 6s Kc] [8c]
Artachok: checks
zimin10: checks
*** SHOW DOWN ***
Artachok: shows [Qh 5c] (a pair of Fives)
zimin10: mucks hand
Artachok collected $29.50 from pot
*** SUMMARY ***
Total pot $30 | Rake $0.50
Board [5d Js 6s Kc 8c]
Seat 1: zimin10 (button) (small blind) mucked
Seat 6: Artachok (big blind) showed [Qh 5c] and won ($29.50) with a pair of Fives


PokerStars Hand #174320384962:  Hold'em Limit ($3/$6 USD) - 2017/08/14 9:08:08 ET
Table 'Unukalhai' 6-max Seat #1 is the button
Seat 1: zimin10 ($98.92 in chips)
Seat 6: Artachok ($101.86 in chips)
zimin10: posts small blind $1
Artachok: posts big blind $3
*** HOLE CARDS ***
zimin10: raises $3 to $6
Artachok: folds
Uncalled bet ($3) returned to zimin10
zimin10 collected $6 from pot
*** SUMMARY ***
Total pot $6 | Rake $0
Seat 1: zimin10 (button) (small blind) collected ($6)
Seat 6: Artachok (big blind) folded before Flop


PokerStars Hand #174320371256:  Hold'em Limit ($3/$6 USD) - 2017/08/14 9:07:40 ET
Table 'Unukalhai' 6-max Seat #6 is the button
Seat 1: zimin10 ($90.28 in chips)
Seat 6: Artachok ($110.86 in chips)
Artachok: posts small blind $1
zimin10: posts big blind $3
*** HOLE CARDS ***
Artachok: raises $3 to $6
zimin10: raises $3 to $9
Artachok: calls $3
*** FLOP *** [8d Ad 5h]
zimin10: bets $3
Artachok: folds
Uncalled bet ($3) returned to zimin10
zimin10 collected $17.64 from pot
*** SUMMARY ***
Total pot $18 | Rake $0.36
Board [8d Ad 5h]
Seat 1: zimin10 (big blind) collected ($17.64)
Seat 6: Artachok (button) (small blind) folded on the Flop


PokerStars Hand #174320360248:  Hold'em Limit ($3/$6 USD) - 2017/08/14 9:07:17 ET
Table 'Unukalhai' 6-max Seat #1 is the button
Seat 1: zimin10 ($84.52 in chips)
Seat 6: Artachok ($116.86 in chips)
zimin10: posts small blind $1
Artachok: posts big blind $3
*** HOLE CARDS ***
zimin10: raises $3 to $6
Artachok: calls $3
*** FLOP *** [Jd 4s 9h]
Artachok: checks
zimin10: bets $3
Artachok: folds
Uncalled bet ($3) returned to zimin10
zimin10 collected $11.76 from pot
*** SUMMARY ***
Total pot $12 | Rake $0.24
Board [Jd 4s 9h]
Seat 1: zimin10 (button) (small blind) collected ($11.76)
Seat 6: Artachok (big blind) folded on the Flop


PokerStars Hand #174320410253:  Hold'em Limit ($3/$6 USD) - 2017/08/14 9:08:59 ET
Table 'Unukalhai' 6-max Seat #6 is the button
Seat 1: zimin10 ($87.92 in chips)
Seat 6: Artachok ($112.38 in chips)
Artachok: posts small blind $1
zimin10: posts big blind $3
*** HOLE CARDS ***
Artachok: raises $3 to $6
zimin10: folds
Uncalled bet ($3) returned to Artachok
Artachok collected $6 from pot
Artachok: doesn't show hand
*** SUMMARY ***
Total pot $6 | Rake $0
Seat 1: zimin10 (big blind) folded before Flop
Seat 6: Artachok (button) (small blind) collected ($6)


PokerStars Hand #174320400757:  Hold'em Limit ($3/$6 USD) - 2017/08/14 9:08:40 ET
Table 'Unukalhai' 6-max Seat #6 is the button
Seat 1: zimin10 ($94.92 in chips)
Seat 6: Artachok ($105.62 in chips)
Artachok: posts small blind $1
zimin10: posts big blind $3
*** HOLE CARDS ***
Artachok: raises $3 to $6
zimin10: calls $3
*** FLOP *** [Ah 5c 9c]
zimin10: checks
Artachok: bets $3
zimin10: folds
Uncalled bet ($3) returned to Artachok
Artachok collected $11.76 from pot
Artachok: doesn't show hand
*** SUMMARY ***
Total pot $12 | Rake $0.24
Board [Ah 5c 9c]
Seat 1: zimin10 (big blind) folded on the Flop
Seat 6: Artachok (button) (small blind) collected ($11.76)


PokerStars Hand #174320397908:  Hold'em Limit ($3/$6 USD) - 2017/08/14 9:08:34 ET
Table 'Unukalhai' 6-max Seat #1 is the button
Seat 1: zimin10 ($95.92 in chips)
Seat 6: Artachok ($104.62 in chips)
zimin10: posts small blind $1
Artachok: posts big blind $3
*** HOLE CARDS ***
zimin10: folds
Uncalled bet ($2) returned to Artachok
Artachok collected $2 from pot
Artachok: doesn't show hand
*** SUMMARY ***
Total pot $2 | Rake $0
Seat 1: zimin10 (button) (small blind) folded before Flop
Seat 6: Artachok (big blind) collected ($2)


PokerStars Hand #174320391939:  Hold'em Limit ($3/$6 USD) - 2017/08/14 9:08:22 ET
Table 'Unukalhai' 6-max Seat #6 is the button
Seat 1: zimin10 ($101.92 in chips)
Seat 6: Artachok ($98.86 in chips)
Artachok: posts small blind $1
zimin10: posts big blind $3
*** HOLE CARDS ***
Artachok: raises $3 to $6
zimin10: calls $3
*** FLOP *** [8d 9c 3d]
zimin10: checks
Artachok: bets $3
zimin10: folds
Uncalled bet ($3) returned to Artachok
Artachok collected $11.76 from pot
Artachok: doesn't show hand
*** SUMMARY ***
Total pot $12 | Rake $0.24
Board [8d 9c 3d]
Seat 1: zimin10 (big blind) folded on the Flop
Seat 6: Artachok (button) (small blind) collected ($11.76)


PokerStars Hand #174320450280:  Hold'em Limit ($3/$6 USD) - 2017/08/14 9:10:20 ET
Table 'Unukalhai' 6-max Seat #6 is the button
Seat 1: zimin10 ($125.92 in chips)
Seat 6: Artachok ($73.38 in chips)
Artachok: posts small blind $1
zimin10: posts big blind $3
*** HOLE CARDS ***
Artachok: raises $3 to $6
zimin10: calls $3
*** FLOP *** [7s 9h 7d]
zimin10: checks
Artachok: bets $3
zimin10: folds
Uncalled bet ($3) returned to Artachok
Artachok collected $11.76 from pot
Artachok: doesn't show hand
*** SUMMARY ***
Total pot $12 | Rake $0.24
Board [7s 9h 7d]
Seat 1: zimin10 (big blind) folded on the Flop
Seat 6: Artachok (button) (small blind) collected ($11.76)


PokerStars Hand #174320439790:  Hold'em Limit ($3/$6 USD) - 2017/08/14 9:09:59 ET
Table 'Unukalhai' 6-max Seat #1 is the button
Seat 1: zimin10 ($102.42 in chips)
Seat 6: Artachok ($97.38 in chips)
zimin10: posts small blind $1
Artachok: posts big blind $3
*** HOLE CARDS ***
zimin10: raises $3 to $6
Artachok: raises $3 to $9
zimin10: calls $3
*** FLOP *** [8d 7d As]
Artachok: bets $3
zimin10: calls $3
*** TURN *** [8d 7d As] [3c]
Artachok: bets $6
zimin10: calls $6
*** RIVER *** [8d 7d As 3c] [Qs]
Artachok: bets $6
zimin10: raises $6 to $12
Artachok: folds
Uncalled bet ($6) returned to zimin10
zimin10 collected $47.50 from pot
*** SUMMARY ***
Total pot $48 | Rake $0.50
Board [8d 7d As 3c Qs]
Seat 1: zimin10 (button) (small blind) collected ($47.50)
Seat 6: Artachok (big blind) folded on the River


PokerStars Hand #174320430152:  Hold'em Limit ($3/$6 USD) - 2017/08/14 9:09:39 ET
Table 'Unukalhai' 6-max Seat #6 is the button
Seat 1: zimin10 ($105.42 in chips)
Seat 6: Artachok ($94.38 in chips)
Artachok: posts small blind $1
zimin10: posts big blind $3
*** HOLE CARDS ***
Artachok: folds
Uncalled bet ($2) returned to zimin10
zimin10 collected $2 from pot
*** SUMMARY ***
Total pot $2 | Rake $0
Seat 1: zimin10 (big blind) collected ($2)
Seat 6: Artachok (button) (small blind) folded before Flop


PokerStars Hand #174320436549:  Hold'em Limit ($3/$6 USD) - 2017/08/14 9:09:52 ET
Table 'Unukalhai' 6-max Seat #6 is the button
Seat 1: zimin10 ($105.42 in chips)
Seat 6: Artachok ($94.38 in chips)
Artachok: posts small blind $1
zimin10: posts big blind $3
*** HOLE CARDS ***
Artachok: raises $3 to $6
zimin10: folds
Uncalled bet ($3) returned to Artachok
Artachok collected $6 from pot
Artachok: doesn't show hand
*** SUMMARY ***
Total pot $6 | Rake $0
Seat 1: zimin10 (big blind) folded before Flop
Seat 6: Artachok (button) (small blind) collected ($6)


PokerStars Hand #174320418664:  Hold'em Limit ($3/$6 USD) - 2017/08/14 9:09:16 ET
Table 'Unukalhai' 6-max Seat #1 is the button
Seat 1: zimin10 ($84.92 in chips)
Seat 6: Artachok ($115.38 in chips)
zimin10: posts small blind $1
Artachok: posts big blind $3
*** HOLE CARDS ***
zimin10: raises $3 to $6
Artachok: calls $3
*** FLOP *** [Ts 3d 9s]
Artachok: checks
zimin10: bets $3
Artachok: calls $3
*** TURN *** [Ts 3d 9s] [4c]
Artachok: checks
zimin10: bets $6
Artachok: calls $6
*** RIVER *** [Ts 3d 9s 4c] [Qc]
Artachok: checks
zimin10: bets $6
Artachok: calls $6
*** SHOW DOWN ***
zimin10: shows [Kc Jh] (a straight, Nine to King)
Artachok: mucks hand
zimin10 collected $41.50 from pot
*** SUMMARY ***
Total pot $42 | Rake $0.50
Board [Ts 3d 9s 4c Qc]
Seat 1: zimin10 (button) (small blind) showed [Kc Jh] and won ($41.50) with a straight, Nine to King
Seat 6: Artachok (big blind) mucked


PokerStars Hand #174320462599:  Hold'em Limit ($3/$6 USD) - 2017/08/14 9:10:45 ET
Table 'Unukalhai' 6-max Seat #6 is the button
Seat 1: zimin10 ($128.56 in chips)
Seat 6: Artachok ($70.14 in chips)
Artachok: posts small blind $1
zimin10: posts big blind $3
*** HOLE CARDS ***
Artachok: raises $3 to $6
zimin10: calls $3
*** FLOP *** [Kh Qd 7s]
zimin10: checks
Artachok: bets $3
zimin10: calls $3
*** TURN *** [Kh Qd 7s] [3c]
zimin10: checks
Artachok: bets $6
zimin10: calls $6
*** RIVER *** [Kh Qd 7s 3c] [8s]
zimin10: checks
Artachok: checks
*** SHOW DOWN ***
zimin10: shows [5c 7d] (a pair of Sevens)
Artachok: mucks hand
zimin10 collected $29.50 from pot
*** SUMMARY ***
Total pot $30 | Rake $0.50
Board [Kh Qd 7s 3c 8s]
Seat 1: zimin10 (big blind) showed [5c 7d] and won ($29.50) with a pair of Sevens
Seat 6: Artachok (button) (small blind) mucked


PokerStars Hand #174320454716:  Hold'em Limit ($3/$6 USD) - 2017/08/14 9:10:29 ET
Table 'Unukalhai' 6-max Seat #1 is the button
Seat 1: zimin10 ($119.92 in chips)
Seat 6: Artachok ($79.14 in chips)
zimin10: posts small blind $1
Artachok: posts big blind $3
*** HOLE CARDS ***
zimin10: raises $3 to $6
Artachok: calls $3
*** FLOP *** [5c Th 7c]
Artachok: checks
zimin10: bets $3
Artachok: calls $3
*** TURN *** [5c Th 7c] [Jc]
Artachok: checks
zimin10: bets $6
Artachok: folds
Uncalled bet ($6) returned to zimin10
zimin10 collected $17.64 from pot
*** SUMMARY ***
Total pot $18 | Rake $0.36
Board [5c Th 7c Jc]
Seat 1: zimin10 (button) (small blind) collected ($17.64)
Seat 6: Artachok (big blind) folded on the Turn


PokerStars Hand #174320507079:  Hold'em Limit ($3/$6 USD) - 2017/08/14 9:12:15 ET
Table 'Unukalhai' 6-max Seat #6 is the button
Seat 1: zimin10 ($121.46 in chips)
Seat 6: Artachok ($75.64 in chips)
Artachok: posts small blind $1
zimin10: posts big blind $3
*** HOLE CARDS ***
Artachok: raises $3 to $6
zimin10: calls $3
*** FLOP *** [9h 7s Kc]
zimin10: checks
Artachok: bets $3
zimin10: calls $3
*** TURN *** [9h 7s Kc] [3c]
zimin10: checks
Artachok: bets $6
zimin10: calls $6
*** RIVER *** [9h 7s Kc 3c] [2d]
zimin10: checks
Artachok: checks
*** SHOW DOWN ***
zimin10: shows [As 7c] (a pair of Sevens)
Artachok: mucks hand
zimin10 collected $29.50 from pot
*** SUMMARY ***
Total pot $30 | Rake $0.50
Board [9h 7s Kc 3c 2d]
Seat 1: zimin10 (big blind) showed [As 7c] and won ($29.50) with a pair of Sevens
Seat 6: Artachok (button) (small blind) mucked


PokerStars Hand #174320487584:  Hold'em Limit ($3/$6 USD) - 2017/08/14 9:11:36 ET
Table 'Unukalhai' 6-max Seat #6 is the button
Seat 1: zimin10 ($148.82 in chips)
Seat 6: Artachok ($49.14 in chips)
Artachok: posts small blind $1
zimin10: posts big blind $3
*** HOLE CARDS ***
Artachok: raises $3 to $6
zimin10: calls $3
*** FLOP *** [4d 8s Qc]
zimin10: checks
Artachok: bets $3
zimin10: raises $3 to $6
Artachok: folds
Uncalled bet ($3) returned to zimin10
zimin10 collected $17.64 from pot
*** SUMMARY ***
Total pot $18 | Rake $0.36
Board [4d 8s Qc]
Seat 1: zimin10 (big blind) collected ($17.64)
Seat 6: Artachok (button) (small blind) folded on the Flop


PokerStars Hand #174320494637:  Hold'em Limit ($3/$6 USD) - 2017/08/14 9:11:50 ET
Table 'Unukalhai' 6-max Seat #1 is the button
Seat 1: zimin10 ($157.46 in chips)
Seat 6: Artachok ($40.14 in chips)
zimin10: posts small blind $1
Artachok: posts big blind $3
*** HOLE CARDS ***
zimin10: raises $3 to $6
Artachok: raises $3 to $9
zimin10: calls $3
*** FLOP *** [5c 3h 8s]
Artachok: bets $3
zimin10: calls $3
*** TURN *** [5c 3h 8s] [Jh]
Artachok: bets $6
zimin10: raises $6 to $12
Artachok: raises $6 to $18
zimin10: calls $6
*** RIVER *** [5c 3h 8s Jh] [2h]
Artachok: bets $6
zimin10: calls $6
*** SHOW DOWN ***
Artachok: shows [Ah 5h] (a flush, Ace high)
zimin10: mucks hand
Artachok collected $71.50 from pot
*** SUMMARY ***
Total pot $72 | Rake $0.50
Board [5c 3h 8s Jh 2h]
Seat 1: zimin10 (button) (small blind) mucked
Seat 6: Artachok (big blind) showed [Ah 5h] and won ($71.50) with a flush, Ace high


PokerStars Hand #174320481865:  Hold'em Limit ($3/$6 USD) - 2017/08/14 9:11:25 ET
Table 'Unukalhai' 6-max Seat #1 is the button
Seat 1: zimin10 ($143.06 in chips)
Seat 6: Artachok ($55.14 in chips)
zimin10: posts small blind $1
Artachok: posts big blind $3
*** HOLE CARDS ***
zimin10: raises $3 to $6
Artachok: calls $3
*** FLOP *** [As 9d 7c]
Artachok: checks
zimin10: bets $3
Artachok: folds
Uncalled bet ($3) returned to zimin10
zimin10 collected $11.76 from pot
*** SUMMARY ***
Total pot $12 | Rake $0.24
Board [As 9d 7c]
Seat 1: zimin10 (button) (small blind) collected ($11.76)
Seat 6: Artachok (big blind) folded on the Flop


PokerStars Hand #174320519020:  Hold'em Limit ($3/$6 USD) - 2017/08/14 9:12:39 ET
Table 'Unukalhai' 6-max Seat #6 is the button
Seat 1: zimin10 ($138.96 in chips)
Seat 6: Artachok ($57.64 in chips)
Artachok: posts small blind $1
zimin10: posts big blind $3
*** HOLE CARDS ***
Artachok: raises $3 to $6
zimin10: calls $3
*** FLOP *** [Qs 6d Th]
zimin10: checks
Artachok: bets $3
zimin10: calls $3
*** TURN *** [Qs 6d Th] [Td]
zimin10: checks
Artachok: bets $6
zimin10: calls $6
*** RIVER *** [Qs 6d Th Td] [Jc]
zimin10: checks
Artachok: checks
*** SHOW DOWN ***
zimin10: shows [3h Qh] (two pair, Queens and Tens)
Artachok: shows [6h Qc] (two pair, Queens and Tens)
zimin10 collected $14.75 from pot
Artachok collected $14.75 from pot
*** SUMMARY ***
Total pot $30 | Rake $0.50
Board [Qs 6d Th Td Jc]
Seat 1: zimin10 (big blind) showed [3h Qh] and won ($14.75) with two pair, Queens and Tens
Seat 6: Artachok (button) (small blind) showed [6h Qc] and won ($14.75) with two pair, Queens and Tens


PokerStars Hand #174320530007:  Hold'em Limit ($3/$6 USD) - 2017/08/14 9:13:02 ET
Table 'Unukalhai' 6-max Seat #1 is the button
Seat 1: zimin10 ($138.71 in chips)
Seat 6: Artachok ($57.39 in chips)
zimin10: posts small blind $1
Artachok: posts big blind $3
*** HOLE CARDS ***
zimin10: raises $3 to $6
Artachok: raises $3 to $9
zimin10: calls $3
*** FLOP *** [2c 7c Kh]
Artachok: bets $3
zimin10: calls $3
*** TURN *** [2c 7c Kh] [8h]
Artachok: bets $6
zimin10: calls $6
*** RIVER *** [2c 7c Kh 8h] [Tc]
Artachok: checks
zimin10: bets $6
Artachok: calls $6
*** SHOW DOWN ***
zimin10: shows [Ac 6c] (a flush, Ace high)
Artachok: mucks hand
zimin10 collected $47.50 from pot
*** SUMMARY ***
Total pot $48 | Rake $0.50
Board [2c 7c Kh 8h Tc]
Seat 1: zimin10 (button) (small blind) showed [Ac 6c] and won ($47.50) with a flush, Ace high
Seat 6: Artachok (big blind) mucked


PokerStars Hand #174320552248:  Hold'em Limit ($3/$6 USD) - 2017/08/14 9:13:28 ET
Table 'Unukalhai' 6-max Seat #6 is the button
Seat 1: zimin10 ($162.21 in chips)
Seat 6: Artachok ($33.39 in chips)
Artachok: posts small blind $1
zimin10: posts big blind $3
*** HOLE CARDS ***
Artachok: raises $3 to $6
zimin10: folds
Uncalled bet ($3) returned to Artachok
Artachok collected $6 from pot
Artachok: doesn't show hand
*** SUMMARY ***
Total pot $6 | Rake $0
Seat 1: zimin10 (big blind) folded before Flop
Seat 6: Artachok (button) (small blind) collected ($6)


PokerStars Hand #174320566126:  Hold'em Limit ($3/$6 USD) - 2017/08/14 9:13:56 ET
Table 'Unukalhai' 6-max Seat #6 is the button
Seat 1: zimin10 ($182.71 in chips)
Seat 6: Artachok ($12.39 in chips)
Artachok: posts small blind $1
zimin10: posts big blind $3
*** HOLE CARDS ***
Artachok: raises $3 to $6
zimin10: calls $3
*** FLOP *** [Ac Js 9s]
zimin10: checks
Artachok: bets $3
zimin10: raises $3 to $6
Artachok: folds
Uncalled bet ($3) returned to zimin10
zimin10 collected $17.64 from pot
*** SUMMARY ***
Total pot $18 | Rake $0.36
Board [Ac Js 9s]
Seat 1: zimin10 (big blind) collected ($17.64)
Seat 6: Artachok (button) (small blind) folded on the Flop


PokerStars Hand #174320554901:  Hold'em Limit ($3/$6 USD) - 2017/08/14 9:13:33 ET
Table 'Unukalhai' 6-max Seat #1 is the button
Seat 1: zimin10 ($159.21 in chips)
Seat 6: Artachok ($36.39 in chips)
zimin10: posts small blind $1
Artachok: posts big blind $3
*** HOLE CARDS ***
zimin10: raises $3 to $6
Artachok: raises $3 to $9
zimin10: calls $3
*** FLOP *** [4s 3c 3h]
Artachok: bets $3
zimin10: calls $3
*** TURN *** [4s 3c 3h] [Jc]
Artachok: bets $6
zimin10: calls $6
*** RIVER *** [4s 3c 3h Jc] [2d]
Artachok: bets $6
zimin10: calls $6
*** SHOW DOWN ***
Artachok: shows [6h Ah] (a pair of Threes)
zimin10: shows [2c Kd] (two pair, Threes and Deuces)
zimin10 collected $47.50 from pot
*** SUMMARY ***
Total pot $48 | Rake $0.50
Board [4s 3c 3h Jc 2d]
Seat 1: zimin10 (button) (small blind) showed [2c Kd] and won ($47.50) with two pair, Threes and Deuces
Seat 6: Artachok (big blind) showed [6h Ah] and lost with a pair of Threes


PokerStars Hand #174320596316:  Hold'em Limit ($3/$6 USD) - 2017/08/14 9:14:57 ET
Table 'Unukalhai' 6-max Seat #6 is the button
Seat 1: zimin10 ($209.63 in chips)
Seat 6: Artachok ($54.83 in chips)
Artachok: posts small blind $1
zimin10: posts big blind $3
*** HOLE CARDS ***
Artachok: raises $3 to $6
zimin10: calls $3
*** FLOP *** [2h 5c Ts]
zimin10: checks
Artachok: bets $3
zimin10: calls $3
*** TURN *** [2h 5c Ts] [6c]
zimin10: checks
Artachok: bets $6
zimin10: calls $6
*** RIVER *** [2h 5c Ts 6c] [Qd]
zimin10: checks
Artachok: bets $6
zimin10: calls $6
*** SHOW DOWN ***
Artachok: shows [Td Th] (three of a kind, Tens)
zimin10: mucks hand
Artachok collected $41.50 from pot
*** SUMMARY ***
Total pot $42 | Rake $0.50
Board [2h 5c Ts 6c Qd]
Seat 1: zimin10 (big blind) mucked
Seat 6: Artachok (button) (small blind) showed [Td Th] and won ($41.50) with three of a kind, Tens


PokerStars Hand #174320586009:  Hold'em Limit ($3/$6 USD) - 2017/08/14 9:14:36 ET
Table 'Unukalhai' 6-max Seat #1 is the button
Seat 1: zimin10 ($200.99 in chips)
Seat 6: Artachok ($63.83 in chips)
zimin10: posts small blind $1
Artachok: posts big blind $3
*** HOLE CARDS ***
zimin10: raises $3 to $6
Artachok: calls $3
*** FLOP *** [3c Jc 4s]
Artachok: checks
zimin10: bets $3
Artachok: calls $3
*** TURN *** [3c Jc 4s] [Kc]
Artachok: checks
zimin10: bets $6
Artachok: folds
Uncalled bet ($6) returned to zimin10
zimin10 collected $17.64 from pot
*** SUMMARY ***
Total pot $18 | Rake $0.36
Board [3c Jc 4s Kc]
Seat 1: zimin10 (button) (small blind) collected ($17.64)
Seat 6: Artachok (big blind) folded on the Turn


PokerStars Hand #174320583592:  Hold'em Limit ($3/$6 USD) - 2017/08/14 9:14:31 ET
Table 'Unukalhai' 6-max Seat #6 is the button
Seat 1: zimin10 ($199.99 in chips)
Seat 6: Artachok ($64.83 in chips)
Artachok: posts small blind $1
zimin10: posts big blind $3
*** HOLE CARDS ***
Artachok: folds
Uncalled bet ($2) returned to zimin10
zimin10 collected $2 from pot
*** SUMMARY ***
Total pot $2 | Rake $0
Seat 1: zimin10 (big blind) collected ($2)
Seat 6: Artachok (button) (small blind) folded before Flop


PokerStars Hand #174320573068:  Hold'em Limit ($3/$6 USD) - 2017/08/14 9:14:10 ET
Table 'Unukalhai' 6-max Seat #1 is the button
Seat 1: zimin10 ($191.35 in chips)
Seat 6: Artachok ($73.83 in chips)
zimin10: posts small blind $1
Artachok: posts big blind $3
*** HOLE CARDS ***
zimin10: raises $3 to $6
Artachok: calls $3
*** FLOP *** [2d 9s Td]
Artachok: checks
zimin10: bets $3
Artachok: calls $3
*** TURN *** [2d 9s Td] [3c]
Artachok: checks
zimin10: bets $6
Artachok: folds
Uncalled bet ($6) returned to zimin10
zimin10 collected $17.64 from pot
*** SUMMARY ***
Total pot $18 | Rake $0.36
Board [2d 9s Td 3c]
Seat 1: zimin10 (button) (small blind) collected ($17.64)
Seat 6: Artachok (big blind) folded on the Turn


PokerStars Hand #174320613343:  Hold'em Limit ($3/$6 USD) - 2017/08/14 9:15:31 ET
Table 'Unukalhai' 6-max Seat #6 is the button
Seat 1: zimin10 ($191.63 in chips)
Seat 6: Artachok ($72.33 in chips)
Artachok: posts small blind $1
zimin10: posts big blind $3
*** HOLE CARDS ***
Artachok: folds
Uncalled bet ($2) returned to zimin10
zimin10 collected $2 from pot
*** SUMMARY ***
Total pot $2 | Rake $0
Seat 1: zimin10 (big blind) collected ($2)
Seat 6: Artachok (button) (small blind) folded before Flop


PokerStars Hand #174320615817:  Hold'em Limit ($3/$6 USD) - 2017/08/14 9:15:36 ET
Table 'Unukalhai' 6-max Seat #1 is the button
Seat 1: zimin10 ($192.63 in chips)
Seat 6: Artachok ($71.33 in chips)
zimin10: posts small blind $1
Artachok: posts big blind $3
*** HOLE CARDS ***
zimin10: raises $3 to $6
Artachok: raises $3 to $9
zimin10: calls $3
*** FLOP *** [Jd Qh 4c]
Artachok: bets $3
zimin10: calls $3
*** TURN *** [Jd Qh 4c] [2c]
Artachok: bets $6
zimin10: calls $6
*** RIVER *** [Jd Qh 4c 2c] [6h]
Artachok: bets $6
zimin10: calls $6
*** SHOW DOWN ***
Artachok: shows [Jc 7d] (a pair of Jacks)
zimin10: mucks hand
Artachok collected $47.50 from pot
*** SUMMARY ***
Total pot $48 | Rake $0.50
Board [Jd Qh 4c 2c 6h]
Seat 1: zimin10 (button) (small blind) mucked
Seat 6: Artachok (big blind) showed [Jc 7d] and won ($47.50) with a pair of Jacks


PokerStars Hand #174320627406:  Hold'em Limit ($3/$6 USD) - 2017/08/14 9:15:59 ET
Table 'Unukalhai' 6-max Seat #6 is the button
Seat 1: zimin10 ($168.63 in chips)
Seat 6: Artachok ($94.83 in chips)
Artachok: posts small blind $1
zimin10: posts big blind $3
*** HOLE CARDS ***
Artachok: raises $3 to $6
zimin10: calls $3
*** FLOP *** [4c 8c 7h]
zimin10: checks
Artachok: bets $3
zimin10: calls $3
*** TURN *** [4c 8c 7h] [Tc]
zimin10: checks
Artachok: bets $6
zimin10: calls $6
*** RIVER *** [4c 8c 7h Tc] [Td]
zimin10: checks
Artachok: bets $6
zimin10: calls $6
*** SHOW DOWN ***
Artachok: shows [Ac Ad] (two pair, Aces and Tens)
zimin10: mucks hand
Geringste1 joins the table at seat #3
Artachok collected $41.50 from pot
*** SUMMARY ***
Total pot $42 | Rake $0.50
Board [4c 8c 7h Tc Td]
Seat 1: zimin10 (big blind) mucked
Seat 6: Artachok (button) (small blind) showed [Ac Ad] and won ($41.50) with two pair, Aces and Tens


PokerStars Hand #174323041546:  Hold'em Limit ($3/$6 USD) - 2017/08/14 10:34:49 ET
Table 'Unukalhai' 6-max Seat #6 is the button
Seat 5: Kikimor1220 ($182.11 in chips)
Seat 6: bAAchi ($190.24 in chips)
bAAchi: posts small blind $1
Velbor107: is sitting out
belik555: is sitting out
Kikimor1220: posts big blind $3
*** HOLE CARDS ***
Velbor107 leaves the table
bAAchi: raises $3 to $6
Kikimor1220: raises $3 to $9
bAAchi: raises $3 to $12
Betting is capped
belik555 leaves the table
Kikimor1220: calls $3
*** FLOP *** [9h Kc Js]
Velbor107 joins the table at seat #1
Kikimor1220: checks
bAAchi: bets $3
Kikimor1220: calls $3
*** TURN *** [9h Kc Js] [5h]
Kikimor1220: checks
bAAchi: checks
*** RIVER *** [9h Kc Js 5h] [Qd]
Kikimor1220: checks
bAAchi: checks
*** SHOW DOWN ***
Kikimor1220: shows [4h 4c] (a pair of Fours)
bAAchi: mucks hand
Kikimor1220 collected $29.50 from pot
*** SUMMARY ***
Total pot $30 | Rake $0.50
Board [9h Kc Js 5h Qd]
Seat 5: Kikimor1220 (big blind) showed [4h 4c] and won ($29.50) with a pair of Fours
Seat 6: bAAchi (button) (small blind) mucked


