PokerStars Hand #147197220252:  Hold'em Limit ($3/$6 USD) - 2016/01/17 11:04:38 ET
Table 'Unuk' 6-max Seat #3 is the button
Seat 3: Puzanchik 11 ($73.40 in chips)
Seat 4: kolaz03 ($75 in chips)
Puzanchik 11: posts small blind $1
kolaz03: posts big blind $3
*** HOLE CARDS ***
Puzanchik 11: raises $3 to $6
kolaz03: calls $3
*** FLOP *** [9s 4s 5d]
kolaz03: checks
Puzanchik 11: checks
*** TURN *** [9s 4s 5d] [Qh]
kolaz03: checks
Puzanchik 11: bets $6
kolaz03: calls $6
*** RIVER *** [9s 4s 5d Qh] [Tc]
kolaz03: checks
Puzanchik 11: bets $6
kolaz03: folds
Uncalled bet ($6) returned to Puzanchik 11
Puzanchik 11 collected $23.52 from pot
*** SUMMARY ***
Total pot $24 | Rake $0.48
Board [9s 4s 5d Qh Tc]
Seat 3: Puzanchik 11 (button) (small blind) collected ($23.52)
Seat 4: kolaz03 (big blind) folded on the River


PokerStars Hand #147197212957:  Hold'em Limit ($3/$6 USD) - 2016/01/17 11:04:31 ET
Table 'Unuk' 6-max Seat #4 is the button
Seat 3: Puzanchik 11 ($76.40 in chips)
Seat 4: kolaz03 ($72 in chips)
kolaz03: posts small blind $1
Puzanchik 11: posts big blind $3
*** HOLE CARDS ***
kolaz03: raises $3 to $6
Puzanchik 11: folds
Uncalled bet ($3) returned to kolaz03
kolaz03 collected $6 from pot
kolaz03: doesn't show hand
*** SUMMARY ***
Total pot $6 | Rake $0
Seat 3: Puzanchik 11 (big blind) folded before Flop
Seat 4: kolaz03 (button) (small blind) collected ($6)


PokerStars Hand #147197199286:  Hold'em Limit ($3/$6 USD) - 2016/01/17 11:04:16 ET
Table 'Unuk' 6-max Seat #3 is the button
Seat 3: Puzanchik 11 ($73.40 in chips)
Seat 4: kolaz03 ($72 in chips)
Puzanchik 11: posts small blind $1
kolaz03: posts big blind $3
*** HOLE CARDS ***
Puzanchik 11: raises $3 to $6
kolaz03: folds
Uncalled bet ($3) returned to Puzanchik 11
Puzanchik 11 collected $6 from pot
*** SUMMARY ***
Total pot $6 | Rake $0
Seat 3: Puzanchik 11 (button) (small blind) collected ($6)
Seat 4: kolaz03 (big blind) folded before Flop


PokerStars Hand #147197293542:  Hold'em Limit ($3/$6 USD) - 2016/01/17 11:05:52 ET
Table 'Unuk' 6-max Seat #4 is the button
Seat 3: Puzanchik 11 ($102.42 in chips)
Seat 4: kolaz03 ($73 in chips)
kolaz03: posts small blind $1
Puzanchik 11: posts big blind $3
*** HOLE CARDS ***
kolaz03: raises $3 to $6
Puzanchik 11: folds
Uncalled bet ($3) returned to kolaz03
kolaz03 collected $6 from pot
kolaz03: doesn't show hand
*** SUMMARY ***
Total pot $6 | Rake $0
Seat 3: Puzanchik 11 (big blind) folded before Flop
Seat 4: kolaz03 (button) (small blind) collected ($6)


PokerStars Hand #147197288094:  Hold'em Limit ($3/$6 USD) - 2016/01/17 11:05:47 ET
Table 'Unuk' 6-max Seat #3 is the button
Seat 3: Puzanchik 11 ($103.42 in chips)
Seat 4: kolaz03 ($72 in chips)
Puzanchik 11: posts small blind $1
kolaz03: posts big blind $3
*** HOLE CARDS ***
Puzanchik 11: folds
Uncalled bet ($2) returned to kolaz03
kolaz03 collected $2 from pot
kolaz03: doesn't show hand
*** SUMMARY ***
Total pot $2 | Rake $0
Seat 3: Puzanchik 11 (button) (small blind) folded before Flop
Seat 4: kolaz03 (big blind) collected ($2)


PokerStars Hand #147197269091:  Hold'em Limit ($3/$6 USD) - 2016/01/17 11:05:28 ET
Table 'Unuk' 6-max Seat #4 is the button
Seat 3: Puzanchik 11 ($88.92 in chips)
Seat 4: kolaz03 ($73 in chips)
kolaz03: posts small blind $1
Puzanchik 11: posts big blind $3
*** HOLE CARDS ***
kolaz03: raises $3 to $6
Puzanchik 11: calls $3
*** FLOP *** [5c 5s 7c]
Puzanchik 11: bets $3
kolaz03: calls $3
*** TURN *** [5c 5s 7c] [Kh]
Puzanchik 11: bets $6
kolaz03: calls $6
*** RIVER *** [5c 5s 7c Kh] [Jc]
Puzanchik 11: checks
kolaz03: checks
*** SHOW DOWN ***
Puzanchik 11: shows [7d 6s] (two pair, Sevens and Fives)
kolaz03: mucks hand
Puzanchik 11 collected $29.50 from pot
*** SUMMARY ***
Total pot $30 | Rake $0.50
Board [5c 5s 7c Kh Jc]
Seat 3: Puzanchik 11 (big blind) showed [7d 6s] and won ($29.50) with two pair, Sevens and Fives
Seat 4: kolaz03 (button) (small blind) mucked


PokerStars Hand #147197264199:  Hold'em Limit ($3/$6 USD) - 2016/01/17 11:05:22 ET
Table 'Unuk' 6-max Seat #3 is the button
Seat 3: Puzanchik 11 ($89.92 in chips)
Seat 4: kolaz03 ($72 in chips)
Puzanchik 11: posts small blind $1
kolaz03: posts big blind $3
*** HOLE CARDS ***
Puzanchik 11: folds
Uncalled bet ($2) returned to kolaz03
kolaz03 collected $2 from pot
kolaz03: doesn't show hand
*** SUMMARY ***
Total pot $2 | Rake $0
Seat 3: Puzanchik 11 (button) (small blind) folded before Flop
Seat 4: kolaz03 (big blind) collected ($2)


PokerStars Hand #147197257216:  Hold'em Limit ($3/$6 USD) - 2016/01/17 11:05:15 ET
Table 'Unuk' 6-max Seat #4 is the button
Seat 3: Puzanchik 11 ($88.92 in chips)
Seat 4: kolaz03 ($72 in chips)
kolaz03: posts small blind $1
Puzanchik 11: posts big blind $3
*** HOLE CARDS ***
kolaz03: folds
Uncalled bet ($2) returned to Puzanchik 11
Puzanchik 11 collected $2 from pot
*** SUMMARY ***
Total pot $2 | Rake $0
Seat 3: Puzanchik 11 (big blind) collected ($2)
Seat 4: kolaz03 (button) (small blind) folded before Flop


PokerStars Hand #147197247699:  Hold'em Limit ($3/$6 USD) - 2016/01/17 11:05:06 ET
Table 'Unuk' 6-max Seat #3 is the button
Seat 3: Puzanchik 11 ($85.92 in chips)
Seat 4: kolaz03 ($72 in chips)
Puzanchik 11: posts small blind $1
kolaz03: posts big blind $3
*** HOLE CARDS ***
Puzanchik 11: raises $3 to $6
kolaz03: folds
Uncalled bet ($3) returned to Puzanchik 11
Puzanchik 11 collected $6 from pot
*** SUMMARY ***
Total pot $6 | Rake $0
Seat 3: Puzanchik 11 (button) (small blind) collected ($6)
Seat 4: kolaz03 (big blind) folded before Flop


PokerStars Hand #147197240554:  Hold'em Limit ($3/$6 USD) - 2016/01/17 11:04:59 ET
Table 'Unuk' 6-max Seat #4 is the button
Seat 3: Puzanchik 11 ($84.92 in chips)
Seat 4: kolaz03 ($72 in chips)
kolaz03: posts small blind $1
Puzanchik 11: posts big blind $3
*** HOLE CARDS ***
kolaz03: folds
Uncalled bet ($2) returned to Puzanchik 11
Puzanchik 11 collected $2 from pot
*** SUMMARY ***
Total pot $2 | Rake $0
Seat 3: Puzanchik 11 (big blind) collected ($2)
Seat 4: kolaz03 (button) (small blind) folded before Flop


PokerStars Hand #147197299196:  Hold'em Limit ($3/$6 USD) - 2016/01/17 11:05:58 ET
Table 'Unuk' 6-max Seat #3 is the button
Seat 3: Puzanchik 11 ($99.42 in chips)
Seat 4: kolaz03 ($76 in chips)
Puzanchik 11: posts small blind $1
kolaz03: posts big blind $3
*** HOLE CARDS ***
Puzanchik 11: raises $3 to $6
kolaz03: folds
Uncalled bet ($3) returned to Puzanchik 11
Puzanchik 11 collected $6 from pot
*** SUMMARY ***
Total pot $6 | Rake $0
Seat 3: Puzanchik 11 (button) (small blind) collected ($6)
Seat 4: kolaz03 (big blind) folded before Flop


