PokerStars Hand #175028355650:  Hold'em Limit ($3/$6 USD) - 2017/08/31 13:06:09 ET
Table 'Unuk' 6-max Seat #6 is the button
Seat 3: CherepovD ($30 in chips)
Seat 6: belik555 ($90 in chips)
belik555: posts small blind $1
CherepovD: posts big blind $3
*** HOLE CARDS ***
belik555: raises $3 to $6
CherepovD: folds
Uncalled bet ($3) returned to belik555
belik555 collected $6 from pot
belik555: doesn't show hand
*** SUMMARY ***
Total pot $6 | Rake $0
Seat 3: CherepovD (big blind) folded before Flop
Seat 6: belik555 (button) (small blind) collected ($6)


PokerStars Hand #175028360554:  Hold'em Limit ($3/$6 USD) - 2017/08/31 13:06:16 ET
Table 'Unuk' 6-max Seat #3 is the button
Seat 3: CherepovD ($27 in chips)
Seat 6: belik555 ($93 in chips)
CherepovD: posts small blind $1
belik555: posts big blind $3
*** HOLE CARDS ***
CherepovD: calls $2
belik555: checks
*** FLOP *** [Tc 4h 4c]
belik555: checks
CherepovD: bets $3
NAUTJE1337 joins the table at seat #2
belik555: calls $3
*** TURN *** [Tc 4h 4c] [9d]
belik555: checks
CherepovD: checks
*** RIVER *** [Tc 4h 4c 9d] [2c]
vestimokrec joins the table at seat #4
belik555: checks
CherepovD: checks
*** SHOW DOWN ***
belik555: shows [Qd 5c] (a pair of Fours)
CherepovD: shows [7d 9h] (two pair, Nines and Fours)
CherepovD collected $11.76 from pot
*** SUMMARY ***
Total pot $12 | Rake $0.24
Board [Tc 4h 4c 9d 2c]
Seat 3: CherepovD (button) (small blind) showed [7d 9h] and won ($11.76) with two pair, Nines and Fours
Seat 6: belik555 (big blind) showed [Qd 5c] and lost with a pair of Fours


PokerStars Hand #175028633004:  Hold'em Limit ($3/$6 USD) - 2017/08/31 13:13:04 ET
Table 'Unuk' 6-max Seat #5 is the button
Seat 2: Fabulous108 ($147 in chips)
Seat 5: ToDaFelt ($170 in chips)
ToDaFelt: posts small blind $1
belik555: is sitting out
arina201317: is sitting out
Fabulous108: posts big blind $3
*** HOLE CARDS ***
ToDaFelt: raises $3 to $6
Fabulous108: folds
Uncalled bet ($3) returned to ToDaFelt
ToDaFelt collected $6 from pot
ToDaFelt: doesn't show hand
*** SUMMARY ***
Total pot $6 | Rake $0
Seat 2: Fabulous108 (big blind) folded before Flop
Seat 5: ToDaFelt (button) (small blind) collected ($6)


PokerStars Hand #175035941445:  Hold'em Limit ($3/$6 USD) - 2017/08/31 16:00:57 ET
Table 'Unuk' 6-max Seat #1 is the button
Seat 1: Fabulous108 ($156.76 in chips)
Seat 2: pompier40 ($127.71 in chips)
Fabulous108: posts small blind $1
pompier40: posts big blind $3
*** HOLE CARDS ***
Fabulous108: raises $3 to $6
pompier40: folds
Uncalled bet ($3) returned to Fabulous108
Fabulous108 collected $6 from pot
Fabulous108: doesn't show hand
*** SUMMARY ***
Total pot $6 | Rake $0
Seat 1: Fabulous108 (button) (small blind) collected ($6)
Seat 2: pompier40 (big blind) folded before Flop


PokerStars Hand #175035922371:  Hold'em Limit ($3/$6 USD) - 2017/08/31 16:00:28 ET
Table 'Unuk' 6-max Seat #2 is the button
Seat 1: Fabulous108 ($177.76 in chips)
Seat 2: pompier40 ($107.21 in chips)
pompier40: posts small blind $1
B_loJkl: is sitting out
Fabulous108: posts big blind $3
*** HOLE CARDS ***
pompier40: raises $3 to $6
B_loJkl leaves the table
Fabulous108: calls $3
*** FLOP *** [Jd Ah Ks]
Fabulous108: checks
pompier40: bets $3
Fabulous108: calls $3
*** TURN *** [Jd Ah Ks] [8s]
Fabulous108: checks
pompier40: bets $6
Fabulous108: calls $6
*** RIVER *** [Jd Ah Ks 8s] [5c]
Fabulous108: checks
pompier40: bets $6
Fabulous108: calls $6
*** SHOW DOWN ***
pompier40: shows [Qc Ac] (a pair of Aces)
Fabulous108: mucks hand
pompier40 collected $41.50 from pot
*** SUMMARY ***
Total pot $42 | Rake $0.50
Board [Jd Ah Ks 8s 5c]
Seat 1: Fabulous108 (big blind) mucked
Seat 2: pompier40 (button) (small blind) showed [Qc Ac] and won ($41.50) with a pair of Aces


PokerStars Hand #175035945795:  Hold'em Limit ($3/$6 USD) - 2017/08/31 16:01:03 ET
Table 'Unuk' 6-max Seat #2 is the button
Seat 1: Fabulous108 ($159.76 in chips)
Seat 2: pompier40 ($124.71 in chips)
pompier40: posts small blind $1
Fabulous108: posts big blind $3
*** HOLE CARDS ***
pompier40: raises $3 to $6
Fabulous108: folds
Uncalled bet ($3) returned to pompier40
pompier40 collected $6 from pot
*** SUMMARY ***
Total pot $6 | Rake $0
Seat 1: Fabulous108 (big blind) folded before Flop
Seat 2: pompier40 (button) (small blind) collected ($6)


PokerStars Hand #175035978846:  Hold'em Limit ($3/$6 USD) - 2017/08/31 16:01:49 ET
Table 'Unuk' 6-max Seat #2 is the button
Seat 1: Fabulous108 ($154.40 in chips)
Seat 2: pompier40 ($129.23 in chips)
pompier40: posts small blind $1
Fabulous108: posts big blind $3
*** HOLE CARDS ***
pompier40: raises $3 to $6
Fabulous108: calls $3
*** FLOP *** [Js Td 9c]
Fabulous108: checks
pompier40: checks
*** TURN *** [Js Td 9c] [5s]
Fabulous108: bets $6
pompier40: calls $6
*** RIVER *** [Js Td 9c 5s] [3h]
Fabulous108: bets $6
pompier40: calls $6
*** SHOW DOWN ***
Fabulous108: shows [Tc 5d] (two pair, Tens and Fives)
pompier40: mucks hand
Fabulous108 collected $35.50 from pot
*** SUMMARY ***
Total pot $36 | Rake $0.50
Board [Js Td 9c 5s 3h]
Seat 1: Fabulous108 (big blind) showed [Tc 5d] and won ($35.50) with two pair, Tens and Fives
Seat 2: pompier40 (button) (small blind) mucked


PokerStars Hand #175035967911:  Hold'em Limit ($3/$6 USD) - 2017/08/31 16:01:34 ET
Table 'Unuk' 6-max Seat #1 is the button
Seat 1: Fabulous108 ($166.40 in chips)
Seat 2: pompier40 ($117.71 in chips)
Fabulous108: posts small blind $1
pompier40: posts big blind $3
*** HOLE CARDS ***
Fabulous108: raises $3 to $6
pompier40: raises $3 to $9
Fabulous108: calls $3
*** FLOP *** [8c 9c 3s]
pompier40: bets $3
Fabulous108: calls $3
*** TURN *** [8c 9c 3s] [2s]
pompier40: bets $6
Fabulous108: folds
Uncalled bet ($6) returned to pompier40
pompier40 collected $23.52 from pot
*** SUMMARY ***
Total pot $24 | Rake $0.48
Board [8c 9c 3s 2s]
Seat 1: Fabulous108 (button) (small blind) folded on the Turn
Seat 2: pompier40 (big blind) collected ($23.52)


PokerStars Hand #175035964357:  Hold'em Limit ($3/$6 USD) - 2017/08/31 16:01:29 ET
Table 'Unuk' 6-max Seat #2 is the button
Seat 1: Fabulous108 ($165.40 in chips)
Seat 2: pompier40 ($118.71 in chips)
pompier40: posts small blind $1
Fabulous108: posts big blind $3
*** HOLE CARDS ***
pompier40: folds
Uncalled bet ($2) returned to Fabulous108
Fabulous108 collected $2 from pot
Fabulous108: doesn't show hand
*** SUMMARY ***
Total pot $2 | Rake $0
Seat 1: Fabulous108 (big blind) collected ($2)
Seat 2: pompier40 (button) (small blind) folded before Flop


PokerStars Hand #175035950053:  Hold'em Limit ($3/$6 USD) - 2017/08/31 16:01:09 ET
Table 'Unuk' 6-max Seat #1 is the button
Seat 1: Fabulous108 ($156.76 in chips)
Seat 2: pompier40 ($127.71 in chips)
Fabulous108: posts small blind $1
pompier40: posts big blind $3
*** HOLE CARDS ***
Fabulous108: raises $3 to $6
pompier40: calls $3
*** FLOP *** [4c Ac 3h]
pompier40: checks
Fabulous108: bets $3
pompier40: calls $3
*** TURN *** [4c Ac 3h] [3d]
pompier40: checks
Fabulous108: bets $6
pompier40: folds
Uncalled bet ($6) returned to Fabulous108
Fabulous108 collected $17.64 from pot
Fabulous108: doesn't show hand
*** SUMMARY ***
Total pot $18 | Rake $0.36
Board [4c Ac 3h 3d]
Seat 1: Fabulous108 (button) (small blind) collected ($17.64)
Seat 2: pompier40 (big blind) folded on the Turn


PokerStars Hand #175036011773:  Hold'em Limit ($3/$6 USD) - 2017/08/31 16:02:32 ET
Table 'Unuk' 6-max Seat #1 is the button
Seat 1: Fabulous108 ($145.90 in chips)
Seat 2: pompier40 ($136.73 in chips)
Fabulous108: posts small blind $1
pompier40: posts big blind $3
*** HOLE CARDS ***
Fabulous108: raises $3 to $6
pompier40: folds
Uncalled bet ($3) returned to Fabulous108
Fabulous108 collected $6 from pot
Fabulous108: doesn't show hand
*** SUMMARY ***
Total pot $6 | Rake $0
Seat 1: Fabulous108 (button) (small blind) collected ($6)
Seat 2: pompier40 (big blind) folded before Flop


PokerStars Hand #175036007709:  Hold'em Limit ($3/$6 USD) - 2017/08/31 16:02:27 ET
Table 'Unuk' 6-max Seat #2 is the button
Seat 1: Fabulous108 ($144.90 in chips)
Seat 2: pompier40 ($137.73 in chips)
pompier40: posts small blind $1
Fabulous108: posts big blind $3
*** HOLE CARDS ***
pompier40: folds
Uncalled bet ($2) returned to Fabulous108
Fabulous108 collected $2 from pot
Fabulous108: doesn't show hand
*** SUMMARY ***
Total pot $2 | Rake $0
Seat 1: Fabulous108 (big blind) collected ($2)
Seat 2: pompier40 (button) (small blind) folded before Flop


PokerStars Hand #175035991492:  Hold'em Limit ($3/$6 USD) - 2017/08/31 16:02:05 ET
Table 'Unuk' 6-max Seat #1 is the button
Seat 1: Fabulous108 ($171.90 in chips)
Seat 2: pompier40 ($111.23 in chips)
Fabulous108: posts small blind $1
pompier40: posts big blind $3
*** HOLE CARDS ***
Fabulous108: raises $3 to $6
pompier40: calls $3
*** FLOP *** [Ad 6h Kh]
pompier40: checks
Fabulous108: bets $3
pompier40: calls $3
*** TURN *** [Ad 6h Kh] [Kc]
pompier40: checks
Fabulous108: bets $6
pompier40: raises $6 to $12
Fabulous108: calls $6
*** RIVER *** [Ad 6h Kh Kc] [9s]
pompier40: bets $6
Fabulous108: calls $6
*** SHOW DOWN ***
pompier40: shows [3s Kd] (three of a kind, Kings)
Fabulous108: mucks hand
pompier40 collected $53.50 from pot
*** SUMMARY ***
Total pot $54 | Rake $0.50
Board [Ad 6h Kh Kc 9s]
Seat 1: Fabulous108 (button) (small blind) mucked
Seat 2: pompier40 (big blind) showed [3s Kd] and won ($53.50) with three of a kind, Kings


