PokerStars Hand #162571141495:  Hold'em Limit ($3/$6 USD) - 2016/12/07 14:30:00 ET
Table 'Uppsala III' 6-max Seat #5 is the button
Seat 3: hairy1961 ($9 in chips)
Seat 5: TinaTurner72 ($160 in chips)
TinaTurner72: posts small blind $1
hairy1961: posts big blind $3
*** HOLE CARDS ***
TinaTurner72: folds
Uncalled bet ($2) returned to hairy1961
hairy1961 collected $2 from pot
*** SUMMARY ***
Total pot $2 | Rake $0
Seat 3: hairy1961 (big blind) collected ($2)
Seat 5: TinaTurner72 (button) (small blind) folded before Flop


PokerStars Hand #162571100665:  Hold'em Limit ($3/$6 USD) - 2016/12/07 14:29:18 ET
Table 'Uppsala III' 6-max Seat #3 is the button
Seat 3: hairy1961 ($30 in chips)
Seat 5: TinaTurner72 ($139.50 in chips)
hairy1961: posts small blind $1
TinaTurner72: posts big blind $3
*** HOLE CARDS ***
hairy1961: raises $3 to $6
TinaTurner72: calls $3
*** FLOP *** [6d 3d Qc]
TinaTurner72: checks
hairy1961: bets $3
TinaTurner72: raises $3 to $6
hairy1961: raises $3 to $9
TinaTurner72: calls $3
*** TURN *** [6d 3d Qc] [2s]
TinaTurner72: bets $6
hairy1961: calls $6
*** RIVER *** [6d 3d Qc 2s] [4c]
TinaTurner72: checks
hairy1961: checks
*** SHOW DOWN ***
TinaTurner72: shows [Kd 3h] (a pair of Threes)
hairy1961: mucks hand
TinaTurner72 collected $41.50 from pot
*** SUMMARY ***
Total pot $42 | Rake $0.50
Board [6d 3d Qc 2s 4c]
Seat 3: hairy1961 (button) (small blind) mucked
Seat 5: TinaTurner72 (big blind) showed [Kd 3h] and won ($41.50) with a pair of Threes


PokerStars Hand #162571149220:  Hold'em Limit ($3/$6 USD) - 2016/12/07 14:30:08 ET
Table 'Uppsala III' 6-max Seat #3 is the button
Seat 3: hairy1961 ($10 in chips)
Seat 5: TinaTurner72 ($159 in chips)
hairy1961: posts small blind $1
TinaTurner72: posts big blind $3
*** HOLE CARDS ***
hairy1961: raises $3 to $6
TinaTurner72: raises $3 to $9
hairy1961: raises $1 to $10 and is all-in
Betting is capped
TinaTurner72: calls $1
*** FLOP *** [7s 2d Jc]
*** TURN *** [7s 2d Jc] [2h]
*** RIVER *** [7s 2d Jc 2h] [3c]
*** SHOW DOWN ***
TinaTurner72: shows [6h 9c] (a pair of Deuces)
hairy1961: shows [4d 5d] (a pair of Deuces - lower kicker)
TinaTurner72 collected $19.60 from pot
*** SUMMARY ***
Total pot $20 | Rake $0.40
Board [7s 2d Jc 2h 3c]
Seat 3: hairy1961 (button) (small blind) showed [4d 5d] and lost with a pair of Deuces
Seat 5: TinaTurner72 (big blind) showed [6h 9c] and won ($19.60) with a pair of Deuces


