PokerStars Hand #147897752671:  Hold'em Limit ($3/$6 USD) - 2016/01/29 16:45:46 ET
Table 'Uppsala II' 10-max Seat #8 is the button
Seat 1: VolkovDmitri ($132.64 in chips)
Seat 8: perten ($81.38 in chips)
perten: posts small blind $1
VolkovDmitri: posts big blind $3
*** HOLE CARDS ***
perten: folds
Uncalled bet ($2) returned to VolkovDmitri
VolkovDmitri collected $2 from pot
VolkovDmitri: doesn't show hand
*** SUMMARY ***
Total pot $2 | Rake $0
Seat 1: VolkovDmitri (big blind) collected ($2)
Seat 8: perten (button) (small blind) folded before Flop


PokerStars Hand #147897812174:  Hold'em Limit ($3/$6 USD) - 2016/01/29 16:46:45 ET
Table 'Uppsala II' 10-max Seat #1 is the button
Seat 1: VolkovDmitri ($145.64 in chips)
Seat 8: perten ($68.38 in chips)
VolkovDmitri: posts small blind $1
perten: posts big blind $3
*** HOLE CARDS ***
VolkovDmitri: raises $3 to $6
perten: folds
Uncalled bet ($3) returned to VolkovDmitri
VolkovDmitri collected $6 from pot
VolkovDmitri: doesn't show hand
*** SUMMARY ***
Total pot $6 | Rake $0
Seat 1: VolkovDmitri (button) (small blind) collected ($6)
Seat 8: perten (big blind) folded before Flop


PokerStars Hand #147897797723:  Hold'em Limit ($3/$6 USD) - 2016/01/29 16:46:30 ET
Table 'Uppsala II' 10-max Seat #1 is the button
Seat 1: VolkovDmitri ($141.64 in chips)
Seat 8: perten ($72.38 in chips)
VolkovDmitri: posts small blind $1
perten: posts big blind $3
*** HOLE CARDS ***
VolkovDmitri: raises $3 to $6
perten: folds
Uncalled bet ($3) returned to VolkovDmitri
VolkovDmitri collected $6 from pot
VolkovDmitri: doesn't show hand
*** SUMMARY ***
Total pot $6 | Rake $0
Seat 1: VolkovDmitri (button) (small blind) collected ($6)
Seat 8: perten (big blind) folded before Flop


PokerStars Hand #147897787211:  Hold'em Limit ($3/$6 USD) - 2016/01/29 16:46:20 ET
Table 'Uppsala II' 10-max Seat #1 is the button
Seat 1: VolkovDmitri ($137.64 in chips)
Seat 8: perten ($76.38 in chips)
VolkovDmitri: posts small blind $1
perten: posts big blind $3
*** HOLE CARDS ***
VolkovDmitri: raises $3 to $6
perten: folds
Uncalled bet ($3) returned to VolkovDmitri
VolkovDmitri collected $6 from pot
VolkovDmitri: doesn't show hand
*** SUMMARY ***
Total pot $6 | Rake $0
Seat 1: VolkovDmitri (button) (small blind) collected ($6)
Seat 8: perten (big blind) folded before Flop


PokerStars Hand #147897782440:  Hold'em Limit ($3/$6 USD) - 2016/01/29 16:46:15 ET
Table 'Uppsala II' 10-max Seat #8 is the button
Seat 1: VolkovDmitri ($136.64 in chips)
Seat 8: perten ($77.38 in chips)
perten: posts small blind $1
VolkovDmitri: posts big blind $3
*** HOLE CARDS ***
perten: folds
Uncalled bet ($2) returned to VolkovDmitri
VolkovDmitri collected $2 from pot
VolkovDmitri: doesn't show hand
*** SUMMARY ***
Total pot $2 | Rake $0
Seat 1: VolkovDmitri (big blind) collected ($2)
Seat 8: perten (button) (small blind) folded before Flop


PokerStars Hand #147897775906:  Hold'em Limit ($3/$6 USD) - 2016/01/29 16:46:09 ET
Table 'Uppsala II' 10-max Seat #1 is the button
Seat 1: VolkovDmitri ($133.64 in chips)
Seat 8: perten ($80.38 in chips)
VolkovDmitri: posts small blind $1
perten: posts big blind $3
*** HOLE CARDS ***
VolkovDmitri: raises $3 to $6
perten: folds
Uncalled bet ($3) returned to VolkovDmitri
VolkovDmitri collected $6 from pot
VolkovDmitri: doesn't show hand
*** SUMMARY ***
Total pot $6 | Rake $0
Seat 1: VolkovDmitri (button) (small blind) collected ($6)
Seat 8: perten (big blind) folded before Flop


PokerStars Hand #147897763653:  Hold'em Limit ($3/$6 USD) - 2016/01/29 16:45:57 ET
Table 'Uppsala II' 10-max Seat #8 is the button
Seat 1: VolkovDmitri ($136.64 in chips)
Seat 8: perten ($77.38 in chips)
perten: posts small blind $1
VolkovDmitri: posts big blind $3
*** HOLE CARDS ***
perten: raises $3 to $6
VolkovDmitri: folds
Uncalled bet ($3) returned to perten
perten collected $6 from pot
perten: doesn't show hand
*** SUMMARY ***
Total pot $6 | Rake $0
Seat 1: VolkovDmitri (big blind) folded before Flop
Seat 8: perten (button) (small blind) collected ($6)


PokerStars Hand #147897757914:  Hold'em Limit ($3/$6 USD) - 2016/01/29 16:45:51 ET
Table 'Uppsala II' 10-max Seat #1 is the button
Seat 1: VolkovDmitri ($133.64 in chips)
Seat 8: perten ($80.38 in chips)
VolkovDmitri: posts small blind $1
perten: posts big blind $3
*** HOLE CARDS ***
VolkovDmitri: raises $3 to $6
perten: folds
Uncalled bet ($3) returned to VolkovDmitri
VolkovDmitri collected $6 from pot
VolkovDmitri: doesn't show hand
*** SUMMARY ***
Total pot $6 | Rake $0
Seat 1: VolkovDmitri (button) (small blind) collected ($6)
Seat 8: perten (big blind) folded before Flop


PokerStars Hand #147897865045:  Hold'em Limit ($3/$6 USD) - 2016/01/29 16:47:32 ET
Table 'Uppsala II' 10-max Seat #8 is the button
Seat 1: VolkovDmitri ($172.14 in chips)
Seat 8: perten ($41.38 in chips)
perten: posts small blind $1
VolkovDmitri: posts big blind $3
*** HOLE CARDS ***
perten: raises $3 to $6
VolkovDmitri: calls $3
*** FLOP *** [7s Js 6d]
VolkovDmitri: bets $3
perten: calls $3
*** TURN *** [7s Js 6d] [7c]
VolkovDmitri: bets $6
perten: folds
Uncalled bet ($6) returned to VolkovDmitri
VolkovDmitri collected $17.64 from pot
VolkovDmitri: doesn't show hand
*** SUMMARY ***
Total pot $18 | Rake $0.36
Board [7s Js 6d 7c]
Seat 1: VolkovDmitri (big blind) collected ($17.64)
Seat 8: perten (button) (small blind) folded on the Turn


PokerStars Hand #147897853092:  Hold'em Limit ($3/$6 USD) - 2016/01/29 16:47:21 ET
Table 'Uppsala II' 10-max Seat #1 is the button
Seat 1: VolkovDmitri ($169.14 in chips)
Seat 8: perten ($44.38 in chips)
VolkovDmitri: posts small blind $1
perten: posts big blind $3
*** HOLE CARDS ***
VolkovDmitri: raises $3 to $6
perten: folds
Uncalled bet ($3) returned to VolkovDmitri
VolkovDmitri collected $6 from pot
VolkovDmitri: doesn't show hand
*** SUMMARY ***
Total pot $6 | Rake $0
Seat 1: VolkovDmitri (button) (small blind) collected ($6)
Seat 8: perten (big blind) folded before Flop


PokerStars Hand #147897818941:  Hold'em Limit ($3/$6 USD) - 2016/01/29 16:46:51 ET
Table 'Uppsala II' 10-max Seat #8 is the button
Seat 1: VolkovDmitri ($148.64 in chips)
Seat 8: perten ($65.38 in chips)
perten: posts small blind $1
VolkovDmitri: posts big blind $3
*** HOLE CARDS ***
perten: raises $3 to $6
VolkovDmitri: calls $3
*** FLOP *** [9c 5d Jd]
VolkovDmitri: checks
perten: bets $3
VolkovDmitri: calls $3
*** TURN *** [9c 5d Jd] [Kc]
VolkovDmitri: bets $6
perten: calls $6
*** RIVER *** [9c 5d Jd Kc] [7d]
VolkovDmitri: bets $6
perten: calls $6
*** SHOW DOWN ***
VolkovDmitri: shows [Kd 2s] (a pair of Kings)
perten: mucks hand
VolkovDmitri collected $41.50 from pot
*** SUMMARY ***
Total pot $42 | Rake $0.50
Board [9c 5d Jd Kc 7d]
Seat 1: VolkovDmitri (big blind) showed [Kd 2s] and won ($41.50) with a pair of Kings
Seat 8: perten (button) (small blind) mucked


PokerStars Hand #147897900767:  Hold'em Limit ($3/$6 USD) - 2016/01/29 16:48:02 ET
Table 'Uppsala II' 10-max Seat #8 is the button
Seat 1: VolkovDmitri ($186.54 in chips)
Seat 8: perten ($26.38 in chips)
perten: posts small blind $1
VolkovDmitri: posts big blind $3
*** HOLE CARDS ***
perten: raises $3 to $6
VolkovDmitri: calls $3
*** FLOP *** [Ad 9d 2s]
VolkovDmitri: checks
perten: bets $3
VolkovDmitri: raises $3 to $6
perten: calls $3
*** TURN *** [Ad 9d 2s] [8c]
VolkovDmitri: bets $6
perten: calls $6
*** RIVER *** [Ad 9d 2s 8c] [4h]
VolkovDmitri: bets $6
perten: folds
Uncalled bet ($6) returned to VolkovDmitri
VolkovDmitri collected $35.50 from pot
VolkovDmitri: doesn't show hand
*** SUMMARY ***
Total pot $36 | Rake $0.50
Board [Ad 9d 2s 8c 4h]
Seat 1: VolkovDmitri (big blind) collected ($35.50)
Seat 8: perten (button) (small blind) folded on the River


PokerStars Hand #147897882122:  Hold'em Limit ($3/$6 USD) - 2016/01/29 16:47:46 ET
Table 'Uppsala II' 10-max Seat #1 is the button
Seat 1: VolkovDmitri ($180.78 in chips)
Seat 8: perten ($32.38 in chips)
VolkovDmitri: posts small blind $1
perten: posts big blind $3
*** HOLE CARDS ***
VolkovDmitri: raises $3 to $6
perten: calls $3
*** FLOP *** [4c Kc 5h]
perten: checks
VolkovDmitri: bets $3
perten: folds
Uncalled bet ($3) returned to VolkovDmitri
VolkovDmitri collected $11.76 from pot
VolkovDmitri: doesn't show hand
*** SUMMARY ***
Total pot $12 | Rake $0.24
Board [4c Kc 5h]
Seat 1: VolkovDmitri (button) (small blind) collected ($11.76)
Seat 8: perten (big blind) folded on the Flop


