PokerStars Hand #167110565977:  Hold'em Limit ($3/$6 USD) - 2017/03/04 14:42:03 ET
Table 'Uppsala' 6-max Seat #3 is the button
Seat 3: Mercer29 ($80.02 in chips)
Seat 4: Azrarn ($90 in chips)
Mercer29: posts small blind $1
Azrarn: posts big blind $3
*** HOLE CARDS ***
Mercer29: raises $3 to $6
Azrarn: calls $3
*** FLOP *** [7d 6d 3c]
Azrarn: checks
Mercer29: bets $3
Azrarn: raises $3 to $6
Mercer29: calls $3
*** TURN *** [7d 6d 3c] [5s]
Azrarn: bets $6
Mercer29: raises $6 to $12
Azrarn: calls $6
*** RIVER *** [7d 6d 3c 5s] [Kc]
Azrarn: checks
Mercer29: bets $6
Azrarn: raises $6 to $12
Mercer29: calls $6
*** SHOW DOWN ***
Azrarn: shows [6h Kd] (two pair, Kings and Sixes)
Mercer29: mucks hand
Azrarn collected $71.50 from pot
*** SUMMARY ***
Total pot $72 | Rake $0.50
Board [7d 6d 3c 5s Kc]
Seat 3: Mercer29 (button) (small blind) mucked
Seat 4: Azrarn (big blind) showed [6h Kd] and won ($71.50) with two pair, Kings and Sixes


PokerStars Hand #167110552091:  Hold'em Limit ($3/$6 USD) - 2017/03/04 14:41:47 ET
Table 'Uppsala' 6-max Seat #4 is the button
Seat 3: Mercer29 ($83.02 in chips)
Seat 4: Azrarn ($87 in chips)
Azrarn: posts small blind $1
Mercer29: posts big blind $3
*** HOLE CARDS ***
Azrarn: raises $3 to $6
Mercer29: folds
Uncalled bet ($3) returned to Azrarn
Azrarn collected $6 from pot
*** SUMMARY ***
Total pot $6 | Rake $0
Seat 3: Mercer29 (big blind) folded before Flop
Seat 4: Azrarn (button) (small blind) collected ($6)


PokerStars Hand #167110517328:  Hold'em Limit ($3/$6 USD) - 2017/03/04 14:41:07 ET
Table 'Uppsala' 6-max Seat #3 is the button
Seat 3: Mercer29 ($50.52 in chips)
Seat 4: Azrarn ($120 in chips)
Mercer29: posts small blind $1
Azrarn: posts big blind $3
*** HOLE CARDS ***
Mercer29: raises $3 to $6
Azrarn: calls $3
*** FLOP *** [5c As Th]
Azrarn: checks
Mercer29: bets $3
Azrarn: calls $3
*** TURN *** [5c As Th] [6d]
Azrarn: checks
Mercer29: bets $6
Azrarn: raises $6 to $12
Mercer29: calls $6
*** RIVER *** [5c As Th 6d] [6s]
Azrarn: bets $6
Mercer29: raises $6 to $12
Azrarn: calls $6
*** SHOW DOWN ***
Mercer29: shows [6c 7h] (three of a kind, Sixes)
Azrarn: mucks hand
Mercer29 collected $65.50 from pot
*** SUMMARY ***
Total pot $66 | Rake $0.50
Board [5c As Th 6d 6s]
Seat 3: Mercer29 (button) (small blind) showed [6c 7h] and won ($65.50) with three of a kind, Sixes
Seat 4: Azrarn (big blind) mucked


PokerStars Hand #167110601200:  Hold'em Limit ($3/$6 USD) - 2017/03/04 14:42:44 ET
Table 'Uppsala' 6-max Seat #3 is the button
Seat 3: Mercer29 ($23.02 in chips)
Seat 4: Azrarn ($146 in chips)
Mercer29: posts small blind $1
Azrarn: posts big blind $3
*** HOLE CARDS ***
Mercer29: raises $3 to $6
Azrarn: calls $3
*** FLOP *** [6c Qs 3s]
Azrarn: checks
Mercer29: bets $3
GlamDragon joins the table at seat #5
Azrarn: folds
Uncalled bet ($3) returned to Mercer29
Mercer29 collected $11.76 from pot
*** SUMMARY ***
Total pot $12 | Rake $0.24
Board [6c Qs 3s]
Seat 3: Mercer29 (button) (small blind) collected ($11.76)
Seat 4: Azrarn (big blind) folded on the Flop


PokerStars Hand #167110588933:  Hold'em Limit ($3/$6 USD) - 2017/03/04 14:42:30 ET
Table 'Uppsala' 6-max Seat #4 is the button
Seat 3: Mercer29 ($44.02 in chips)
Seat 4: Azrarn ($125.50 in chips)
Azrarn: posts small blind $1
Mercer29: posts big blind $3
*** HOLE CARDS ***
Azrarn: raises $3 to $6
Mercer29: calls $3
*** FLOP *** [5s 3h 4c]
Mercer29: checks
Azrarn: bets $3
Mercer29: calls $3
*** TURN *** [5s 3h 4c] [7s]
Mercer29: bets $6
Azrarn: calls $6
*** RIVER *** [5s 3h 4c 7s] [Td]
Mercer29: bets $6
Azrarn: calls $6
*** SHOW DOWN ***
Mercer29: shows [8c Ts] (a pair of Tens)
Azrarn: shows [7c 4s] (two pair, Sevens and Fours)
Azrarn collected $41.50 from pot
*** SUMMARY ***
Total pot $42 | Rake $0.50
Board [5s 3h 4c 7s Td]
Seat 3: Mercer29 (big blind) showed [8c Ts] and lost with a pair of Tens
Seat 4: Azrarn (button) (small blind) showed [7c 4s] and won ($41.50) with two pair, Sevens and Fours


PokerStars Hand #167120212542:  Hold'em Limit ($3/$6 USD) - 2017/03/04 17:55:18 ET
Table 'Uppsala' 6-max Seat #1 is the button
Seat 1: Krillbjörn ($149.03 in chips)
Seat 5: Jefrey-AA ($110.66 in chips)
SENDERDEEP will be allowed to play after the button
Krillbjörn: posts small blind $1
Jefrey-AA: posts big blind $3
*** HOLE CARDS ***
Krillbjörn: folds
Uncalled bet ($2) returned to Jefrey-AA
Jefrey-AA collected $2 from pot
Jefrey-AA leaves the table
*** SUMMARY ***
Total pot $2 | Rake $0
Seat 1: Krillbjörn (button) (small blind) folded before Flop
Seat 5: Jefrey-AA (big blind) collected ($2)


