PokerStars Hand #152039479207:  Hold'em Limit ($3/$6 USD) - 2016/04/17 8:26:43 ET
Table 'Urania II' 6-max Seat #4 is the button
Seat 4: VolkovDmitri ($121 in chips)
Seat 6: 19woody58 ($177.68 in chips)
VolkovDmitri: posts small blind $1
19woody58: posts big blind $3
*** HOLE CARDS ***
VolkovDmitri: raises $3 to $6
19woody58: calls $3
*** FLOP *** [3s 6c 7d]
19woody58: checks
VolkovDmitri: bets $3
19woody58: calls $3
*** TURN *** [3s 6c 7d] [8d]
19woody58: checks
VolkovDmitri: checks
*** RIVER *** [3s 6c 7d 8d] [Qc]
19woody58: bets $6
VolkovDmitri: folds
Uncalled bet ($6) returned to 19woody58
19woody58 collected $17.64 from pot
*** SUMMARY ***
Total pot $18 | Rake $0.36
Board [3s 6c 7d 8d Qc]
Seat 4: VolkovDmitri (button) (small blind) folded on the River
Seat 6: 19woody58 (big blind) collected ($17.64)


PokerStars Hand #152039516131:  Hold'em Limit ($3/$6 USD) - 2016/04/17 8:27:46 ET
Table 'Urania II' 6-max Seat #4 is the button
Seat 4: VolkovDmitri ($120 in chips)
Seat 6: 19woody58 ($192.08 in chips)
VolkovDmitri: posts small blind $1
19woody58: posts big blind $3
*** HOLE CARDS ***
VolkovDmitri: raises $3 to $6
19woody58: folds
Uncalled bet ($3) returned to VolkovDmitri
VolkovDmitri collected $6 from pot
VolkovDmitri: doesn't show hand
*** SUMMARY ***
Total pot $6 | Rake $0
Seat 4: VolkovDmitri (button) (small blind) collected ($6)
Seat 6: 19woody58 (big blind) folded before Flop


PokerStars Hand #152039521352:  Hold'em Limit ($3/$6 USD) - 2016/04/17 8:27:55 ET
Table 'Urania II' 6-max Seat #6 is the button
Seat 4: VolkovDmitri ($123 in chips)
Seat 6: 19woody58 ($189.08 in chips)
19woody58: posts small blind $1
VolkovDmitri: posts big blind $3
*** HOLE CARDS ***
19woody58: raises $3 to $6
VolkovDmitri: folds
Uncalled bet ($3) returned to 19woody58
19woody58 collected $6 from pot
*** SUMMARY ***
Total pot $6 | Rake $0
Seat 4: VolkovDmitri (big blind) folded before Flop
Seat 6: 19woody58 (button) (small blind) collected ($6)


PokerStars Hand #152039498822:  Hold'em Limit ($3/$6 USD) - 2016/04/17 8:27:16 ET
Table 'Urania II' 6-max Seat #6 is the button
Seat 4: VolkovDmitri ($120 in chips)
Seat 6: 19woody58 ($186.32 in chips)
19woody58: posts small blind $1
VolkovDmitri: posts big blind $3
*** HOLE CARDS ***
19woody58: raises $3 to $6
VolkovDmitri: calls $3
*** FLOP *** [Qc Td 7d]
VolkovDmitri: checks
19woody58: bets $3
VolkovDmitri: folds
Uncalled bet ($3) returned to 19woody58
19woody58 collected $11.76 from pot
*** SUMMARY ***
Total pot $12 | Rake $0.24
Board [Qc Td 7d]
Seat 4: VolkovDmitri (big blind) folded on the Flop
Seat 6: 19woody58 (button) (small blind) collected ($11.76)


PokerStars Hand #152039578850:  Hold'em Limit ($3/$6 USD) - 2016/04/17 8:29:33 ET
Table 'Urania II' 6-max Seat #4 is the button
Seat 4: VolkovDmitri ($120 in chips)
Seat 6: 19woody58 ($218.34 in chips)
VolkovDmitri: posts small blind $1
19woody58: posts big blind $3
*** HOLE CARDS ***
VolkovDmitri: raises $3 to $6
19woody58: folds
Uncalled bet ($3) returned to VolkovDmitri
VolkovDmitri collected $6 from pot
VolkovDmitri: doesn't show hand
*** SUMMARY ***
Total pot $6 | Rake $0
Seat 4: VolkovDmitri (button) (small blind) collected ($6)
Seat 6: 19woody58 (big blind) folded before Flop


PokerStars Hand #152039555915:  Hold'em Limit ($3/$6 USD) - 2016/04/17 8:28:54 ET
Table 'Urania II' 6-max Seat #6 is the button
Seat 4: VolkovDmitri ($120 in chips)
Seat 6: 19woody58 ($212.58 in chips)
19woody58: posts small blind $1
VolkovDmitri: posts big blind $3
*** HOLE CARDS ***
19woody58: raises $3 to $6
VolkovDmitri: calls $3
*** FLOP *** [As Ac Kc]
VolkovDmitri: checks
19woody58: bets $3
VolkovDmitri: folds
Uncalled bet ($3) returned to 19woody58
19woody58 collected $11.76 from pot
*** SUMMARY ***
Total pot $12 | Rake $0.24
Board [As Ac Kc]
Seat 4: VolkovDmitri (big blind) folded on the Flop
Seat 6: 19woody58 (button) (small blind) collected ($11.76)


PokerStars Hand #152039586313:  Hold'em Limit ($3/$6 USD) - 2016/04/17 8:29:45 ET
Table 'Urania II' 6-max Seat #6 is the button
Seat 4: VolkovDmitri ($123 in chips)
Seat 6: 19woody58 ($215.34 in chips)
19woody58: posts small blind $1
VolkovDmitri: posts big blind $3
*** HOLE CARDS ***
19woody58: raises $3 to $6
VolkovDmitri: folds
Uncalled bet ($3) returned to 19woody58
19woody58 collected $6 from pot
*** SUMMARY ***
Total pot $6 | Rake $0
Seat 4: VolkovDmitri (big blind) folded before Flop
Seat 6: 19woody58 (button) (small blind) collected ($6)


PokerStars Hand #152039596771:  Hold'em Limit ($3/$6 USD) - 2016/04/17 8:30:02 ET
Table 'Urania II' 6-max Seat #4 is the button
Seat 4: VolkovDmitri ($120 in chips)
Seat 6: 19woody58 ($218.34 in chips)
VolkovDmitri: posts small blind $1
19woody58: posts big blind $3
*** HOLE CARDS ***
VolkovDmitri: raises $3 to $6
19woody58: calls $3
*** FLOP *** [Jh 2h 7h]
19woody58: checks
VolkovDmitri: bets $3
19woody58: calls $3
*** TURN *** [Jh 2h 7h] [8c]
19woody58: checks
VolkovDmitri: bets $6
19woody58: calls $6
*** RIVER *** [Jh 2h 7h 8c] [3c]
19woody58: checks
VolkovDmitri: bets $6
19woody58: calls $6
*** SHOW DOWN ***
VolkovDmitri: shows [Js 3d] (two pair, Jacks and Threes)
19woody58: shows [Jd 8d] (two pair, Jacks and Eights)
19woody58 collected $41.50 from pot
*** SUMMARY ***
Total pot $42 | Rake $0.50
Board [Jh 2h 7h 8c 3c]
Seat 4: VolkovDmitri (button) (small blind) showed [Js 3d] and lost with two pair, Jacks and Threes
Seat 6: 19woody58 (big blind) showed [Jd 8d] and won ($41.50) with two pair, Jacks and Eights


PokerStars Hand #152039625747:  Hold'em Limit ($3/$6 USD) - 2016/04/17 8:30:50 ET
Table 'Urania II' 6-max Seat #6 is the button
Seat 4: VolkovDmitri ($120 in chips)
Seat 6: 19woody58 ($238.84 in chips)
19woody58: posts small blind $1
VolkovDmitri: posts big blind $3
*** HOLE CARDS ***
19woody58: folds
Uncalled bet ($2) returned to VolkovDmitri
VolkovDmitri collected $2 from pot
VolkovDmitri: doesn't show hand
*** SUMMARY ***
Total pot $2 | Rake $0
Seat 4: VolkovDmitri (big blind) collected ($2)
Seat 6: 19woody58 (button) (small blind) folded before Flop


PokerStars Hand #152039629217:  Hold'em Limit ($3/$6 USD) - 2016/04/17 8:30:56 ET
Table 'Urania II' 6-max Seat #4 is the button
Seat 4: VolkovDmitri ($121 in chips)
Seat 6: 19woody58 ($237.84 in chips)
VolkovDmitri: posts small blind $1
19woody58: posts big blind $3
*** HOLE CARDS ***
VolkovDmitri: raises $3 to $6
19woody58: calls $3
*** FLOP *** [9s 6d 3c]
19woody58: checks
VolkovDmitri: bets $3
19woody58: folds
Uncalled bet ($3) returned to VolkovDmitri
VolkovDmitri collected $11.76 from pot
VolkovDmitri: doesn't show hand
*** SUMMARY ***
Total pot $12 | Rake $0.24
Board [9s 6d 3c]
Seat 4: VolkovDmitri (button) (small blind) collected ($11.76)
Seat 6: 19woody58 (big blind) folded on the Flop


PokerStars Hand #152039639407:  Hold'em Limit ($3/$6 USD) - 2016/04/17 8:31:13 ET
Table 'Urania II' 6-max Seat #6 is the button
Seat 4: VolkovDmitri ($126.76 in chips)
Seat 6: 19woody58 ($231.84 in chips)
19woody58: posts small blind $1
VolkovDmitri: posts big blind $3
*** HOLE CARDS ***
19woody58: raises $3 to $6
VolkovDmitri: calls $3
*** FLOP *** [6s 3h 5h]
VolkovDmitri: checks
19woody58: checks
*** TURN *** [6s 3h 5h] [9d]
VolkovDmitri: checks
19woody58: bets $6
VolkovDmitri: folds
Uncalled bet ($6) returned to 19woody58
19woody58 collected $11.76 from pot
*** SUMMARY ***
Total pot $12 | Rake $0.24
Board [6s 3h 5h 9d]
Seat 4: VolkovDmitri (big blind) folded on the Turn
Seat 6: 19woody58 (button) (small blind) collected ($11.76)


PokerStars Hand #152039665068:  Hold'em Limit ($3/$6 USD) - 2016/04/17 8:31:55 ET
Table 'Urania II' 6-max Seat #4 is the button
Seat 4: VolkovDmitri ($120.76 in chips)
Seat 6: 19woody58 ($237.60 in chips)
VolkovDmitri: posts small blind $1
19woody58: posts big blind $3
*** HOLE CARDS ***
VolkovDmitri: folds
Uncalled bet ($2) returned to 19woody58
19woody58 collected $2 from pot
*** SUMMARY ***
Total pot $2 | Rake $0
Seat 4: VolkovDmitri (button) (small blind) folded before Flop
Seat 6: 19woody58 (big blind) collected ($2)


PokerStars Hand #152039690365:  Hold'em Limit ($3/$6 USD) - 2016/04/17 8:32:37 ET
Table 'Urania II' 6-max Seat #4 is the button
Seat 4: VolkovDmitri ($128.64 in chips)
Seat 6: 19woody58 ($229.60 in chips)
VolkovDmitri: posts small blind $1
19woody58: posts big blind $3
*** HOLE CARDS ***
VolkovDmitri: raises $3 to $6
19woody58: folds
Uncalled bet ($3) returned to VolkovDmitri
VolkovDmitri collected $6 from pot
VolkovDmitri: doesn't show hand
*** SUMMARY ***
Total pot $6 | Rake $0
Seat 4: VolkovDmitri (button) (small blind) collected ($6)
Seat 6: 19woody58 (big blind) folded before Flop


PokerStars Hand #152039671646:  Hold'em Limit ($3/$6 USD) - 2016/04/17 8:32:06 ET
Table 'Urania II' 6-max Seat #6 is the button
Seat 4: VolkovDmitri ($120 in chips)
Seat 6: 19woody58 ($238.60 in chips)
19woody58: posts small blind $1
VolkovDmitri: posts big blind $3
*** HOLE CARDS ***
19woody58: raises $3 to $6
VolkovDmitri: calls $3
*** FLOP *** [Kc 4c 2d]
VolkovDmitri: checks
19woody58: bets $3
VolkovDmitri: raises $3 to $6
19woody58: folds
Uncalled bet ($3) returned to VolkovDmitri
VolkovDmitri collected $17.64 from pot
VolkovDmitri: doesn't show hand
*** SUMMARY ***
Total pot $18 | Rake $0.36
Board [Kc 4c 2d]
Seat 4: VolkovDmitri (big blind) collected ($17.64)
Seat 6: 19woody58 (button) (small blind) folded on the Flop


PokerStars Hand #152039729763:  Hold'em Limit ($3/$6 USD) - 2016/04/17 8:33:42 ET
Table 'Urania II' 6-max Seat #4 is the button
Seat 4: VolkovDmitri ($140.28 in chips)
Seat 6: 19woody58 ($217.60 in chips)
VolkovDmitri: posts small blind $1
19woody58: posts big blind $3
*** HOLE CARDS ***
VolkovDmitri: raises $3 to $6
19woody58: folds
Uncalled bet ($3) returned to VolkovDmitri
VolkovDmitri collected $6 from pot
VolkovDmitri: doesn't show hand
*** SUMMARY ***
Total pot $6 | Rake $0
Seat 4: VolkovDmitri (button) (small blind) collected ($6)
Seat 6: 19woody58 (big blind) folded before Flop


PokerStars Hand #152039698365:  Hold'em Limit ($3/$6 USD) - 2016/04/17 8:32:50 ET
Table 'Urania II' 6-max Seat #6 is the button
Seat 4: VolkovDmitri ($131.64 in chips)
Seat 6: 19woody58 ($226.60 in chips)
19woody58: posts small blind $1
VolkovDmitri: posts big blind $3
*** HOLE CARDS ***
19woody58: calls $2
VolkovDmitri: raises $3 to $6
19woody58: calls $3
*** FLOP *** [4c Tc 7s]
VolkovDmitri: bets $3
19woody58: calls $3
*** TURN *** [4c Tc 7s] [6d]
VolkovDmitri: checks
19woody58: checks
*** RIVER *** [4c Tc 7s 6d] [9c]
VolkovDmitri: bets $6
19woody58: folds
Uncalled bet ($6) returned to VolkovDmitri
VolkovDmitri collected $17.64 from pot
VolkovDmitri: doesn't show hand
*** SUMMARY ***
Total pot $18 | Rake $0.36
Board [4c Tc 7s 6d 9c]
Seat 4: VolkovDmitri (big blind) collected ($17.64)
Seat 6: 19woody58 (button) (small blind) folded on the River


