PokerStars Hand #152761254392:  Hold'em Limit ($3/$6 USD) - 2016/05/02 14:39:26 ET
Table 'Urhixidur II' 6-max Seat #4 is the button
Seat 2: bee50402 ($204.36 in chips)
Seat 4: LolDnkaments ($255.75 in chips)
LolDnkaments: posts small blind $1
bee50402: posts big blind $3
*** HOLE CARDS ***
LolDnkaments said, "rigged"
LolDnkaments: raises $3 to $6
bee50402: folds
Uncalled bet ($3) returned to LolDnkaments
LolDnkaments collected $6 from pot
LolDnkaments: doesn't show hand
*** SUMMARY ***
Total pot $6 | Rake $0
Seat 2: bee50402 (big blind) folded before Flop
Seat 4: LolDnkaments (button) (small blind) collected ($6)


PokerStars Hand #152761249015:  Hold'em Limit ($3/$6 USD) - 2016/05/02 14:39:20 ET
Table 'Urhixidur II' 6-max Seat #3 is the button
Seat 3: gkas71 ($32.81 in chips)
Seat 4: LolDnkaments ($254.75 in chips)
gkas71: posts small blind $1
LolDnkaments: posts big blind $3
*** HOLE CARDS ***
bee50402 joins the table at seat #2
gkas71: folds
Uncalled bet ($2) returned to LolDnkaments
gkas71 leaves the table
LolDnkaments collected $2 from pot
LolDnkaments: doesn't show hand
*** SUMMARY ***
Total pot $2 | Rake $0
Seat 3: gkas71 (button) (small blind) folded before Flop
Seat 4: LolDnkaments (big blind) collected ($2)


PokerStars Hand #152761216782:  Hold'em Limit ($3/$6 USD) - 2016/05/02 14:38:44 ET
Table 'Urhixidur II' 6-max Seat #4 is the button
Seat 3: gkas71 ($77.81 in chips)
Seat 4: LolDnkaments ($210.25 in chips)
LolDnkaments: posts small blind $1
kKANGA500: is sitting out
gkas71: posts big blind $3
*** HOLE CARDS ***
LolDnkaments: raises $3 to $6
gkas71: raises $3 to $9
LolDnkaments: calls $3
*** FLOP *** [Jc 2s Ts]
gkas71: bets $3
LolDnkaments: raises $3 to $6
kKANGA500 leaves the table
gkas71: calls $3
*** TURN *** [Jc 2s Ts] [2h]
gkas71: checks
LolDnkaments: bets $6
gkas71: raises $6 to $12
LolDnkaments: raises $6 to $18
gkas71: raises $6 to $24
Betting is capped
LolDnkaments: calls $6
*** RIVER *** [Jc 2s Ts 2h] [2d]
gkas71: checks
LolDnkaments: bets $6
gkas71: calls $6
*** SHOW DOWN ***
LolDnkaments: shows [Th 2c] (four of a kind, Deuces)
gkas71: mucks hand
LolDnkaments collected $89.50 from pot
*** SUMMARY ***
Total pot $90 | Rake $0.50
Board [Jc 2s Ts 2h 2d]
Seat 3: gkas71 (big blind) mucked
Seat 4: LolDnkaments (button) (small blind) showed [Th 2c] and won ($89.50) with four of a kind, Deuces


PokerStars Hand #152761278349:  Hold'em Limit ($3/$6 USD) - 2016/05/02 14:39:52 ET
Table 'Urhixidur II' 6-max Seat #4 is the button
Seat 2: bee50402 ($227.86 in chips)
Seat 4: LolDnkaments ($231.75 in chips)
LolDnkaments: posts small blind $1
bee50402: posts big blind $3
*** HOLE CARDS ***
LolDnkaments: raises $3 to $6
bee50402: folds
Uncalled bet ($3) returned to LolDnkaments
bee50402 leaves the table
LolDnkaments collected $6 from pot
LolDnkaments: doesn't show hand
*** SUMMARY ***
Total pot $6 | Rake $0
Seat 2: bee50402 (big blind) folded before Flop
Seat 4: LolDnkaments (button) (small blind) collected ($6)


PokerStars Hand #152761261170:  Hold'em Limit ($3/$6 USD) - 2016/05/02 14:39:34 ET
Table 'Urhixidur II' 6-max Seat #2 is the button
Seat 2: bee50402 ($201.36 in chips)
Seat 4: LolDnkaments ($258.75 in chips)
bee50402: posts small blind $1
LolDnkaments: posts big blind $3
*** HOLE CARDS ***
bee50402: calls $2
LolDnkaments: raises $3 to $6
bee50402: calls $3
*** FLOP *** [Qc 8s Qd]
LolDnkaments: bets $3
bee50402: calls $3
*** TURN *** [Qc 8s Qd] [8c]
LolDnkaments: bets $6
bee50402: raises $6 to $12
LolDnkaments: calls $6
*** RIVER *** [Qc 8s Qd 8c] [4s]
LolDnkaments: checks
bee50402: bets $6
LolDnkaments: calls $6
*** SHOW DOWN ***
bee50402: shows [Qs 3c] (a full house, Queens full of Eights)
LolDnkaments: mucks hand
bee50402 collected $53.50 from pot
*** SUMMARY ***
Total pot $54 | Rake $0.50
Board [Qc 8s Qd 8c 4s]
Seat 2: bee50402 (button) (small blind) showed [Qs 3c] and won ($53.50) with a full house, Queens full of Eights
Seat 4: LolDnkaments (big blind) mucked


PokerStars Hand #152762286257:  Hold'em Limit ($3/$6 USD) - 2016/05/02 14:59:21 ET
Table 'Urhixidur II' 6-max Seat #4 is the button
Seat 3: Der Bishof ($8.35 in chips)
Seat 4: BuzovaPro ($107.50 in chips)
BuzovaPro: posts small blind $1
Der Bishof: posts big blind $3
*** HOLE CARDS ***
BuzovaPro: raises $3 to $6
Der Bishof: raises $2.35 to $8.35 and is all-in
BuzovaPro: calls $2.35
*** FLOP *** [3c 9s Kd]
*** TURN *** [3c 9s Kd] [7c]
*** RIVER *** [3c 9s Kd 7c] [3d]
*** SHOW DOWN ***
Der Bishof: shows [6s Kh] (two pair, Kings and Threes)
BuzovaPro: shows [8d 5d] (a pair of Threes)
Der Bishof collected $16.37 from pot
*** SUMMARY ***
Total pot $16.70 | Rake $0.33
Board [3c 9s Kd 7c 3d]
Seat 3: Der Bishof (big blind) showed [6s Kh] and won ($16.37) with two pair, Kings and Threes
Seat 4: BuzovaPro (button) (small blind) showed [8d 5d] and lost with a pair of Threes


PokerStars Hand #152762316056:  Hold'em Limit ($3/$6 USD) - 2016/05/02 15:00:03 ET
Table 'Urhixidur II' 6-max Seat #4 is the button
Seat 3: Der Bishof ($18.01 in chips)
Seat 4: BuzovaPro ($96.91 in chips)
BuzovaPro: posts small blind $1
Der Bishof: posts big blind $3
*** HOLE CARDS ***
BuzovaPro: raises $3 to $6
Der Bishof: folds
Uncalled bet ($3) returned to BuzovaPro
BuzovaPro collected $6 from pot
BuzovaPro: doesn't show hand
*** SUMMARY ***
Total pot $6 | Rake $0
Seat 3: Der Bishof (big blind) folded before Flop
Seat 4: BuzovaPro (button) (small blind) collected ($6)


PokerStars Hand #152762320653:  Hold'em Limit ($3/$6 USD) - 2016/05/02 15:00:09 ET
Table 'Urhixidur II' 6-max Seat #3 is the button
Seat 3: Der Bishof ($15.01 in chips)
Seat 4: BuzovaPro ($99.91 in chips)
Der Bishof: posts small blind $1
BuzovaPro: posts big blind $3
*** HOLE CARDS ***
Der Bishof: raises $3 to $6
BuzovaPro: calls $3
*** FLOP *** [7h 9h 9c]
BuzovaPro: checks
Der Bishof: bets $3
BuzovaPro: calls $3
*** TURN *** [7h 9h 9c] [As]
BuzovaPro: checks
Der Bishof: bets $6
BuzovaPro: raises $6 to $12
Der Bishof: calls $0.01 and is all-in
Uncalled bet ($5.99) returned to BuzovaPro
*** RIVER *** [7h 9h 9c As] [7s]
*** SHOW DOWN ***
BuzovaPro: shows [Kd 9s] (a full house, Nines full of Sevens)
Der Bishof: shows [5s Th] (two pair, Nines and Sevens)
BuzovaPro collected $29.52 from pot
*** SUMMARY ***
Total pot $30.02 | Rake $0.50
Board [7h 9h 9c As 7s]
Seat 3: Der Bishof (button) (small blind) showed [5s Th] and lost with two pair, Nines and Sevens
Seat 4: BuzovaPro (big blind) showed [Kd 9s] and won ($29.52) with a full house, Nines full of Sevens


PokerStars Hand #152762295369:  Hold'em Limit ($3/$6 USD) - 2016/05/02 14:59:34 ET
Table 'Urhixidur II' 6-max Seat #3 is the button
Seat 3: Der Bishof ($16.37 in chips)
Seat 4: BuzovaPro ($99.15 in chips)
Der Bishof: posts small blind $1
BuzovaPro: posts big blind $3
*** HOLE CARDS ***
Der Bishof: folds
Uncalled bet ($2) returned to BuzovaPro
BuzovaPro collected $2 from pot
BuzovaPro: doesn't show hand
*** SUMMARY ***
Total pot $2 | Rake $0
Seat 3: Der Bishof (button) (small blind) folded before Flop
Seat 4: BuzovaPro (big blind) collected ($2)


PokerStars Hand #152762298492:  Hold'em Limit ($3/$6 USD) - 2016/05/02 14:59:39 ET
Table 'Urhixidur II' 6-max Seat #4 is the button
Seat 3: Der Bishof ($15.37 in chips)
Seat 4: BuzovaPro ($100.15 in chips)
BuzovaPro: posts small blind $1
Der Bishof: posts big blind $3
*** HOLE CARDS ***
BuzovaPro: raises $3 to $6
Der Bishof: raises $3 to $9
BuzovaPro: calls $3
*** FLOP *** [8s Ad 3c]
Der Bishof: bets $3
BuzovaPro: folds
Uncalled bet ($3) returned to Der Bishof
Der Bishof collected $17.64 from pot
Der Bishof: doesn't show hand
*** SUMMARY ***
Total pot $18 | Rake $0.36
Board [8s Ad 3c]
Seat 3: Der Bishof (big blind) collected ($17.64)
Seat 4: BuzovaPro (button) (small blind) folded on the Flop


PokerStars Hand #152762305676:  Hold'em Limit ($3/$6 USD) - 2016/05/02 14:59:49 ET
Table 'Urhixidur II' 6-max Seat #3 is the button
Seat 3: Der Bishof ($24.01 in chips)
Seat 4: BuzovaPro ($91.15 in chips)
Der Bishof: posts small blind $1
BuzovaPro: posts big blind $3
*** HOLE CARDS ***
Der Bishof: calls $2
BuzovaPro: raises $3 to $6
Der Bishof: calls $3
*** FLOP *** [As 6c Td]
BuzovaPro: bets $3
Der Bishof: folds
Uncalled bet ($3) returned to BuzovaPro
BuzovaPro collected $11.76 from pot
BuzovaPro: doesn't show hand
*** SUMMARY ***
Total pot $12 | Rake $0.24
Board [As 6c Td]
Seat 3: Der Bishof (button) (small blind) folded on the Flop
Seat 4: BuzovaPro (big blind) collected ($11.76)


PokerStars Hand #152763924190:  Hold'em Limit ($3/$6 USD) - 2016/05/02 15:28:12 ET
Table 'Urhixidur II' 6-max Seat #4 is the button
Seat 4: Zubasa07 ($500 in chips)
Seat 5: boriskloris ($120 in chips)
Zubasa07: posts small blind $1
boriskloris: posts big blind $3
*** HOLE CARDS ***
Zubasa07: raises $3 to $6
boriskloris: calls $3
*** FLOP *** [8d 3s 9d]
boriskloris: checks
Zubasa07: bets $3
boriskloris: calls $3
*** TURN *** [8d 3s 9d] [Th]
Chessnok joins the table at seat #6
boriskloris: checks
Zubasa07: checks
*** RIVER *** [8d 3s 9d Th] [4c]
boriskloris: bets $6
Zubasa07: calls $6
*** SHOW DOWN ***
boriskloris: shows [Ah 4s] (a pair of Fours)
Zubasa07: shows [6d 6h] (a pair of Sixes)
Zubasa07 collected $29.50 from pot
*** SUMMARY ***
Total pot $30 | Rake $0.50
Board [8d 3s 9d Th 4c]
Seat 4: Zubasa07 (button) (small blind) showed [6d 6h] and won ($29.50) with a pair of Sixes
Seat 5: boriskloris (big blind) showed [Ah 4s] and lost with a pair of Fours


PokerStars Hand #152764517654:  Hold'em Limit ($3/$6 USD) - 2016/05/02 15:38:21 ET
Table 'Urhixidur II' 6-max Seat #3 is the button
Seat 2: Wurst2000 ($131.72 in chips)
Seat 3: asino222 ($57.84 in chips)
asino222: posts small blind $1
Wurst2000: posts big blind $3
*** HOLE CARDS ***
asino222: raises $3 to $6
Wurst2000: calls $3
*** FLOP *** [Kh 5h Qs]
Wurst2000: checks
asino222: checks
*** TURN *** [Kh 5h Qs] [4s]
Wurst2000: bets $6
asino222: folds
Uncalled bet ($6) returned to Wurst2000
Wurst2000 collected $11.76 from pot
Wurst2000: doesn't show hand
*** SUMMARY ***
Total pot $12 | Rake $0.24
Board [Kh 5h Qs 4s]
Seat 2: Wurst2000 (big blind) collected ($11.76)
Seat 3: asino222 (button) (small blind) folded on the Turn


PokerStars Hand #152768250871:  Hold'em Limit ($3/$6 USD) - 2016/05/02 16:48:09 ET
Table 'Urhixidur II' 6-max Seat #3 is the button
Seat 2: Velbor107 ($343.85 in chips)
Seat 3: tranduc ($94.23 in chips)
tranduc: posts small blind $1
Actionni13: is sitting out
Velbor107: posts big blind $3
*** HOLE CARDS ***
tranduc: calls $2
Velbor107: raises $3 to $6
tranduc: calls $3
*** FLOP *** [Kh 2h 6c]
Velbor107: bets $3
tranduc: folds
Uncalled bet ($3) returned to Velbor107
Velbor107 collected $11.76 from pot
*** SUMMARY ***
Total pot $12 | Rake $0.24
Board [Kh 2h 6c]
Seat 2: Velbor107 (big blind) collected ($11.76)
Seat 3: tranduc (button) (small blind) folded on the Flop


