PokerStars Hand #144637873377:  Hold'em Limit ($3/$6 USD) - 2015/11/30 19:13:56 ET
Table 'Urhixidur' 6-max Seat #1 is the button
Seat 1: mdif ($120 in chips)
Seat 3: permafrost07 ($112.60 in chips)
mdif: posts small blind $1
permafrost07: posts big blind $3
*** HOLE CARDS ***
mdif: folds
Uncalled bet ($2) returned to permafrost07
permafrost07 collected $2 from pot
permafrost07: doesn't show hand
*** SUMMARY ***
Total pot $2 | Rake $0
Seat 1: mdif (button) (small blind) folded before Flop
Seat 3: permafrost07 (big blind) collected ($2)


PokerStars Hand #144637841924:  Hold'em Limit ($3/$6 USD) - 2015/11/30 19:13:09 ET
Table 'Urhixidur' 6-max Seat #3 is the button
Seat 1: mdif ($120 in chips)
Seat 3: permafrost07 ($103.96 in chips)
permafrost07: posts small blind $1
bugsbubble joins the table at seat #5
ValeryRon joins the table at seat #6
Velbor107 has timed out
Velbor107: is sitting out
mdif: posts big blind $3
*** HOLE CARDS ***
permafrost07: calls $2
mdif: raises $3 to $6
permafrost07: calls $3
*** FLOP *** [2s Qc 7h]
mdif: bets $3
permafrost07: calls $3
*** TURN *** [2s Qc 7h] [5s]
mdif: checks
permafrost07: checks
*** RIVER *** [2s Qc 7h 5s] [4c]
mdif: checks
permafrost07: bets $6
mdif: folds
Uncalled bet ($6) returned to permafrost07
permafrost07 collected $17.64 from pot
permafrost07: doesn't show hand
*** SUMMARY ***
Total pot $18 | Rake $0.36
Board [2s Qc 7h 5s 4c]
Seat 1: mdif (big blind) folded on the River
Seat 3: permafrost07 (button) (small blind) collected ($17.64)


PokerStars Hand #144638724021:  Hold'em Limit ($3/$6 USD) - 2015/11/30 19:36:10 ET
Table 'Urhixidur' 6-max Seat #5 is the button
Seat 3: karambakilla ($116 in chips)
Seat 5: bugsbubble ($149.49 in chips)
bugsbubble: posts small blind $1
HappyHb95: is sitting out
karambakilla: posts big blind $3
*** HOLE CARDS ***
HappyHb95 leaves the table
bugsbubble: folds
Uncalled bet ($2) returned to karambakilla
karambakilla collected $2 from pot
karambakilla: doesn't show hand
*** SUMMARY ***
Total pot $2 | Rake $0
Seat 3: karambakilla (big blind) collected ($2)
Seat 5: bugsbubble (button) (small blind) folded before Flop


PokerStars Hand #144638730745:  Hold'em Limit ($3/$6 USD) - 2015/11/30 19:36:21 ET
Table 'Urhixidur' 6-max Seat #3 is the button
Seat 3: karambakilla ($117 in chips)
Seat 5: bugsbubble ($148.49 in chips)
karambakilla: posts small blind $1
bugsbubble: posts big blind $3
*** HOLE CARDS ***
karambakilla: raises $3 to $6
bugsbubble: raises $3 to $9
karambakilla: calls $3
*** FLOP *** [Ah 5h Jd]
bugsbubble: bets $3
karambakilla: folds
Uncalled bet ($3) returned to bugsbubble
bugsbubble collected $17.64 from pot
bugsbubble: doesn't show hand
*** SUMMARY ***
Total pot $18 | Rake $0.36
Board [Ah 5h Jd]
Seat 3: karambakilla (button) (small blind) folded on the Flop
Seat 5: bugsbubble (big blind) collected ($17.64)


PokerStars Hand #144638738324:  Hold'em Limit ($3/$6 USD) - 2015/11/30 19:36:33 ET
Table 'Urhixidur' 6-max Seat #5 is the button
Seat 3: karambakilla ($108 in chips)
Seat 5: bugsbubble ($157.13 in chips)
bugsbubble: posts small blind $1
karambakilla: posts big blind $3
*** HOLE CARDS ***
bugsbubble: folds
Uncalled bet ($2) returned to karambakilla
karambakilla collected $2 from pot
karambakilla: doesn't show hand
*** SUMMARY ***
Total pot $2 | Rake $0
Seat 3: karambakilla (big blind) collected ($2)
Seat 5: bugsbubble (button) (small blind) folded before Flop


