PokerStars Hand #164381092593:  Hold'em Limit ($3/$6 USD) - 2017/01/10 20:50:13 ET
Table 'Urhixidur III' 6-max Seat #3 is the button
Seat 3: Kartll11 ($120 in chips)
Seat 4: Great_Kang ($120 in chips)
Kartll11: posts small blind $1
Great_Kang: posts big blind $3
*** HOLE CARDS ***
Kartll11: raises $3 to $6
Great_Kang: calls $3
*** FLOP *** [Th 4d 3h]
Great_Kang: checks
Kartll11: bets $3
TheU10 joins the table at seat #5
Great_Kang: calls $3
*** TURN *** [Th 4d 3h] [7s]
Great_Kang: checks
Kartll11: bets $6
Great_Kang: folds
Uncalled bet ($6) returned to Kartll11
Kartll11 collected $17.64 from pot
Kartll11: doesn't show hand
*** SUMMARY ***
Total pot $18 | Rake $0.36
Board [Th 4d 3h 7s]
Seat 3: Kartll11 (button) (small blind) collected ($17.64)
Seat 4: Great_Kang (big blind) folded on the Turn


PokerStars Hand #164383574478:  Hold'em Limit ($3/$6 USD) - 2017/01/10 22:21:26 ET
Table 'Urhixidur III' 6-max Seat #6 is the button
Seat 1: Great_Kang ($126.96 in chips)
Seat 6: Lackys07 ($179.76 in chips)
Lackys07: posts small blind $1
Great_Kang: posts big blind $3
*** HOLE CARDS ***
Lackys07: raises $3 to $6
Great_Kang: calls $3
*** FLOP *** [6h Qc Th]
Great_Kang: checks
Lackys07: checks
*** TURN *** [6h Qc Th] [Jc]
Great_Kang: checks
Lackys07: bets $6
Great_Kang: folds
Uncalled bet ($6) returned to Lackys07
Lackys07 collected $11.76 from pot
Lackys07: doesn't show hand
*** SUMMARY ***
Total pot $12 | Rake $0.24
Board [6h Qc Th Jc]
Seat 1: Great_Kang (big blind) folded on the Turn
Seat 6: Lackys07 (button) (small blind) collected ($11.76)


PokerStars Hand #164383588149:  Hold'em Limit ($3/$6 USD) - 2017/01/10 22:22:01 ET
Table 'Urhixidur III' 6-max Seat #6 is the button
Seat 1: Great_Kang ($123.96 in chips)
Seat 6: Lackys07 ($182.52 in chips)
Lackys07: posts small blind $1
Great_Kang: posts big blind $3
*** HOLE CARDS ***
Lackys07: folds
Uncalled bet ($2) returned to Great_Kang
Great_Kang collected $2 from pot
Great_Kang: doesn't show hand
*** SUMMARY ***
Total pot $2 | Rake $0
Seat 1: Great_Kang (big blind) collected ($2)
Seat 6: Lackys07 (button) (small blind) folded before Flop


PokerStars Hand #164383562758:  Hold'em Limit ($3/$6 USD) - 2017/01/10 22:20:56 ET
Table 'Urhixidur III' 6-max Seat #1 is the button
Seat 1: Great_Kang ($121.20 in chips)
Seat 6: Lackys07 ($185.76 in chips)
Great_Kang: posts small blind $1
Speed2008: is sitting out
Lackys07: posts big blind $3
*** HOLE CARDS ***
Great_Kang: raises $3 to $6
Lackys07: calls $3
*** FLOP *** [Ah 2d 2s]
Lackys07: checks
Great_Kang: bets $3
Lackys07: folds
Uncalled bet ($3) returned to Great_Kang
Great_Kang collected $11.76 from pot
Great_Kang: doesn't show hand
*** SUMMARY ***
Total pot $12 | Rake $0.24
Board [Ah 2d 2s]
Seat 1: Great_Kang (button) (small blind) collected ($11.76)
Seat 6: Lackys07 (big blind) folded on the Flop


PokerStars Hand #164383610398:  Hold'em Limit ($3/$6 USD) - 2017/01/10 22:22:59 ET
Table 'Urhixidur III' 6-max Seat #6 is the button
Seat 1: Great_Kang ($120 in chips)
Seat 6: Lackys07 ($190.16 in chips)
Lackys07: posts small blind $1
Great_Kang: posts big blind $3
*** HOLE CARDS ***
Lackys07: folds
Uncalled bet ($2) returned to Great_Kang
Great_Kang collected $2 from pot
Great_Kang: doesn't show hand
*** SUMMARY ***
Total pot $2 | Rake $0
Seat 1: Great_Kang (big blind) collected ($2)
Seat 6: Lackys07 (button) (small blind) folded before Flop


PokerStars Hand #164383590051:  Hold'em Limit ($3/$6 USD) - 2017/01/10 22:22:06 ET
Table 'Urhixidur III' 6-max Seat #1 is the button
Seat 1: Great_Kang ($124.96 in chips)
Seat 6: Lackys07 ($181.52 in chips)
Great_Kang: posts small blind $1
Lackys07: posts big blind $3
*** HOLE CARDS ***
Great_Kang: raises $3 to $6
Lackys07: calls $3
*** FLOP *** [2h 7h Ac]
Lackys07: checks
Speed2008 leaves the table
Great_Kang: bets $3
Lackys07: calls $3
*** TURN *** [2h 7h Ac] [7d]
Lackys07: checks
Great_Kang: checks
*** RIVER *** [2h 7h Ac 7d] [5c]
Lackys07: bets $6
Great_Kang: folds
Uncalled bet ($6) returned to Lackys07
Lackys07 collected $17.64 from pot
Lackys07: doesn't show hand
*** SUMMARY ***
Total pot $18 | Rake $0.36
Board [2h 7h Ac 7d 5c]
Seat 1: Great_Kang (button) (small blind) folded on the River
Seat 6: Lackys07 (big blind) collected ($17.64)


