PokerStars Hand #147546747568:  Hold'em Limit ($3/$6 USD) - 2016/01/23 13:15:40 ET
Table 'Urhixidur II' 2-max Seat #2 is the button
Seat 1: Azrarn ($126.76 in chips)
Seat 2: melyh82 ($90.36 in chips)
melyh82: posts small blind $1
Azrarn: posts big blind $3
*** HOLE CARDS ***
melyh82: raises $3 to $6
Azrarn: folds
Uncalled bet ($3) returned to melyh82
melyh82 collected $6 from pot
*** SUMMARY ***
Total pot $6 | Rake $0
Seat 1: Azrarn (big blind) folded before Flop
Seat 2: melyh82 (button) (small blind) collected ($6)


PokerStars Hand #147546733892:  Hold'em Limit ($3/$6 USD) - 2016/01/23 13:15:27 ET
Table 'Urhixidur II' 2-max Seat #1 is the button
Seat 1: Azrarn ($121 in chips)
Seat 2: melyh82 ($96.36 in chips)
Azrarn: posts small blind $1
melyh82: posts big blind $3
*** HOLE CARDS ***
Azrarn: raises $3 to $6
melyh82: calls $3
*** FLOP *** [9c 6d Kc]
melyh82: checks
Azrarn: checks
*** TURN *** [9c 6d Kc] [5h]
melyh82: checks
Azrarn: bets $6
melyh82: folds
Uncalled bet ($6) returned to Azrarn
Azrarn collected $11.76 from pot
Azrarn: doesn't show hand
*** SUMMARY ***
Total pot $12 | Rake $0.24
Board [9c 6d Kc 5h]
Seat 1: Azrarn (button) (small blind) collected ($11.76)
Seat 2: melyh82 (big blind) folded on the Turn


PokerStars Hand #147546754423:  Hold'em Limit ($3/$6 USD) - 2016/01/23 13:15:47 ET
Table 'Urhixidur II' 2-max Seat #1 is the button
Seat 1: Azrarn ($123.76 in chips)
Seat 2: melyh82 ($93.36 in chips)
Azrarn: posts small blind $1
melyh82: posts big blind $3
*** HOLE CARDS ***
Azrarn: raises $3 to $6
melyh82: calls $3
*** FLOP *** [2s 9s 3c]
melyh82: checks
Azrarn: bets $3
melyh82: raises $3 to $6
Azrarn: calls $3
*** TURN *** [2s 9s 3c] [Qc]
melyh82: bets $6
Azrarn: calls $6
*** RIVER *** [2s 9s 3c Qc] [Jh]
melyh82: bets $6
Azrarn: calls $6
*** SHOW DOWN ***
melyh82: shows [9h Qh] (two pair, Queens and Nines)
Azrarn: mucks hand
melyh82 collected $47.50 from pot
*** SUMMARY ***
Total pot $48 | Rake $0.50
Board [2s 9s 3c Qc Jh]
Seat 1: Azrarn (button) (small blind) mucked
Seat 2: melyh82 (big blind) showed [9h Qh] and won ($47.50) with two pair, Queens and Nines


PokerStars Hand #147546781237:  Hold'em Limit ($3/$6 USD) - 2016/01/23 13:16:13 ET
Table 'Urhixidur II' 2-max Seat #1 is the button
Seat 1: Azrarn ($100.76 in chips)
Seat 2: melyh82 ($115.86 in chips)
Azrarn: posts small blind $1
melyh82: posts big blind $3
*** HOLE CARDS ***
Azrarn: folds
Uncalled bet ($2) returned to melyh82
melyh82 collected $2 from pot
*** SUMMARY ***
Total pot $2 | Rake $0
Seat 1: Azrarn (button) (small blind) folded before Flop
Seat 2: melyh82 (big blind) collected ($2)


PokerStars Hand #147546774441:  Hold'em Limit ($3/$6 USD) - 2016/01/23 13:16:06 ET
Table 'Urhixidur II' 2-max Seat #2 is the button
Seat 1: Azrarn ($99.76 in chips)
Seat 2: melyh82 ($116.86 in chips)
melyh82: posts small blind $1
Azrarn: posts big blind $3
*** HOLE CARDS ***
melyh82: folds
Uncalled bet ($2) returned to Azrarn
Azrarn collected $2 from pot
Azrarn: doesn't show hand
*** SUMMARY ***
Total pot $2 | Rake $0
Seat 1: Azrarn (big blind) collected ($2)
Seat 2: melyh82 (button) (small blind) folded before Flop


