PokerStars Hand #157608608435:  Hold'em Limit ($3/$6 USD) - 2016/08/22 15:38:42 ET
Table 'Ursa II' 6-max Seat #3 is the button
Seat 3: xcgxcg2005 ($83 in chips)
Seat 5: Pandakey ($156.50 in chips)
xcgxcg2005: posts small blind $1
Pandakey: posts big blind $3
*** HOLE CARDS ***
xcgxcg2005: raises $3 to $6
Pandakey: calls $3
*** FLOP *** [Qd 8s 2s]
Pandakey: checks
xcgxcg2005: bets $3
Pandakey: folds
Uncalled bet ($3) returned to xcgxcg2005
xcgxcg2005 collected $11.76 from pot
xcgxcg2005: doesn't show hand
*** SUMMARY ***
Total pot $12 | Rake $0.24
Board [Qd 8s 2s]
Seat 3: xcgxcg2005 (button) (small blind) collected ($11.76)
Seat 5: Pandakey (big blind) folded on the Flop


PokerStars Hand #157608588157:  Hold'em Limit ($3/$6 USD) - 2016/08/22 15:38:19 ET
Table 'Ursa II' 6-max Seat #5 is the button
Seat 3: xcgxcg2005 ($119 in chips)
Seat 5: Pandakey ($121 in chips)
Pandakey: posts small blind $1
xcgxcg2005: posts big blind $3
*** HOLE CARDS ***
Pandakey: raises $3 to $6
xcgxcg2005: raises $3 to $9
Pandakey: calls $3
*** FLOP *** [7h Qh 4d]
xcgxcg2005: bets $3
Pandakey: calls $3
*** TURN *** [7h Qh 4d] [3c]
xcgxcg2005: bets $6
Pandakey: raises $6 to $12
xcgxcg2005: raises $6 to $18
Pandakey: calls $6
*** RIVER *** [7h Qh 4d 3c] [7d]
xcgxcg2005: bets $6
Pandakey: calls $6
*** SHOW DOWN ***
xcgxcg2005: shows [Th Qd] (two pair, Queens and Sevens)
Pandakey: shows [Jc Qs] (two pair, Queens and Sevens - Jack kicker)
Pandakey collected $71.50 from pot
*** SUMMARY ***
Total pot $72 | Rake $0.50
Board [7h Qh 4d 3c 7d]
Seat 3: xcgxcg2005 (big blind) showed [Th Qd] and lost with two pair, Queens and Sevens
Seat 5: Pandakey (button) (small blind) showed [Jc Qs] and won ($71.50) with two pair, Queens and Sevens


PokerStars Hand #157608635255:  Hold'em Limit ($3/$6 USD) - 2016/08/22 15:39:14 ET
Table 'Ursa II' 6-max Seat #3 is the button
Seat 3: xcgxcg2005 ($76.76 in chips)
Seat 5: Pandakey ($162.02 in chips)
xcgxcg2005: posts small blind $1
Pandakey: posts big blind $3
*** HOLE CARDS ***
xcgxcg2005: folds
Uncalled bet ($2) returned to Pandakey
Pandakey collected $2 from pot
Pandakey: doesn't show hand
*** SUMMARY ***
Total pot $2 | Rake $0
Seat 3: xcgxcg2005 (button) (small blind) folded before Flop
Seat 5: Pandakey (big blind) collected ($2)


PokerStars Hand #157608616830:  Hold'em Limit ($3/$6 USD) - 2016/08/22 15:38:52 ET
Table 'Ursa II' 6-max Seat #5 is the button
Seat 3: xcgxcg2005 ($88.76 in chips)
Seat 5: Pandakey ($150.50 in chips)
Pandakey: posts small blind $1
xcgxcg2005: posts big blind $3
*** HOLE CARDS ***
Pandakey: raises $3 to $6
xcgxcg2005: calls $3
*** FLOP *** [Qh Ad Ah]
xcgxcg2005: checks
Pandakey: checks
*** TURN *** [Qh Ad Ah] [8c]
xcgxcg2005: bets $6
Pandakey: calls $6
*** RIVER *** [Qh Ad Ah 8c] [Kh]
alpha2777 joins the table at seat #6
xcgxcg2005: checks
Pandakey: bets $6
xcgxcg2005: folds
Uncalled bet ($6) returned to Pandakey
Pandakey collected $23.52 from pot
Pandakey: doesn't show hand
*** SUMMARY ***
Total pot $24 | Rake $0.48
Board [Qh Ad Ah 8c Kh]
Seat 3: xcgxcg2005 (big blind) folded on the River
Seat 5: Pandakey (button) (small blind) collected ($23.52)


PokerStars Hand #157609226950:  Hold'em Limit ($3/$6 USD) - 2016/08/22 15:50:37 ET
Table 'Ursa II' 6-max Seat #1 is the button
Seat 1: Koraseg ($91.39 in chips)
Seat 6: alpha2777 ($151.74 in chips)
Koraseg: posts small blind $1
alpha2777: posts big blind $3
*** HOLE CARDS ***
Koraseg: raises $3 to $6
alpha2777: calls $3
*** FLOP *** [8c 4d Kd]
alpha2777: checks
Koraseg: bets $3
alpha2777: folds
Uncalled bet ($3) returned to Koraseg
Koraseg collected $11.76 from pot
Koraseg: doesn't show hand
*** SUMMARY ***
Total pot $12 | Rake $0.24
Board [8c 4d Kd]
Seat 1: Koraseg (button) (small blind) collected ($11.76)
Seat 6: alpha2777 (big blind) folded on the Flop


PokerStars Hand #157609203874:  Hold'em Limit ($3/$6 USD) - 2016/08/22 15:50:10 ET
Table 'Ursa II' 6-max Seat #6 is the button
Seat 1: Koraseg ($73.89 in chips)
Seat 6: alpha2777 ($169.74 in chips)
alpha2777: posts small blind $1
Koraseg: posts big blind $3
*** HOLE CARDS ***
alpha2777: raises $3 to $6
Koraseg: calls $3
*** FLOP *** [7h 6h 9d]
Koraseg: checks
alpha2777: bets $3
Koraseg: raises $3 to $6
alpha2777: calls $3
*** TURN *** [7h 6h 9d] [Tc]
Koraseg: checks
alpha2777: bets $6
Koraseg: calls $6
*** RIVER *** [7h 6h 9d Tc] [2d]
Koraseg: checks
alpha2777: checks
*** SHOW DOWN ***
Koraseg: shows [9h Ks] (a pair of Nines)
alpha2777: mucks hand
Koraseg collected $35.50 from pot
*** SUMMARY ***
Total pot $36 | Rake $0.50
Board [7h 6h 9d Tc 2d]
Seat 1: Koraseg (big blind) showed [9h Ks] and won ($35.50) with a pair of Nines
Seat 6: alpha2777 (button) (small blind) mucked


PokerStars Hand #157609198699:  Hold'em Limit ($3/$6 USD) - 2016/08/22 15:50:04 ET
Table 'Ursa II' 6-max Seat #1 is the button
Seat 1: Koraseg ($70.89 in chips)
Seat 6: alpha2777 ($172.74 in chips)
Koraseg: posts small blind $1
alpha2777: posts big blind $3
*** HOLE CARDS ***
Koraseg: raises $3 to $6
alpha2777: folds
Uncalled bet ($3) returned to Koraseg
Koraseg collected $6 from pot
Koraseg: doesn't show hand
*** SUMMARY ***
Total pot $6 | Rake $0
Seat 1: Koraseg (button) (small blind) collected ($6)
Seat 6: alpha2777 (big blind) folded before Flop


PokerStars Hand #157609194023:  Hold'em Limit ($3/$6 USD) - 2016/08/22 15:49:58 ET
Table 'Ursa II' 6-max Seat #6 is the button
Seat 1: Koraseg ($69.89 in chips)
Seat 6: alpha2777 ($173.74 in chips)
alpha2777: posts small blind $1
Koraseg: posts big blind $3
*** HOLE CARDS ***
alpha2777: folds
Uncalled bet ($2) returned to Koraseg
Koraseg collected $2 from pot
Koraseg: doesn't show hand
*** SUMMARY ***
Total pot $2 | Rake $0
Seat 1: Koraseg (big blind) collected ($2)
Seat 6: alpha2777 (button) (small blind) folded before Flop


PokerStars Hand #157609185439:  Hold'em Limit ($3/$6 USD) - 2016/08/22 15:49:48 ET
Table 'Ursa II' 6-max Seat #1 is the button
Seat 1: Koraseg ($75.89 in chips)
Seat 6: alpha2777 ($167.98 in chips)
Koraseg: posts small blind $1
Pandakey: is sitting out
alpha2777: posts big blind $3
*** HOLE CARDS ***
Koraseg: raises $3 to $6
Pandakey leaves the table
alpha2777: calls $3
*** FLOP *** [Ac 3s 8s]
alpha2777: bets $3
Koraseg: folds
Uncalled bet ($3) returned to alpha2777
alpha2777 collected $11.76 from pot
alpha2777: doesn't show hand
*** SUMMARY ***
Total pot $12 | Rake $0.24
Board [Ac 3s 8s]
Seat 1: Koraseg (button) (small blind) folded on the Flop
Seat 6: alpha2777 (big blind) collected ($11.76)


PokerStars Hand #157609237099:  Hold'em Limit ($3/$6 USD) - 2016/08/22 15:50:49 ET
Table 'Ursa II' 6-max Seat #6 is the button
Seat 1: Koraseg ($97.15 in chips)
Seat 6: alpha2777 ($145.74 in chips)
alpha2777: posts small blind $1
Koraseg: posts big blind $3
*** HOLE CARDS ***
alpha2777: raises $3 to $6
Koraseg: calls $3
*** FLOP *** [Ac As 7h]
Koraseg: checks
alpha2777: bets $3
Koraseg: calls $3
*** TURN *** [Ac As 7h] [9s]
Koraseg: checks
alpha2777: checks
*** RIVER *** [Ac As 7h 9s] [Qs]
Koraseg: checks
alpha2777: checks
*** SHOW DOWN ***
Koraseg: shows [5s Kh] (a pair of Aces)
alpha2777: mucks hand
Koraseg collected $17.64 from pot
*** SUMMARY ***
Total pot $18 | Rake $0.36
Board [Ac As 7h 9s Qs]
Seat 1: Koraseg (big blind) showed [5s Kh] and won ($17.64) with a pair of Aces
Seat 6: alpha2777 (button) (small blind) mucked


