PokerStars Hand #166449849096:  Hold'em Limit ($3/$6 USD) - 2017/02/19 10:28:17 ET
Table 'Ursa II' 6-max Seat #5 is the button
Seat 4: AzureCaper ($115.62 in chips)
Seat 5: Fabulous108 ($76.33 in chips)
Fabulous108: posts small blind $1
AzureCaper: posts big blind $3
*** HOLE CARDS ***
Fabulous108: raises $3 to $6
chanchorengo leaves the table
AzureCaper: calls $3
*** FLOP *** [4c 7d 3c]
AzureCaper: checks
Fabulous108: bets $3
AzureCaper: raises $3 to $6
Fabulous108: raises $3 to $9
AzureCaper: raises $3 to $12
Betting is capped
Fabulous108: calls $3
*** TURN *** [4c 7d 3c] [2h]
AzureCaper: bets $6
Fabulous108: calls $6
*** RIVER *** [4c 7d 3c 2h] [3h]
AzureCaper: bets $6
Fabulous108: calls $6
*** SHOW DOWN ***
AzureCaper: shows [7c Tc] (two pair, Sevens and Threes)
Fabulous108: mucks hand
AzureCaper collected $59.50 from pot
*** SUMMARY ***
Total pot $60 | Rake $0.50
Board [4c 7d 3c 2h 3h]
Seat 4: AzureCaper (big blind) showed [7c Tc] and won ($59.50) with two pair, Sevens and Threes
Seat 5: Fabulous108 (button) (small blind) mucked


PokerStars Hand #166449876631:  Hold'em Limit ($3/$6 USD) - 2017/02/19 10:28:50 ET
Table 'Ursa II' 6-max Seat #4 is the button
Seat 4: AzureCaper ($145.12 in chips)
Seat 5: Fabulous108 ($46.33 in chips)
AzureCaper: posts small blind $1
Fabulous108: posts big blind $3
*** HOLE CARDS ***
AzureCaper: raises $3 to $6
Fabulous108: folds
Uncalled bet ($3) returned to AzureCaper
AzureCaper collected $6 from pot
AzureCaper: doesn't show hand
*** SUMMARY ***
Total pot $6 | Rake $0
Seat 4: AzureCaper (button) (small blind) collected ($6)
Seat 5: Fabulous108 (big blind) folded before Flop


