PokerStars Hand #153337889271:  Hold'em Limit ($3/$6 USD) - 2016/05/15 6:05:56 ET
Table 'Ursa' 6-max Seat #4 is the button
Seat 4: Agrotait ($108.64 in chips)
Seat 6: riskitalloz ($48 in chips)
Agrotait: posts small blind $1
riskitalloz: posts big blind $3
*** HOLE CARDS ***
Agrotait: raises $3 to $6
riskitalloz: folds
Uncalled bet ($3) returned to Agrotait
Agrotait collected $6 from pot
Agrotait: doesn't show hand
*** SUMMARY ***
Total pot $6 | Rake $0
Seat 4: Agrotait (button) (small blind) collected ($6)
Seat 6: riskitalloz (big blind) folded before Flop


PokerStars Hand #153337883590:  Hold'em Limit ($3/$6 USD) - 2016/05/15 6:05:43 ET
Table 'Ursa' 6-max Seat #6 is the button
Seat 4: Agrotait ($111.64 in chips)
Seat 6: riskitalloz ($45 in chips)
riskitalloz: posts small blind $1
Agrotait: posts big blind $3
*** HOLE CARDS ***
riskitalloz: raises $3 to $6
Agrotait: folds
Uncalled bet ($3) returned to riskitalloz
riskitalloz collected $6 from pot
riskitalloz: doesn't show hand
*** SUMMARY ***
Total pot $6 | Rake $0
Seat 4: Agrotait (big blind) folded before Flop
Seat 6: riskitalloz (button) (small blind) collected ($6)


PokerStars Hand #153337873496:  Hold'em Limit ($3/$6 USD) - 2016/05/15 6:05:20 ET
Table 'Ursa' 6-max Seat #4 is the button
Seat 4: Agrotait ($108.64 in chips)
Seat 6: riskitalloz ($48 in chips)
Agrotait: posts small blind $1
riskitalloz: posts big blind $3
*** HOLE CARDS ***
Agrotait: raises $3 to $6
riskitalloz: folds
Uncalled bet ($3) returned to Agrotait
Agrotait collected $6 from pot
Agrotait: doesn't show hand
*** SUMMARY ***
Total pot $6 | Rake $0
Seat 4: Agrotait (button) (small blind) collected ($6)
Seat 6: riskitalloz (big blind) folded before Flop


PokerStars Hand #153337893217:  Hold'em Limit ($3/$6 USD) - 2016/05/15 6:06:04 ET
Table 'Ursa' 6-max Seat #6 is the button
Seat 4: Agrotait ($111.64 in chips)
Seat 6: riskitalloz ($45 in chips)
riskitalloz: posts small blind $1
Agrotait: posts big blind $3
*** HOLE CARDS ***
riskitalloz: raises $3 to $6
Agrotait: calls $3
*** FLOP *** [3h Kc 5c]
Agrotait: checks
riskitalloz: bets $3
Agrotait: calls $3
*** TURN *** [3h Kc 5c] [As]
Agrotait: checks
riskitalloz: bets $6
Agrotait: raises $6 to $12
ermolov1 joins the table at seat #1
riskitalloz: calls $6
*** RIVER *** [3h Kc 5c As] [Ad]
Agrotait: bets $6
riskitalloz: calls $6
*** SHOW DOWN ***
Agrotait: shows [4c Ac] (three of a kind, Aces)
riskitalloz: mucks hand
Agrotait collected $53.50 from pot
*** SUMMARY ***
Total pot $54 | Rake $0.50
Board [3h Kc 5c As Ad]
Seat 4: Agrotait (big blind) showed [4c Ac] and won ($53.50) with three of a kind, Aces
Seat 6: riskitalloz (button) (small blind) mucked


PokerStars Hand #153337918342:  Hold'em Limit ($3/$6 USD) - 2016/05/15 6:07:00 ET
Table 'Ursa' 6-max Seat #4 is the button
Seat 4: Agrotait ($138.14 in chips)
Seat 6: riskitalloz ($18 in chips)
Agrotait: posts small blind $1
riskitalloz: posts big blind $3
*** HOLE CARDS ***
Agrotait: raises $3 to $6
riskitalloz: raises $3 to $9
Agrotait: calls $3
*** FLOP *** [Ts 9d Qs]
riskitalloz: bets $3
Agrotait: raises $3 to $6
riskitalloz: calls $3
*** TURN *** [Ts 9d Qs] [Qh]
riskitalloz: checks
Agrotait: bets $6
riskitalloz: calls $3 and is all-in
Uncalled bet ($3) returned to Agrotait
*** RIVER *** [Ts 9d Qs Qh] [5s]
*** SHOW DOWN ***
riskitalloz: shows [Jc Ah] (a pair of Queens)
Agrotait: shows [Qd 9h] (a full house, Queens full of Nines)
Agrotait collected $35.50 from pot
*** SUMMARY ***
Total pot $36 | Rake $0.50
Board [Ts 9d Qs Qh 5s]
Seat 4: Agrotait (button) (small blind) showed [Qd 9h] and won ($35.50) with a full house, Queens full of Nines
Seat 6: riskitalloz (big blind) showed [Jc Ah] and lost with a pair of Queens


PokerStars Hand #153338293304:  Hold'em Limit ($3/$6 USD) - 2016/05/15 6:20:43 ET
Table 'Ursa' 6-max Seat #6 is the button
Seat 2: kolaz03 ($129.71 in chips)
Seat 6: riskitalloz ($40.33 in chips)
riskitalloz: posts small blind $1
ermolov1: is sitting out
kolaz03: posts big blind $3
*** HOLE CARDS ***
riskitalloz: folds
Uncalled bet ($2) returned to kolaz03
kolaz03 collected $2 from pot
kolaz03: doesn't show hand
*** SUMMARY ***
Total pot $2 | Rake $0
Seat 2: kolaz03 (big blind) collected ($2)
Seat 6: riskitalloz (button) (small blind) folded before Flop


PokerStars Hand #153338296337:  Hold'em Limit ($3/$6 USD) - 2016/05/15 6:20:49 ET
Table 'Ursa' 6-max Seat #2 is the button
Seat 2: kolaz03 ($130.71 in chips)
Seat 6: riskitalloz ($39.33 in chips)
kolaz03: posts small blind $1
riskitalloz: posts big blind $3
*** HOLE CARDS ***
kolaz03: folds
Uncalled bet ($2) returned to riskitalloz
riskitalloz collected $2 from pot
riskitalloz: doesn't show hand
*** SUMMARY ***
Total pot $2 | Rake $0
Seat 2: kolaz03 (button) (small blind) folded before Flop
Seat 6: riskitalloz (big blind) collected ($2)


PokerStars Hand #153338472639:  Hold'em Limit ($3/$6 USD) - 2016/05/15 6:27:06 ET
Table 'Ursa' 6-max Seat #6 is the button
Seat 2: kolaz03 ($72 in chips)
Seat 6: riskitalloz ($130.72 in chips)
riskitalloz: posts small blind $1
kolaz03: posts big blind $3
*** HOLE CARDS ***
Agrotait leaves the table
riskitalloz: raises $3 to $6
kolaz03: calls $3
*** FLOP *** [Ac 2s 6d]
kolaz03: checks
Agrotait joins the table at seat #1
riskitalloz: bets $3
kolaz03: calls $3
*** TURN *** [Ac 2s 6d] [6h]
kolaz03: checks
riskitalloz: bets $6
kolaz03: calls $6
*** RIVER *** [Ac 2s 6d 6h] [Jd]
kolaz03: checks
riskitalloz: bets $6
kolaz03: calls $6
*** SHOW DOWN ***
riskitalloz: shows [3d 5h] (a pair of Sixes)
kolaz03: shows [Ad 2d] (two pair, Aces and Sixes)
kolaz03 collected $41.50 from pot
*** SUMMARY ***
Total pot $42 | Rake $0.50
Board [Ac 2s 6d 6h Jd]
Seat 2: kolaz03 (big blind) showed [Ad 2d] and won ($41.50) with two pair, Aces and Sixes
Seat 6: riskitalloz (button) (small blind) showed [3d 5h] and lost with a pair of Sixes


PokerStars Hand #153338470492:  Hold'em Limit ($3/$6 USD) - 2016/05/15 6:27:01 ET
Table 'Ursa' 6-max Seat #2 is the button
Seat 2: kolaz03 ($72 in chips)
Seat 6: riskitalloz ($129.72 in chips)
kolaz03: posts small blind $1
Agrotait: is sitting out
riskitalloz: posts big blind $3
*** HOLE CARDS ***
kolaz03: folds
Uncalled bet ($2) returned to riskitalloz
riskitalloz collected $2 from pot
riskitalloz: doesn't show hand
*** SUMMARY ***
Total pot $2 | Rake $0
Seat 2: kolaz03 (button) (small blind) folded before Flop
Seat 6: riskitalloz (big blind) collected ($2)


PokerStars Hand #153338506968:  Hold'em Limit ($3/$6 USD) - 2016/05/15 6:28:19 ET
Table 'Ursa' 6-max Seat #6 is the button
Seat 1: Agrotait ($66 in chips)
Seat 6: riskitalloz ($81.72 in chips)
riskitalloz: posts small blind $1
Agrotait: posts big blind $3
*** HOLE CARDS ***
riskitalloz: folds
Uncalled bet ($2) returned to Agrotait
Agrotait collected $2 from pot
Agrotait: doesn't show hand
*** SUMMARY ***
Total pot $2 | Rake $0
Seat 1: Agrotait (big blind) collected ($2)
Seat 6: riskitalloz (button) (small blind) folded before Flop


PokerStars Hand #153338503152:  Hold'em Limit ($3/$6 USD) - 2016/05/15 6:28:10 ET
Table 'Ursa' 6-max Seat #1 is the button
Seat 1: Agrotait ($63 in chips)
Seat 6: riskitalloz ($84.72 in chips)
Agrotait: posts small blind $1
kolaz03: is sitting out
riskitalloz: posts big blind $3
*** HOLE CARDS ***
Agrotait: raises $3 to $6
riskitalloz: folds
Uncalled bet ($3) returned to Agrotait
Agrotait collected $6 from pot
Agrotait: doesn't show hand
*** SUMMARY ***
Total pot $6 | Rake $0
Seat 1: Agrotait (button) (small blind) collected ($6)
Seat 6: riskitalloz (big blind) folded before Flop


PokerStars Hand #153338482124:  Hold'em Limit ($3/$6 USD) - 2016/05/15 6:27:26 ET
Table 'Ursa' 6-max Seat #2 is the button
Seat 2: kolaz03 ($92.50 in chips)
Seat 6: riskitalloz ($109.72 in chips)
kolaz03: posts small blind $1
riskitalloz: posts big blind $3
*** HOLE CARDS ***
kolaz03: raises $3 to $6
riskitalloz: raises $3 to $9
kolaz03: calls $3
*** FLOP *** [5d 4c 7d]
riskitalloz: bets $3
kolaz03: calls $3
*** TURN *** [5d 4c 7d] [4h]
riskitalloz: bets $6
kolaz03: calls $6
*** RIVER *** [5d 4c 7d 4h] [Qd]
riskitalloz: checks
kolaz03: bets $6
riskitalloz: calls $6
*** SHOW DOWN ***
kolaz03: shows [7s 6s] (two pair, Sevens and Fours)
riskitalloz: mucks hand
kolaz03 collected $47.50 from pot
*** SUMMARY ***
Total pot $48 | Rake $0.50
Board [5d 4c 7d 4h Qd]
Seat 2: kolaz03 (button) (small blind) showed [7s 6s] and won ($47.50) with two pair, Sevens and Fours
Seat 6: riskitalloz (big blind) mucked


PokerStars Hand #153338523890:  Hold'em Limit ($3/$6 USD) - 2016/05/15 6:28:54 ET
Table 'Ursa' 6-max Seat #6 is the button
Seat 1: Agrotait ($90.50 in chips)
Seat 6: riskitalloz ($56.72 in chips)
riskitalloz: posts small blind $1
Agrotait: posts big blind $3
*** HOLE CARDS ***
riskitalloz: raises $3 to $6
Agrotait: calls $3
*** FLOP *** [7c 5d 2c]
Agrotait: checks
riskitalloz: bets $3
Agrotait: folds
Uncalled bet ($3) returned to riskitalloz
riskitalloz collected $11.76 from pot
riskitalloz: doesn't show hand
*** SUMMARY ***
Total pot $12 | Rake $0.24
Board [7c 5d 2c]
Seat 1: Agrotait (big blind) folded on the Flop
Seat 6: riskitalloz (button) (small blind) collected ($11.76)


PokerStars Hand #153338551684:  Hold'em Limit ($3/$6 USD) - 2016/05/15 6:29:54 ET
Table 'Ursa' 6-max Seat #6 is the button
Seat 1: Agrotait ($72 in chips)
Seat 6: riskitalloz ($100.98 in chips)
riskitalloz: posts small blind $1
Agrotait: posts big blind $3
*** HOLE CARDS ***
riskitalloz: raises $3 to $6
Agrotait: raises $3 to $9
riskitalloz: calls $3
*** FLOP *** [Qc Th 7h]
Agrotait: bets $3
riskitalloz: folds
Uncalled bet ($3) returned to Agrotait
Agrotait collected $17.64 from pot
Agrotait: doesn't show hand
*** SUMMARY ***
Total pot $18 | Rake $0.36
Board [Qc Th 7h]
Seat 1: Agrotait (big blind) collected ($17.64)
Seat 6: riskitalloz (button) (small blind) folded on the Flop


PokerStars Hand #153338533259:  Hold'em Limit ($3/$6 USD) - 2016/05/15 6:29:14 ET
Table 'Ursa' 6-max Seat #1 is the button
Seat 1: Agrotait ($84.50 in chips)
Seat 6: riskitalloz ($62.48 in chips)
Agrotait: posts small blind $1
riskitalloz: posts big blind $3
*** HOLE CARDS ***
Agrotait: raises $3 to $6
riskitalloz: raises $3 to $9
Agrotait: calls $3
*** FLOP *** [Jc Td 7d]
riskitalloz: bets $3
Agrotait: raises $3 to $6
riskitalloz: calls $3
*** TURN *** [Jc Td 7d] [8s]
riskitalloz: checks
Agrotait: bets $6
RockKillerTY joins the table at seat #2
riskitalloz: raises $6 to $12
Agrotait: raises $6 to $18
riskitalloz: calls $6
*** RIVER *** [Jc Td 7d 8s] [9h]
riskitalloz: bets $6
Agrotait: calls $6
*** SHOW DOWN ***
riskitalloz: shows [Qd Js] (a straight, Eight to Queen)
Agrotait: mucks hand
riskitalloz collected $77.50 from pot
*** SUMMARY ***
Total pot $78 | Rake $0.50
Board [Jc Td 7d 8s 9h]
Seat 1: Agrotait (button) (small blind) mucked
Seat 6: riskitalloz (big blind) showed [Qd Js] and won ($77.50) with a straight, Eight to Queen


PokerStars Hand #153339152482:  Hold'em Limit ($3/$6 USD) - 2016/05/15 6:50:57 ET
Table 'Ursa' 6-max Seat #4 is the button
Seat 1: Agrotait ($76.41 in chips)
Seat 4: ChicagoBull4 ($14.56 in chips)
ChicagoBull4: posts small blind $1
Agrotait: posts big blind $3
*** HOLE CARDS ***
ChicagoBull4: calls $2
bili_hlapeto leaves the table
Agrotait: checks
*** FLOP *** [Jc 7s 2s]
Agrotait: bets $3
ChicagoBull4: folds
Uncalled bet ($3) returned to Agrotait
Agrotait collected $5.88 from pot
Agrotait: doesn't show hand
*** SUMMARY ***
Total pot $6 | Rake $0.12
Board [Jc 7s 2s]
Seat 1: Agrotait (big blind) collected ($5.88)
Seat 4: ChicagoBull4 (button) (small blind) folded on the Flop


PokerStars Hand #153339166316:  Hold'em Limit ($3/$6 USD) - 2016/05/15 6:51:26 ET
Table 'Ursa' 6-max Seat #1 is the button
Seat 1: Agrotait ($79.29 in chips)
Seat 4: ChicagoBull4 ($11.56 in chips)
Agrotait: posts small blind $1
ChicagoBull4: posts big blind $3
*** HOLE CARDS ***
Agrotait: raises $3 to $6
ChicagoBull4: calls $3
*** FLOP *** [Th 3h 3d]
ChicagoBull4: checks
Agrotait: bets $3
ChicagoBull4: raises $2.56 to $5.56 and is all-in
Agrotait: calls $2.56
*** TURN *** [Th 3h 3d] [Js]
*** RIVER *** [Th 3h 3d Js] [9c]
*** SHOW DOWN ***
ChicagoBull4: shows [4d Qc] (a pair of Threes)
Agrotait: shows [6s 5s] (a pair of Threes - lower kicker)
ChicagoBull4 collected $22.66 from pot
*** SUMMARY ***
Total pot $23.12 | Rake $0.46
Board [Th 3h 3d Js 9c]
Seat 1: Agrotait (button) (small blind) showed [6s 5s] and lost with a pair of Threes
Seat 4: ChicagoBull4 (big blind) showed [4d Qc] and won ($22.66) with a pair of Threes


PokerStars Hand #153339189574:  Hold'em Limit ($3/$6 USD) - 2016/05/15 6:52:14 ET
Table 'Ursa' 6-max Seat #1 is the button
Seat 1: Agrotait ($64.73 in chips)
Seat 4: ChicagoBull4 ($25.66 in chips)
Agrotait: posts small blind $1
ChicagoBull4: posts big blind $3
*** HOLE CARDS ***
Agrotait: folds
Uncalled bet ($2) returned to ChicagoBull4
ChicagoBull4 collected $2 from pot
ChicagoBull4: doesn't show hand
*** SUMMARY ***
Total pot $2 | Rake $0
Seat 1: Agrotait (button) (small blind) folded before Flop
Seat 4: ChicagoBull4 (big blind) collected ($2)


PokerStars Hand #153339185124:  Hold'em Limit ($3/$6 USD) - 2016/05/15 6:52:05 ET
Table 'Ursa' 6-max Seat #4 is the button
Seat 1: Agrotait ($67.73 in chips)
Seat 4: ChicagoBull4 ($22.66 in chips)
ChicagoBull4: posts small blind $1
Agrotait: posts big blind $3
*** HOLE CARDS ***
ChicagoBull4: raises $3 to $6
Agrotait: folds
Uncalled bet ($3) returned to ChicagoBull4
ChicagoBull4 collected $6 from pot
ChicagoBull4: doesn't show hand
*** SUMMARY ***
Total pot $6 | Rake $0
Seat 1: Agrotait (big blind) folded before Flop
Seat 4: ChicagoBull4 (button) (small blind) collected ($6)


PokerStars Hand #153339199901:  Hold'em Limit ($3/$6 USD) - 2016/05/15 6:52:36 ET
Table 'Ursa' 6-max Seat #4 is the button
Seat 1: Agrotait ($63.73 in chips)
Seat 4: ChicagoBull4 ($26.66 in chips)
ChicagoBull4: posts small blind $1
Agrotait: posts big blind $3
*** HOLE CARDS ***
ChicagoBull4: folds
Uncalled bet ($2) returned to Agrotait
ChicagoBull4 leaves the table
Agrotait collected $2 from pot
Agrotait: doesn't show hand
*** SUMMARY ***
Total pot $2 | Rake $0
Seat 1: Agrotait (big blind) collected ($2)
Seat 4: ChicagoBull4 (button) (small blind) folded before Flop


PokerStars Hand #153339204165:  Hold'em Limit ($3/$6 USD) - 2016/05/15 6:52:45 ET
Table 'Ursa' 6-max Seat #1 is the button
Seat 1: Agrotait ($64.73 in chips)
Seat 6: riskitalloz ($98.05 in chips)
Agrotait: posts small blind $1
riskitalloz: posts big blind $3
*** HOLE CARDS ***
Agrotait: raises $3 to $6
riskitalloz has timed out
riskitalloz: folds
Uncalled bet ($3) returned to Agrotait
Agrotait collected $6 from pot
Agrotait: doesn't show hand
*** SUMMARY ***
Total pot $6 | Rake $0
Seat 1: Agrotait (button) (small blind) collected ($6)
Seat 6: riskitalloz (big blind) folded before Flop


