PokerStars Hand #145609702456:  Hold'em Limit ($3/$6 USD) - 2015/12/19 18:58:20 ET
Table 'Ursina' 2-max Seat #2 is the button
Seat 1: LifeisagameX ($204.22 in chips)
Seat 2: dodge658 ($63.80 in chips)
dodge658: posts small blind $1
LifeisagameX: posts big blind $3
*** HOLE CARDS ***
dodge658: calls $2
LifeisagameX: checks
*** FLOP *** [Qd 3d Qc]
LifeisagameX: checks
dodge658: checks
*** TURN *** [Qd 3d Qc] [5c]
LifeisagameX: checks
dodge658: checks
*** RIVER *** [Qd 3d Qc 5c] [Ks]
LifeisagameX: bets $6
dodge658: folds
Uncalled bet ($6) returned to LifeisagameX
LifeisagameX collected $5.88 from pot
LifeisagameX: doesn't show hand
*** SUMMARY ***
Total pot $6 | Rake $0.12
Board [Qd 3d Qc 5c Ks]
Seat 1: LifeisagameX (big blind) collected ($5.88)
Seat 2: dodge658 (button) (small blind) folded on the River


PokerStars Hand #145609684586:  Hold'em Limit ($3/$6 USD) - 2015/12/19 18:57:50 ET
Table 'Ursina' 2-max Seat #1 is the button
Seat 1: LifeisagameX ($236.37 in chips)
Seat 2: dodge658 ($32.15 in chips)
LifeisagameX: posts small blind $1
dodge658: posts big blind $3
*** HOLE CARDS ***
LifeisagameX: raises $3 to $6
dodge658: calls $3
*** FLOP *** [Ts Jh 3c]
dodge658: bets $3
LifeisagameX: calls $3
*** TURN *** [Ts Jh 3c] [7h]
dodge658: bets $6
LifeisagameX: raises $6 to $12
dodge658: calls $6
*** RIVER *** [Ts Jh 3c 7h] [4h]
dodge658: bets $6
LifeisagameX: raises $6 to $12
dodge658: calls $5.15 and is all-in
Uncalled bet ($0.85) returned to LifeisagameX
*** SHOW DOWN ***
LifeisagameX: shows [Qs Qc] (a pair of Queens)
dodge658: shows [7s 3s] (two pair, Sevens and Threes)
dodge658 collected $63.80 from pot
*** SUMMARY ***
Total pot $64.30 | Rake $0.50
Board [Ts Jh 3c 7h 4h]
Seat 1: LifeisagameX (button) (small blind) showed [Qs Qc] and lost with a pair of Queens
Seat 2: dodge658 (big blind) showed [7s 3s] and won ($63.80) with two pair, Sevens and Threes


PokerStars Hand #145609741855:  Hold'em Limit ($3/$6 USD) - 2015/12/19 18:59:26 ET
Table 'Ursina' 2-max Seat #2 is the button
Seat 1: LifeisagameX ($195.10 in chips)
Seat 2: dodge658 ($72.32 in chips)
dodge658: posts small blind $1
LifeisagameX: posts big blind $3
*** HOLE CARDS ***
dodge658: folds
Uncalled bet ($2) returned to LifeisagameX
LifeisagameX collected $2 from pot
LifeisagameX: doesn't show hand
*** SUMMARY ***
Total pot $2 | Rake $0
Seat 1: LifeisagameX (big blind) collected ($2)
Seat 2: dodge658 (button) (small blind) folded before Flop


PokerStars Hand #145609727336:  Hold'em Limit ($3/$6 USD) - 2015/12/19 18:59:02 ET
Table 'Ursina' 2-max Seat #1 is the button
Seat 1: LifeisagameX ($207.10 in chips)
Seat 2: dodge658 ($60.80 in chips)
LifeisagameX: posts small blind $1
dodge658: posts big blind $3
*** HOLE CARDS ***
LifeisagameX: raises $3 to $6
dodge658: calls $3
*** FLOP *** [7c 6s 5s]
dodge658: bets $3
LifeisagameX: raises $3 to $6
dodge658: calls $3
*** TURN *** [7c 6s 5s] [3c]
dodge658: bets $6
LifeisagameX: folds
Uncalled bet ($6) returned to dodge658
dodge658 collected $23.52 from pot
dodge658: doesn't show hand
*** SUMMARY ***
Total pot $24 | Rake $0.48
Board [7c 6s 5s 3c]
Seat 1: LifeisagameX (button) (small blind) folded on the Turn
Seat 2: dodge658 (big blind) collected ($23.52)


PokerStars Hand #145609747686:  Hold'em Limit ($3/$6 USD) - 2015/12/19 18:59:37 ET
Table 'Ursina' 2-max Seat #1 is the button
Seat 1: LifeisagameX ($196.10 in chips)
Seat 2: dodge658 ($71.32 in chips)
LifeisagameX: posts small blind $1
dodge658: posts big blind $3
*** HOLE CARDS ***
LifeisagameX: raises $3 to $6
dodge658: calls $3
*** FLOP *** [9d 5d 8h]
dodge658: checks
LifeisagameX: bets $3
dodge658: calls $3
*** TURN *** [9d 5d 8h] [6h]
dodge658: checks
LifeisagameX: checks
*** RIVER *** [9d 5d 8h 6h] [Ad]
dodge658: checks
LifeisagameX: bets $6
dodge658: folds
Uncalled bet ($6) returned to LifeisagameX
LifeisagameX collected $17.64 from pot
LifeisagameX: doesn't show hand
*** SUMMARY ***
Total pot $18 | Rake $0.36
Board [9d 5d 8h 6h Ad]
Seat 1: LifeisagameX (button) (small blind) collected ($17.64)
Seat 2: dodge658 (big blind) folded on the River


PokerStars Hand #145609786845:  Hold'em Limit ($3/$6 USD) - 2015/12/19 19:00:42 ET
Table 'Ursina' 2-max Seat #2 is the button
Seat 1: LifeisagameX ($204.74 in chips)
Seat 2: dodge658 ($62.32 in chips)
dodge658: posts small blind $1
LifeisagameX: posts big blind $3
*** HOLE CARDS ***
dodge658: calls $2
LifeisagameX: checks
*** FLOP *** [Th Kc 5c]
LifeisagameX: checks
dodge658: checks
*** TURN *** [Th Kc 5c] [Ks]
LifeisagameX: checks
dodge658: checks
*** RIVER *** [Th Kc 5c Ks] [Jd]
LifeisagameX: checks
dodge658: checks
*** SHOW DOWN ***
LifeisagameX: shows [Kd 4c] (three of a kind, Kings)
dodge658: mucks hand
LifeisagameX collected $5.88 from pot
*** SUMMARY ***
Total pot $6 | Rake $0.12
Board [Th Kc 5c Ks Jd]
Seat 1: LifeisagameX (big blind) showed [Kd 4c] and won ($5.88) with three of a kind, Kings
Seat 2: dodge658 (button) (small blind) mucked


PokerStars Hand #145609802530:  Hold'em Limit ($3/$6 USD) - 2015/12/19 19:01:06 ET
Table 'Ursina' 2-max Seat #1 is the button
Seat 1: LifeisagameX ($207.62 in chips)
Seat 2: dodge658 ($59.32 in chips)
LifeisagameX: posts small blind $1
dodge658: posts big blind $3
*** HOLE CARDS ***
LifeisagameX: raises $3 to $6
dodge658: calls $3
*** FLOP *** [Qh 8h Ks]
dodge658: checks
LifeisagameX: bets $3
dodge658: folds
Uncalled bet ($3) returned to LifeisagameX
LifeisagameX collected $11.76 from pot
LifeisagameX: doesn't show hand
*** SUMMARY ***
Total pot $12 | Rake $0.24
Board [Qh 8h Ks]
Seat 1: LifeisagameX (button) (small blind) collected ($11.76)
Seat 2: dodge658 (big blind) folded on the Flop


PokerStars Hand #145609849796:  Hold'em Limit ($3/$6 USD) - 2015/12/19 19:02:16 ET
Table 'Ursina' 2-max Seat #1 is the button
Seat 1: LifeisagameX ($195.38 in chips)
Seat 2: dodge658 ($70.82 in chips)
LifeisagameX: posts small blind $1
dodge658: posts big blind $3
*** HOLE CARDS ***
LifeisagameX: raises $3 to $6
dodge658: calls $3
*** FLOP *** [Jc Ac 6s]
dodge658: bets $3
LifeisagameX: raises $3 to $6
dodge658: calls $3
*** TURN *** [Jc Ac 6s] [Ts]
dodge658: bets $6
LifeisagameX: calls $6
*** RIVER *** [Jc Ac 6s Ts] [3d]
dodge658: bets $6
LifeisagameX: calls $6
*** SHOW DOWN ***
dodge658: shows [As 7d] (a pair of Aces)
LifeisagameX: mucks hand
dodge658 collected $47.50 from pot
*** SUMMARY ***
Total pot $48 | Rake $0.50
Board [Jc Ac 6s Ts 3d]
Seat 1: LifeisagameX (button) (small blind) mucked
Seat 2: dodge658 (big blind) showed [As 7d] and won ($47.50) with a pair of Aces


PokerStars Hand #145609812786:  Hold'em Limit ($3/$6 USD) - 2015/12/19 19:01:22 ET
Table 'Ursina' 2-max Seat #2 is the button
Seat 1: LifeisagameX ($213.38 in chips)
Seat 2: dodge658 ($53.32 in chips)
dodge658: posts small blind $1
LifeisagameX: posts big blind $3
*** HOLE CARDS ***
dodge658: calls $2
LifeisagameX: checks
*** FLOP *** [5c Ac Qc]
LifeisagameX: bets $3
dodge658: calls $3
*** TURN *** [5c Ac Qc] [2h]
LifeisagameX: checks
dodge658: bets $6
LifeisagameX: calls $6
*** RIVER *** [5c Ac Qc 2h] [7h]
LifeisagameX: checks
dodge658: bets $6
LifeisagameX: calls $6
*** SHOW DOWN ***
dodge658: shows [Qs Kd] (a pair of Queens)
LifeisagameX: mucks hand
dodge658 collected $35.50 from pot
*** SUMMARY ***
Total pot $36 | Rake $0.50
Board [5c Ac Qc 2h 7h]
Seat 1: LifeisagameX (big blind) mucked
Seat 2: dodge658 (button) (small blind) showed [Qs Kd] and won ($35.50) with a pair of Queens


PokerStars Hand #145609941444:  Hold'em Limit ($3/$6 USD) - 2015/12/19 19:04:27 ET
Table 'Ursina' 2-max Seat #1 is the button
Seat 1: LifeisagameX ($188.88 in chips)
Seat 2: dodge658 ($76.32 in chips)
LifeisagameX: posts small blind $1
dodge658: posts big blind $3
*** HOLE CARDS ***
LifeisagameX: raises $3 to $6
dodge658: calls $3
*** FLOP *** [3s 6d 9d]
dodge658: checks
LifeisagameX: checks
*** TURN *** [3s 6d 9d] [6h]
dodge658: checks
LifeisagameX: bets $6
dodge658: calls $6
*** RIVER *** [3s 6d 9d 6h] [2s]
dodge658: bets $6
LifeisagameX: folds
Uncalled bet ($6) returned to dodge658
dodge658 collected $23.52 from pot
dodge658: doesn't show hand
*** SUMMARY ***
Total pot $24 | Rake $0.48
Board [3s 6d 9d 6h 2s]
Seat 1: LifeisagameX (button) (small blind) folded on the River
Seat 2: dodge658 (big blind) collected ($23.52)


PokerStars Hand #145609894852:  Hold'em Limit ($3/$6 USD) - 2015/12/19 19:03:21 ET
Table 'Ursina' 2-max Seat #2 is the button
Seat 1: LifeisagameX ($171.38 in chips)
Seat 2: dodge658 ($94.32 in chips)
dodge658: posts small blind $1
LifeisagameX: posts big blind $3
*** HOLE CARDS ***
dodge658: calls $2
LifeisagameX: raises $3 to $6
dodge658: calls $3
*** FLOP *** [6h 5d Tc]
LifeisagameX: checks
dodge658: bets $3
LifeisagameX: raises $3 to $6
dodge658: calls $3
*** TURN *** [6h 5d Tc] [2c]
LifeisagameX: bets $6
dodge658: calls $6
*** RIVER *** [6h 5d Tc 2c] [Ac]
LifeisagameX: bets $6
dodge658: folds
Uncalled bet ($6) returned to LifeisagameX
LifeisagameX collected $35.50 from pot
LifeisagameX: doesn't show hand
*** SUMMARY ***
Total pot $36 | Rake $0.50
Board [6h 5d Tc 2c Ac]
Seat 1: LifeisagameX (big blind) collected ($35.50)
Seat 2: dodge658 (button) (small blind) folded on the River


PokerStars Hand #145609968805:  Hold'em Limit ($3/$6 USD) - 2015/12/19 19:05:06 ET
Table 'Ursina' 2-max Seat #2 is the button
Seat 1: LifeisagameX ($176.88 in chips)
Seat 2: dodge658 ($87.84 in chips)
dodge658: posts small blind $1
LifeisagameX: posts big blind $3
*** HOLE CARDS ***
dodge658: calls $2
LifeisagameX: raises $3 to $6
dodge658: calls $3
*** FLOP *** [7s 7h Ks]
LifeisagameX: bets $3
dodge658: calls $3
*** TURN *** [7s 7h Ks] [7d]
LifeisagameX: bets $6
dodge658: calls $6
*** RIVER *** [7s 7h Ks 7d] [6c]
LifeisagameX: bets $6
dodge658: raises $6 to $12
LifeisagameX: calls $6
*** SHOW DOWN ***
dodge658: shows [6s Ad] (a full house, Sevens full of Sixes)
LifeisagameX: shows [6h 5c] (a full house, Sevens full of Sixes)
LifeisagameX collected $26.75 from pot
dodge658 collected $26.75 from pot
*** SUMMARY ***
Total pot $54 | Rake $0.50
Board [7s 7h Ks 7d 6c]
Seat 1: LifeisagameX (big blind) showed [6h 5c] and won ($26.75) with a full house, Sevens full of Sixes
Seat 2: dodge658 (button) (small blind) showed [6s Ad] and won ($26.75) with a full house, Sevens full of Sixes


PokerStars Hand #145610149100:  Hold'em Limit ($3/$6 USD) - 2015/12/19 19:09:27 ET
Table 'Ursina' 2-max Seat #2 is the button
Seat 1: LifeisagameX ($170.63 in chips)
Seat 2: dodge658 ($93.35 in chips)
dodge658: posts small blind $1
LifeisagameX: posts big blind $3
*** HOLE CARDS ***
dodge658: calls $2
LifeisagameX: raises $3 to $6
dodge658: calls $3
*** FLOP *** [Tc 3d Kc]
LifeisagameX: checks
dodge658: checks
*** TURN *** [Tc 3d Kc] [Ks]
LifeisagameX: checks
dodge658: checks
*** RIVER *** [Tc 3d Kc Ks] [8s]
LifeisagameX: checks
dodge658: checks
*** SHOW DOWN ***
LifeisagameX: shows [Qc 7h] (a pair of Kings)
dodge658: shows [Qs 4d] (a pair of Kings)
LifeisagameX collected $5.88 from pot
dodge658 collected $5.88 from pot
*** SUMMARY ***
Total pot $12 | Rake $0.24
Board [Tc 3d Kc Ks 8s]
Seat 1: LifeisagameX (big blind) showed [Qc 7h] and won ($5.88) with a pair of Kings
Seat 2: dodge658 (button) (small blind) showed [Qs 4d] and won ($5.88) with a pair of Kings


PokerStars Hand #145610125340:  Hold'em Limit ($3/$6 USD) - 2015/12/19 19:08:53 ET
Table 'Ursina' 2-max Seat #1 is the button
Seat 1: LifeisagameX ($176.63 in chips)
Seat 2: dodge658 ($87.59 in chips)
LifeisagameX: posts small blind $1
dodge658: posts big blind $3
*** HOLE CARDS ***
LifeisagameX: raises $3 to $6
dodge658: calls $3
*** FLOP *** [9s 7h Td]
dodge658: bets $3
LifeisagameX: folds
Uncalled bet ($3) returned to dodge658
dodge658 collected $11.76 from pot
*** SUMMARY ***
Total pot $12 | Rake $0.24
Board [9s 7h Td]
Seat 1: LifeisagameX (button) (small blind) folded on the Flop
Seat 2: dodge658 (big blind) collected ($11.76)


PokerStars Hand #145610175671:  Hold'em Limit ($3/$6 USD) - 2015/12/19 19:10:06 ET
Table 'Ursina' 2-max Seat #1 is the button
Seat 1: LifeisagameX ($170.51 in chips)
Seat 2: dodge658 ($93.23 in chips)
LifeisagameX: posts small blind $1
dodge658: posts big blind $3
*** HOLE CARDS ***
LifeisagameX: raises $3 to $6
dodge658: calls $3
*** FLOP *** [Ts Qc 7c]
dodge658: checks
LifeisagameX: checks
*** TURN *** [Ts Qc 7c] [9s]
dodge658: checks
LifeisagameX: bets $6
dodge658: calls $6
*** RIVER *** [Ts Qc 7c 9s] [7d]
dodge658: checks
LifeisagameX: checks
*** SHOW DOWN ***
dodge658: shows [Jc 5h] (a pair of Sevens)
LifeisagameX: shows [4c Jh] (a pair of Sevens)
dodge658 collected $11.76 from pot
LifeisagameX collected $11.76 from pot
*** SUMMARY ***
Total pot $24 | Rake $0.48
Board [Ts Qc 7c 9s 7d]
Seat 1: LifeisagameX (button) (small blind) showed [4c Jh] and won ($11.76) with a pair of Sevens
Seat 2: dodge658 (big blind) showed [Jc 5h] and won ($11.76) with a pair of Sevens


PokerStars Hand #145610204197:  Hold'em Limit ($3/$6 USD) - 2015/12/19 19:10:48 ET
Table 'Ursina' 2-max Seat #2 is the button
Seat 1: LifeisagameX ($170.27 in chips)
Seat 2: dodge658 ($92.99 in chips)
dodge658: posts small blind $1
LifeisagameX: posts big blind $3
*** HOLE CARDS ***
dodge658: calls $2
LifeisagameX: checks
*** FLOP *** [Jc Qd 4h]
LifeisagameX: checks
dodge658: bets $3
LifeisagameX: folds
Uncalled bet ($3) returned to dodge658
dodge658 collected $5.88 from pot
dodge658: doesn't show hand
*** SUMMARY ***
Total pot $6 | Rake $0.12
Board [Jc Qd 4h]
Seat 1: LifeisagameX (big blind) folded on the Flop
Seat 2: dodge658 (button) (small blind) collected ($5.88)


PokerStars Hand #145610225565:  Hold'em Limit ($3/$6 USD) - 2015/12/19 19:11:19 ET
Table 'Ursina' 2-max Seat #1 is the button
Seat 1: LifeisagameX ($167.27 in chips)
Seat 2: dodge658 ($95.87 in chips)
LifeisagameX: posts small blind $1
dodge658: posts big blind $3
*** HOLE CARDS ***
LifeisagameX: folds
Uncalled bet ($2) returned to dodge658
dodge658 collected $2 from pot
*** SUMMARY ***
Total pot $2 | Rake $0
Seat 1: LifeisagameX (button) (small blind) folded before Flop
Seat 2: dodge658 (big blind) collected ($2)


PokerStars Hand #145610232515:  Hold'em Limit ($3/$6 USD) - 2015/12/19 19:11:29 ET
Table 'Ursina' 2-max Seat #2 is the button
Seat 1: LifeisagameX ($166.27 in chips)
Seat 2: dodge658 ($96.87 in chips)
dodge658: posts small blind $1
LifeisagameX: posts big blind $3
*** HOLE CARDS ***
dodge658: calls $2
LifeisagameX: raises $3 to $6
dodge658: calls $3
*** FLOP *** [3d Js Ac]
LifeisagameX: bets $3
dodge658: calls $3
*** TURN *** [3d Js Ac] [7d]
LifeisagameX: checks
dodge658: bets $6
LifeisagameX: calls $6
*** RIVER *** [3d Js Ac 7d] [4d]
LifeisagameX: checks
dodge658: bets $6
LifeisagameX: folds
Uncalled bet ($6) returned to dodge658
dodge658 collected $29.50 from pot
*** SUMMARY ***
Total pot $30 | Rake $0.50
Board [3d Js Ac 7d 4d]
Seat 1: LifeisagameX (big blind) folded on the River
Seat 2: dodge658 (button) (small blind) collected ($29.50)


PokerStars Hand #145610310581:  Hold'em Limit ($3/$6 USD) - 2015/12/19 19:13:23 ET
Table 'Ursina' 2-max Seat #1 is the button
Seat 1: LifeisagameX ($151.27 in chips)
Seat 2: dodge658 ($111.37 in chips)
LifeisagameX: posts small blind $1
dodge658: posts big blind $3
*** HOLE CARDS ***
LifeisagameX: raises $3 to $6
dodge658: calls $3
*** FLOP *** [Ts 8d 3d]
dodge658: bets $3
LifeisagameX: calls $3
*** TURN *** [Ts 8d 3d] [4c]
dodge658: bets $6
LifeisagameX: calls $6
*** RIVER *** [Ts 8d 3d 4c] [5h]
dodge658: bets $6
LifeisagameX: calls $6
*** SHOW DOWN ***
dodge658: shows [6h Kh] (high card King)
LifeisagameX: shows [3c 9c] (a pair of Threes)
LifeisagameX collected $41.50 from pot
*** SUMMARY ***
Total pot $42 | Rake $0.50
Board [Ts 8d 3d 4c 5h]
Seat 1: LifeisagameX (button) (small blind) showed [3c 9c] and won ($41.50) with a pair of Threes
Seat 2: dodge658 (big blind) showed [6h Kh] and lost with high card King


PokerStars Hand #145613631307:  Hold'em Limit ($3/$6 USD) - 2015/12/19 20:49:14 ET
Table 'Ursina' 2-max Seat #2 is the button
Seat 1: LifeisagameX ($171.77 in chips)
Seat 2: KUZNEC111 ($65.60 in chips)
KUZNEC111: posts small blind $1
LifeisagameX: posts big blind $3
*** HOLE CARDS ***
KUZNEC111: raises $3 to $6
LifeisagameX: calls $3
*** FLOP *** [9s 6d 6c]
LifeisagameX: checks
KUZNEC111: bets $3
LifeisagameX: raises $3 to $6
KUZNEC111: raises $3 to $9
LifeisagameX: calls $3
*** TURN *** [9s 6d 6c] [Th]
LifeisagameX: checks
KUZNEC111: bets $6
LifeisagameX: calls $6
*** RIVER *** [9s 6d 6c Th] [Tc]
LifeisagameX: checks
KUZNEC111: bets $6
LifeisagameX: calls $6
*** SHOW DOWN ***
KUZNEC111: shows [Qd Qc] (two pair, Queens and Tens)
LifeisagameX: mucks hand
KUZNEC111 collected $53.50 from pot
*** SUMMARY ***
Total pot $54 | Rake $0.50
Board [9s 6d 6c Th Tc]
Seat 1: LifeisagameX (big blind) mucked
Seat 2: KUZNEC111 (button) (small blind) showed [Qd Qc] and won ($53.50) with two pair, Queens and Tens


PokerStars Hand #145613667011:  Hold'em Limit ($3/$6 USD) - 2015/12/19 20:50:28 ET
Table 'Ursina' 2-max Seat #2 is the button
Seat 1: LifeisagameX ($177.27 in chips)
Seat 2: KUZNEC111 ($59.10 in chips)
KUZNEC111: posts small blind $1
LifeisagameX: posts big blind $3
*** HOLE CARDS ***
KUZNEC111: folds
Uncalled bet ($2) returned to LifeisagameX
LifeisagameX collected $2 from pot
LifeisagameX: doesn't show hand
*** SUMMARY ***
Total pot $2 | Rake $0
Seat 1: LifeisagameX (big blind) collected ($2)
Seat 2: KUZNEC111 (button) (small blind) folded before Flop


PokerStars Hand #145613648993:  Hold'em Limit ($3/$6 USD) - 2015/12/19 20:49:51 ET
Table 'Ursina' 2-max Seat #1 is the button
Seat 1: LifeisagameX ($144.77 in chips)
Seat 2: KUZNEC111 ($92.10 in chips)
LifeisagameX: posts small blind $1
KUZNEC111: posts big blind $3
*** HOLE CARDS ***
LifeisagameX: raises $3 to $6
KUZNEC111: calls $3
*** FLOP *** [2h Jd 2s]
KUZNEC111: bets $3
LifeisagameX: calls $3
*** TURN *** [2h Jd 2s] [Td]
KUZNEC111: bets $6
LifeisagameX: calls $6
*** RIVER *** [2h Jd 2s Td] [9s]
KUZNEC111: bets $6
LifeisagameX: raises $6 to $12
KUZNEC111: raises $6 to $18
LifeisagameX: calls $6
*** SHOW DOWN ***
KUZNEC111: shows [6c 2d] (three of a kind, Deuces)
LifeisagameX: shows [8s Qs] (a straight, Eight to Queen)
LifeisagameX collected $65.50 from pot
*** SUMMARY ***
Total pot $66 | Rake $0.50
Board [2h Jd 2s Td 9s]
Seat 1: LifeisagameX (button) (small blind) showed [8s Qs] and won ($65.50) with a straight, Eight to Queen
Seat 2: KUZNEC111 (big blind) showed [6c 2d] and lost with three of a kind, Deuces


PokerStars Hand #145613669847:  Hold'em Limit ($3/$6 USD) - 2015/12/19 20:50:34 ET
Table 'Ursina' 2-max Seat #1 is the button
Seat 1: LifeisagameX ($178.27 in chips)
Seat 2: KUZNEC111 ($58.10 in chips)
LifeisagameX: posts small blind $1
KUZNEC111: posts big blind $3
*** HOLE CARDS ***
LifeisagameX: raises $3 to $6
KUZNEC111: folds
Uncalled bet ($3) returned to LifeisagameX
LifeisagameX collected $6 from pot
LifeisagameX: doesn't show hand
*** SUMMARY ***
Total pot $6 | Rake $0
Seat 1: LifeisagameX (button) (small blind) collected ($6)
Seat 2: KUZNEC111 (big blind) folded before Flop


PokerStars Hand #145613675203:  Hold'em Limit ($3/$6 USD) - 2015/12/19 20:50:45 ET
Table 'Ursina' 2-max Seat #2 is the button
Seat 1: LifeisagameX ($181.27 in chips)
Seat 2: KUZNEC111 ($55.10 in chips)
KUZNEC111: posts small blind $1
LifeisagameX: posts big blind $3
*** HOLE CARDS ***
KUZNEC111: raises $3 to $6
LifeisagameX: calls $3
*** FLOP *** [Ts 6d 3h]
LifeisagameX: checks
KUZNEC111: checks
*** TURN *** [Ts 6d 3h] [5d]
LifeisagameX: checks
KUZNEC111: bets $6
LifeisagameX: folds
Uncalled bet ($6) returned to KUZNEC111
KUZNEC111 collected $11.76 from pot
KUZNEC111: doesn't show hand
*** SUMMARY ***
Total pot $12 | Rake $0.24
Board [Ts 6d 3h 5d]
Seat 1: LifeisagameX (big blind) folded on the Turn
Seat 2: KUZNEC111 (button) (small blind) collected ($11.76)


PokerStars Hand #145613686327:  Hold'em Limit ($3/$6 USD) - 2015/12/19 20:51:08 ET
Table 'Ursina' 2-max Seat #1 is the button
Seat 1: LifeisagameX ($175.27 in chips)
Seat 2: KUZNEC111 ($60.86 in chips)
LifeisagameX: posts small blind $1
KUZNEC111: posts big blind $3
*** HOLE CARDS ***
LifeisagameX: raises $3 to $6
KUZNEC111: calls $3
*** FLOP *** [4s 7c 3d]
KUZNEC111: bets $3
LifeisagameX: raises $3 to $6
KUZNEC111: raises $3 to $9
LifeisagameX: calls $3
*** TURN *** [4s 7c 3d] [3h]
KUZNEC111: bets $6
LifeisagameX: raises $6 to $12
KUZNEC111: calls $6
*** RIVER *** [4s 7c 3d 3h] [Ts]
KUZNEC111: checks
LifeisagameX: bets $6
KUZNEC111: calls $6
*** SHOW DOWN ***
LifeisagameX: shows [3c Ks] (three of a kind, Threes)
KUZNEC111: mucks hand
LifeisagameX collected $65.50 from pot
*** SUMMARY ***
Total pot $66 | Rake $0.50
Board [4s 7c 3d 3h Ts]
Seat 1: LifeisagameX (button) (small blind) showed [3c Ks] and won ($65.50) with three of a kind, Threes
Seat 2: KUZNEC111 (big blind) mucked


PokerStars Hand #145613702702:  Hold'em Limit ($3/$6 USD) - 2015/12/19 20:51:41 ET
Table 'Ursina' 2-max Seat #2 is the button
Seat 1: LifeisagameX ($207.77 in chips)
Seat 2: KUZNEC111 ($27.86 in chips)
KUZNEC111: posts small blind $1
LifeisagameX: posts big blind $3
*** HOLE CARDS ***
KUZNEC111: raises $3 to $6
LifeisagameX: calls $3
*** FLOP *** [Qh 7d 4d]
LifeisagameX: checks
KUZNEC111: checks
*** TURN *** [Qh 7d 4d] [Kc]
LifeisagameX: checks
KUZNEC111: checks
*** RIVER *** [Qh 7d 4d Kc] [7h]
LifeisagameX: bets $6
KUZNEC111: folds
Uncalled bet ($6) returned to LifeisagameX
LifeisagameX collected $11.76 from pot
LifeisagameX: doesn't show hand
*** SUMMARY ***
Total pot $12 | Rake $0.24
Board [Qh 7d 4d Kc 7h]
Seat 1: LifeisagameX (big blind) collected ($11.76)
Seat 2: KUZNEC111 (button) (small blind) folded on the River


PokerStars Hand #145613712773:  Hold'em Limit ($3/$6 USD) - 2015/12/19 20:52:03 ET
Table 'Ursina' 2-max Seat #1 is the button
Seat 1: LifeisagameX ($213.53 in chips)
Seat 2: KUZNEC111 ($21.86 in chips)
LifeisagameX: posts small blind $1
KUZNEC111: posts big blind $3
*** HOLE CARDS ***
LifeisagameX: raises $3 to $6
KUZNEC111: calls $3
*** FLOP *** [Jh 7h Ac]
KUZNEC111: checks
LifeisagameX: bets $3
KUZNEC111: calls $3
*** TURN *** [Jh 7h Ac] [4d]
KUZNEC111: checks
LifeisagameX: checks
*** RIVER *** [Jh 7h Ac 4d] [Js]
KUZNEC111: bets $6
LifeisagameX: calls $6
*** SHOW DOWN ***
KUZNEC111: shows [Ah 2d] (two pair, Aces and Jacks)
LifeisagameX: mucks hand
KUZNEC111 collected $29.50 from pot
*** SUMMARY ***
Total pot $30 | Rake $0.50
Board [Jh 7h Ac 4d Js]
Seat 1: LifeisagameX (button) (small blind) mucked
Seat 2: KUZNEC111 (big blind) showed [Ah 2d] and won ($29.50) with two pair, Aces and Jacks


PokerStars Hand #145613725772:  Hold'em Limit ($3/$6 USD) - 2015/12/19 20:52:29 ET
Table 'Ursina' 2-max Seat #2 is the button
Seat 1: LifeisagameX ($198.53 in chips)
Seat 2: KUZNEC111 ($36.36 in chips)
KUZNEC111: posts small blind $1
LifeisagameX: posts big blind $3
*** HOLE CARDS ***
KUZNEC111: folds
Uncalled bet ($2) returned to LifeisagameX
LifeisagameX collected $2 from pot
LifeisagameX: doesn't show hand
*** SUMMARY ***
Total pot $2 | Rake $0
Seat 1: LifeisagameX (big blind) collected ($2)
Seat 2: KUZNEC111 (button) (small blind) folded before Flop


PokerStars Hand #145613739465:  Hold'em Limit ($3/$6 USD) - 2015/12/19 20:52:58 ET
Table 'Ursina' 2-max Seat #2 is the button
Seat 1: LifeisagameX ($175.53 in chips)
Seat 2: KUZNEC111 ($58.86 in chips)
KUZNEC111: posts small blind $1
LifeisagameX: posts big blind $3
*** HOLE CARDS ***
KUZNEC111: folds
Uncalled bet ($2) returned to LifeisagameX
LifeisagameX collected $2 from pot
LifeisagameX: doesn't show hand
*** SUMMARY ***
Total pot $2 | Rake $0
Seat 1: LifeisagameX (big blind) collected ($2)
Seat 2: KUZNEC111 (button) (small blind) folded before Flop


PokerStars Hand #145613729257:  Hold'em Limit ($3/$6 USD) - 2015/12/19 20:52:37 ET
Table 'Ursina' 2-max Seat #1 is the button
Seat 1: LifeisagameX ($199.53 in chips)
Seat 2: KUZNEC111 ($35.36 in chips)
LifeisagameX: posts small blind $1
KUZNEC111: posts big blind $3
*** HOLE CARDS ***
LifeisagameX: raises $3 to $6
KUZNEC111: raises $3 to $9
LifeisagameX: calls $3
*** FLOP *** [3c 9s 7d]
KUZNEC111: bets $3
LifeisagameX: calls $3
*** TURN *** [3c 9s 7d] [Qc]
KUZNEC111: checks
LifeisagameX: bets $6
KUZNEC111: calls $6
*** RIVER *** [3c 9s 7d Qc] [4c]
KUZNEC111: checks
LifeisagameX: bets $6
KUZNEC111: calls $6
*** SHOW DOWN ***
LifeisagameX: shows [8d 6c] (high card Queen)
KUZNEC111: shows [Kh Ah] (high card Ace)
KUZNEC111 collected $47.50 from pot
*** SUMMARY ***
Total pot $48 | Rake $0.50
Board [3c 9s 7d Qc 4c]
Seat 1: LifeisagameX (button) (small blind) showed [8d 6c] and lost with high card Queen
Seat 2: KUZNEC111 (big blind) showed [Kh Ah] and won ($47.50) with high card Ace


PokerStars Hand #145613742177:  Hold'em Limit ($3/$6 USD) - 2015/12/19 20:53:04 ET
Table 'Ursina' 2-max Seat #1 is the button
Seat 1: LifeisagameX ($176.53 in chips)
Seat 2: KUZNEC111 ($57.86 in chips)
LifeisagameX: posts small blind $1
KUZNEC111: posts big blind $3
*** HOLE CARDS ***
LifeisagameX: raises $3 to $6
KUZNEC111: calls $3
*** FLOP *** [Ad 6s 9d]
KUZNEC111: checks
LifeisagameX: bets $3
KUZNEC111: folds
Uncalled bet ($3) returned to LifeisagameX
LifeisagameX collected $11.76 from pot
LifeisagameX: doesn't show hand
*** SUMMARY ***
Total pot $12 | Rake $0.24
Board [Ad 6s 9d]
Seat 1: LifeisagameX (button) (small blind) collected ($11.76)
Seat 2: KUZNEC111 (big blind) folded on the Flop


PokerStars Hand #145613747082:  Hold'em Limit ($3/$6 USD) - 2015/12/19 20:53:14 ET
Table 'Ursina' 2-max Seat #2 is the button
Seat 1: LifeisagameX ($182.29 in chips)
Seat 2: KUZNEC111 ($51.86 in chips)
KUZNEC111: posts small blind $1
LifeisagameX: posts big blind $3
*** HOLE CARDS ***
KUZNEC111: raises $3 to $6
LifeisagameX: calls $3
*** FLOP *** [5d 6h 7d]
LifeisagameX: checks
KUZNEC111: bets $3
LifeisagameX: folds
Uncalled bet ($3) returned to KUZNEC111
KUZNEC111 collected $11.76 from pot
KUZNEC111: doesn't show hand
*** SUMMARY ***
Total pot $12 | Rake $0.24
Board [5d 6h 7d]
Seat 1: LifeisagameX (big blind) folded on the Flop
Seat 2: KUZNEC111 (button) (small blind) collected ($11.76)


PokerStars Hand #145613753341:  Hold'em Limit ($3/$6 USD) - 2015/12/19 20:53:27 ET
Table 'Ursina' 2-max Seat #1 is the button
Seat 1: LifeisagameX ($176.29 in chips)
Seat 2: KUZNEC111 ($57.62 in chips)
LifeisagameX: posts small blind $1
KUZNEC111: posts big blind $3
*** HOLE CARDS ***
LifeisagameX: raises $3 to $6
KUZNEC111: calls $3
*** FLOP *** [4h 2c 9d]
KUZNEC111: bets $3
LifeisagameX: raises $3 to $6
KUZNEC111: calls $3
*** TURN *** [4h 2c 9d] [Jh]
KUZNEC111: checks
LifeisagameX: bets $6
KUZNEC111: calls $6
*** RIVER *** [4h 2c 9d Jh] [2d]
KUZNEC111: checks
LifeisagameX: bets $6
KUZNEC111: calls $6
*** SHOW DOWN ***
LifeisagameX: shows [3c 5c] (a pair of Deuces)
KUZNEC111: shows [4c Ad] (two pair, Fours and Deuces)
KUZNEC111 collected $47.50 from pot
*** SUMMARY ***
Total pot $48 | Rake $0.50
Board [4h 2c 9d Jh 2d]
Seat 1: LifeisagameX (button) (small blind) showed [3c 5c] and lost with a pair of Deuces
Seat 2: KUZNEC111 (big blind) showed [4c Ad] and won ($47.50) with two pair, Fours and Deuces


PokerStars Hand #145613769202:  Hold'em Limit ($3/$6 USD) - 2015/12/19 20:54:00 ET
Table 'Ursina' 2-max Seat #2 is the button
Seat 1: LifeisagameX ($152.29 in chips)
Seat 2: KUZNEC111 ($81.12 in chips)
KUZNEC111: posts small blind $1
LifeisagameX: posts big blind $3
*** HOLE CARDS ***
KUZNEC111: raises $3 to $6
LifeisagameX: calls $3
*** FLOP *** [Kh Kd 5c]
LifeisagameX: checks
KUZNEC111: bets $3
LifeisagameX: raises $3 to $6
KUZNEC111: calls $3
*** TURN *** [Kh Kd 5c] [2c]
LifeisagameX: bets $6
KUZNEC111: folds
Uncalled bet ($6) returned to LifeisagameX
LifeisagameX collected $23.52 from pot
LifeisagameX: doesn't show hand
*** SUMMARY ***
Total pot $24 | Rake $0.48
Board [Kh Kd 5c 2c]
Seat 1: LifeisagameX (big blind) collected ($23.52)
Seat 2: KUZNEC111 (button) (small blind) folded on the Turn


PokerStars Hand #145613801263:  Hold'em Limit ($3/$6 USD) - 2015/12/19 20:55:08 ET
Table 'Ursina' 2-max Seat #2 is the button
Seat 1: LifeisagameX ($142.81 in chips)
Seat 2: KUZNEC111 ($89.62 in chips)
KUZNEC111: posts small blind $1
LifeisagameX: posts big blind $3
*** HOLE CARDS ***
KUZNEC111: folds
Uncalled bet ($2) returned to LifeisagameX
LifeisagameX collected $2 from pot
LifeisagameX: doesn't show hand
*** SUMMARY ***
Total pot $2 | Rake $0
Seat 1: LifeisagameX (big blind) collected ($2)
Seat 2: KUZNEC111 (button) (small blind) folded before Flop


PokerStars Hand #145613782353:  Hold'em Limit ($3/$6 USD) - 2015/12/19 20:54:28 ET
Table 'Ursina' 2-max Seat #1 is the button
Seat 1: LifeisagameX ($163.81 in chips)
Seat 2: KUZNEC111 ($69.12 in chips)
LifeisagameX: posts small blind $1
KUZNEC111: posts big blind $3
*** HOLE CARDS ***
LifeisagameX: raises $3 to $6
KUZNEC111: calls $3
*** FLOP *** [5c 3c 4c]
KUZNEC111: bets $3
LifeisagameX: calls $3
*** TURN *** [5c 3c 4c] [3s]
KUZNEC111: bets $6
LifeisagameX: calls $6
*** RIVER *** [5c 3c 4c 3s] [9h]
KUZNEC111: bets $6
LifeisagameX: calls $6
*** SHOW DOWN ***
KUZNEC111: shows [4s 5h] (two pair, Fives and Fours)
LifeisagameX: mucks hand
KUZNEC111 collected $41.50 from pot
*** SUMMARY ***
Total pot $42 | Rake $0.50
Board [5c 3c 4c 3s 9h]
Seat 1: LifeisagameX (button) (small blind) mucked
Seat 2: KUZNEC111 (big blind) showed [4s 5h] and won ($41.50) with two pair, Fives and Fours


PokerStars Hand #145613804162:  Hold'em Limit ($3/$6 USD) - 2015/12/19 20:55:16 ET
Table 'Ursina' 2-max Seat #1 is the button
Seat 1: LifeisagameX ($143.81 in chips)
Seat 2: KUZNEC111 ($88.62 in chips)
LifeisagameX: posts small blind $1
KUZNEC111: posts big blind $3
*** HOLE CARDS ***
LifeisagameX: raises $3 to $6
KUZNEC111: calls $3
*** FLOP *** [6s Ad 4d]
KUZNEC111: checks
LifeisagameX: bets $3
KUZNEC111: calls $3
*** TURN *** [6s Ad 4d] [Ah]
KUZNEC111: checks
LifeisagameX: bets $6
KUZNEC111: calls $6
*** RIVER *** [6s Ad 4d Ah] [2c]
KUZNEC111: checks
LifeisagameX: bets $6
KUZNEC111: calls $6
*** SHOW DOWN ***
LifeisagameX: shows [Kc 4h] (two pair, Aces and Fours)
KUZNEC111: mucks hand
LifeisagameX collected $41.50 from pot
*** SUMMARY ***
Total pot $42 | Rake $0.50
Board [6s Ad 4d Ah 2c]
Seat 1: LifeisagameX (button) (small blind) showed [Kc 4h] and won ($41.50) with two pair, Aces and Fours
Seat 2: KUZNEC111 (big blind) mucked


PokerStars Hand #145613815800:  Hold'em Limit ($3/$6 USD) - 2015/12/19 20:55:44 ET
Table 'Ursina' 2-max Seat #2 is the button
Seat 1: LifeisagameX ($164.31 in chips)
Seat 2: KUZNEC111 ($67.62 in chips)
KUZNEC111: posts small blind $1
LifeisagameX: posts big blind $3
*** HOLE CARDS ***
KUZNEC111: raises $3 to $6
LifeisagameX: calls $3
*** FLOP *** [Qc Td 3c]
LifeisagameX: checks
KUZNEC111: bets $3
LifeisagameX: calls $3
*** TURN *** [Qc Td 3c] [5c]
LifeisagameX: checks
KUZNEC111: checks
*** RIVER *** [Qc Td 3c 5c] [3h]
LifeisagameX: bets $6
KUZNEC111: folds
Uncalled bet ($6) returned to LifeisagameX
LifeisagameX collected $17.64 from pot
LifeisagameX: doesn't show hand
*** SUMMARY ***
Total pot $18 | Rake $0.36
Board [Qc Td 3c 5c 3h]
Seat 1: LifeisagameX (big blind) collected ($17.64)
Seat 2: KUZNEC111 (button) (small blind) folded on the River


PokerStars Hand #145613825247:  Hold'em Limit ($3/$6 USD) - 2015/12/19 20:56:07 ET
Table 'Ursina' 2-max Seat #1 is the button
Seat 1: LifeisagameX ($172.95 in chips)
Seat 2: KUZNEC111 ($58.62 in chips)
LifeisagameX: posts small blind $1
KUZNEC111: posts big blind $3
*** HOLE CARDS ***
LifeisagameX: raises $3 to $6
KUZNEC111: calls $3
*** FLOP *** [2h Qc 8h]
KUZNEC111: checks
LifeisagameX: bets $3
KUZNEC111: folds
Uncalled bet ($3) returned to LifeisagameX
LifeisagameX collected $11.76 from pot
LifeisagameX: doesn't show hand
*** SUMMARY ***
Total pot $12 | Rake $0.24
Board [2h Qc 8h]
Seat 1: LifeisagameX (button) (small blind) collected ($11.76)
Seat 2: KUZNEC111 (big blind) folded on the Flop


PokerStars Hand #145613833704:  Hold'em Limit ($3/$6 USD) - 2015/12/19 20:56:28 ET
Table 'Ursina' 2-max Seat #2 is the button
Seat 1: LifeisagameX ($178.71 in chips)
Seat 2: KUZNEC111 ($52.62 in chips)
KUZNEC111: posts small blind $1
LifeisagameX: posts big blind $3
*** HOLE CARDS ***
KUZNEC111: raises $3 to $6
LifeisagameX: calls $3
*** FLOP *** [Qc 5d 9s]
LifeisagameX: checks
KUZNEC111: checks
*** TURN *** [Qc 5d 9s] [5c]
LifeisagameX: checks
KUZNEC111: bets $6
LifeisagameX: folds
Uncalled bet ($6) returned to KUZNEC111
KUZNEC111 collected $11.76 from pot
KUZNEC111: doesn't show hand
*** SUMMARY ***
Total pot $12 | Rake $0.24
Board [Qc 5d 9s 5c]
Seat 1: LifeisagameX (big blind) folded on the Turn
Seat 2: KUZNEC111 (button) (small blind) collected ($11.76)


PokerStars Hand #145613848652:  Hold'em Limit ($3/$6 USD) - 2015/12/19 20:57:05 ET
Table 'Ursina' 2-max Seat #1 is the button
Seat 1: LifeisagameX ($172.71 in chips)
Seat 2: KUZNEC111 ($58.38 in chips)
LifeisagameX: posts small blind $1
KUZNEC111: posts big blind $3
*** HOLE CARDS ***
LifeisagameX: raises $3 to $6
KUZNEC111: calls $3
*** FLOP *** [2c Ac 3s]
KUZNEC111: checks
LifeisagameX: bets $3
KUZNEC111: calls $3
*** TURN *** [2c Ac 3s] [Kh]
KUZNEC111: checks
LifeisagameX: bets $6
KUZNEC111: folds
Uncalled bet ($6) returned to LifeisagameX
LifeisagameX collected $17.64 from pot
LifeisagameX: doesn't show hand
*** SUMMARY ***
Total pot $18 | Rake $0.36
Board [2c Ac 3s Kh]
Seat 1: LifeisagameX (button) (small blind) collected ($17.64)
Seat 2: KUZNEC111 (big blind) folded on the Turn


PokerStars Hand #145613860577:  Hold'em Limit ($3/$6 USD) - 2015/12/19 20:57:34 ET
Table 'Ursina' 2-max Seat #2 is the button
Seat 1: LifeisagameX ($181.35 in chips)
Seat 2: KUZNEC111 ($49.38 in chips)
KUZNEC111: posts small blind $1
LifeisagameX: posts big blind $3
*** HOLE CARDS ***
KUZNEC111: folds
Uncalled bet ($2) returned to LifeisagameX
LifeisagameX collected $2 from pot
LifeisagameX: doesn't show hand
*** SUMMARY ***
Total pot $2 | Rake $0
Seat 1: LifeisagameX (big blind) collected ($2)
Seat 2: KUZNEC111 (button) (small blind) folded before Flop


PokerStars Hand #145613863091:  Hold'em Limit ($3/$6 USD) - 2015/12/19 20:57:40 ET
Table 'Ursina' 2-max Seat #1 is the button
Seat 1: LifeisagameX ($182.35 in chips)
Seat 2: KUZNEC111 ($48.38 in chips)
LifeisagameX: posts small blind $1
KUZNEC111: posts big blind $3
*** HOLE CARDS ***
LifeisagameX: raises $3 to $6
KUZNEC111: calls $3
*** FLOP *** [8c 6d Qd]
KUZNEC111: checks
LifeisagameX: bets $3
KUZNEC111: calls $3
*** TURN *** [8c 6d Qd] [4h]
KUZNEC111: checks
LifeisagameX: bets $6
KUZNEC111: calls $6
*** RIVER *** [8c 6d Qd 4h] [4c]
KUZNEC111: checks
LifeisagameX: bets $6
KUZNEC111: calls $6
*** SHOW DOWN ***
LifeisagameX: shows [8h 8s] (a full house, Eights full of Fours)
KUZNEC111: mucks hand
LifeisagameX collected $41.50 from pot
*** SUMMARY ***
Total pot $42 | Rake $0.50
Board [8c 6d Qd 4h 4c]
Seat 1: LifeisagameX (button) (small blind) showed [8h 8s] and won ($41.50) with a full house, Eights full of Fours
Seat 2: KUZNEC111 (big blind) mucked


PokerStars Hand #145613874834:  Hold'em Limit ($3/$6 USD) - 2015/12/19 20:58:08 ET
Table 'Ursina' 2-max Seat #2 is the button
Seat 1: LifeisagameX ($202.85 in chips)
Seat 2: KUZNEC111 ($27.38 in chips)
KUZNEC111: posts small blind $1
LifeisagameX: posts big blind $3
*** HOLE CARDS ***
KUZNEC111: raises $3 to $6
LifeisagameX: calls $3
*** FLOP *** [Jh 9s Qd]
LifeisagameX: checks
KUZNEC111: bets $3
LifeisagameX: raises $3 to $6
KUZNEC111: calls $3
*** TURN *** [Jh 9s Qd] [3s]
LifeisagameX: bets $6
KUZNEC111: calls $6
*** RIVER *** [Jh 9s Qd 3s] [4d]
LifeisagameX: bets $6
KUZNEC111: folds
Uncalled bet ($6) returned to LifeisagameX
LifeisagameX collected $35.50 from pot
LifeisagameX: doesn't show hand
*** SUMMARY ***
Total pot $36 | Rake $0.50
Board [Jh 9s Qd 3s 4d]
Seat 1: LifeisagameX (big blind) collected ($35.50)
Seat 2: KUZNEC111 (button) (small blind) folded on the River


PokerStars Hand #145613890478:  Hold'em Limit ($3/$6 USD) - 2015/12/19 20:58:46 ET
Table 'Ursina' 2-max Seat #1 is the button
Seat 1: LifeisagameX ($220.35 in chips)
Seat 2: KUZNEC111 ($9.38 in chips)
LifeisagameX: posts small blind $1
KUZNEC111: posts big blind $3
*** HOLE CARDS ***
LifeisagameX: raises $3 to $6
KUZNEC111: calls $3
*** FLOP *** [6s Ad Js]
KUZNEC111: checks
LifeisagameX: bets $3
KUZNEC111: raises $0.38 to $3.38 and is all-in
LifeisagameX: calls $0.38
*** TURN *** [6s Ad Js] [Jd]
*** RIVER *** [6s Ad Js Jd] [4d]
*** SHOW DOWN ***
KUZNEC111: shows [Qc 8s] (a pair of Jacks)
LifeisagameX: shows [Kc 5s] (a pair of Jacks - Ace+King kicker)
LifeisagameX collected $18.38 from pot
*** SUMMARY ***
Total pot $18.76 | Rake $0.38
Board [6s Ad Js Jd 4d]
Seat 1: LifeisagameX (button) (small blind) showed [Kc 5s] and won ($18.38) with a pair of Jacks
Seat 2: KUZNEC111 (big blind) showed [Qc 8s] and lost with a pair of Jacks


PokerStars Hand #145615112919:  Hold'em Limit ($3/$6 USD) - 2015/12/19 21:44:09 ET
Table 'Ursina' 2-max Seat #2 is the button
Seat 1: LifeisagameX ($229.35 in chips)
Seat 2: joha74 ($120 in chips)
joha74: posts small blind $1
LifeisagameX: posts big blind $3
*** HOLE CARDS ***
joha74: raises $3 to $6
LifeisagameX: calls $3
*** FLOP *** [7d 4d 9d]
LifeisagameX: checks
joha74: bets $3
LifeisagameX: calls $3
*** TURN *** [7d 4d 9d] [8h]
LifeisagameX: checks
joha74: bets $6
LifeisagameX: calls $6
*** RIVER *** [7d 4d 9d 8h] [6s]
LifeisagameX: checks
joha74: bets $6
LifeisagameX: calls $6
*** SHOW DOWN ***
joha74: shows [2d Ad] (a flush, Ace high)
LifeisagameX: mucks hand
joha74 collected $41.50 from pot
*** SUMMARY ***
Total pot $42 | Rake $0.50
Board [7d 4d 9d 8h 6s]
Seat 1: LifeisagameX (big blind) mucked
Seat 2: joha74 (button) (small blind) showed [2d Ad] and won ($41.50) with a flush, Ace high


