PokerStars Hand #145608403812:  Hold'em Limit ($3/$6 USD) - 2015/12/19 18:28:24 ET
Table 'Ursina' 2-max Seat #1 is the button
Seat 1: LifeisagameX ($18 in chips)
Seat 2: dodge658 ($53.42 in chips)
LifeisagameX: posts small blind $1
dodge658: posts big blind $3
*** HOLE CARDS ***
LifeisagameX: raises $3 to $6
dodge658: calls $3
*** FLOP *** [8s Qd 8h]
dodge658: checks
LifeisagameX: bets $3
dodge658: calls $3
*** TURN *** [8s Qd 8h] [Kd]
dodge658: checks
LifeisagameX: checks
*** RIVER *** [8s Qd 8h Kd] [5d]
dodge658: bets $6
LifeisagameX: folds
Uncalled bet ($6) returned to dodge658
dodge658 collected $17.64 from pot
dodge658: doesn't show hand
*** SUMMARY ***
Total pot $18 | Rake $0.36
Board [8s Qd 8h Kd 5d]
Seat 1: LifeisagameX (button) (small blind) folded on the River
Seat 2: dodge658 (big blind) collected ($17.64)


PokerStars Hand #145608372846:  Hold'em Limit ($3/$6 USD) - 2015/12/19 18:27:43 ET
Table 'Ursina' 2-max Seat #2 is the button
Seat 1: LifeisagameX ($30 in chips)
Seat 2: dodge658 ($41.90 in chips)
dodge658: posts small blind $1
LifeisagameX: posts big blind $3
*** HOLE CARDS ***
dodge658: calls $2
LifeisagameX: checks
*** FLOP *** [2h Jd Td]
LifeisagameX: checks
dodge658: bets $3
LifeisagameX: calls $3
*** TURN *** [2h Jd Td] [As]
LifeisagameX: checks
dodge658: checks
*** RIVER *** [2h Jd Td As] [5s]
LifeisagameX: checks
dodge658: bets $6
LifeisagameX: calls $6
*** SHOW DOWN ***
dodge658: shows [Kd Jc] (a pair of Jacks)
LifeisagameX: mucks hand
dodge658 collected $23.52 from pot
*** SUMMARY ***
Total pot $24 | Rake $0.48
Board [2h Jd Td As 5s]
Seat 1: LifeisagameX (big blind) mucked
Seat 2: dodge658 (button) (small blind) showed [Kd Jc] and won ($23.52) with a pair of Jacks


PokerStars Hand #145608451611:  Hold'em Limit ($3/$6 USD) - 2015/12/19 18:29:27 ET
Table 'Ursina' 2-max Seat #1 is the button
Seat 1: LifeisagameX ($66 in chips)
Seat 2: dodge658 ($64.94 in chips)
LifeisagameX: posts small blind $1
dodge658: posts big blind $3
*** HOLE CARDS ***
LifeisagameX: raises $3 to $6
dodge658: calls $3
*** FLOP *** [3s 3d 9d]
dodge658: checks
LifeisagameX: bets $3
dodge658: calls $3
*** TURN *** [3s 3d 9d] [3h]
dodge658: checks
LifeisagameX: checks
*** RIVER *** [3s 3d 9d 3h] [7h]
dodge658: checks
LifeisagameX: bets $6
dodge658: folds
Uncalled bet ($6) returned to LifeisagameX
LifeisagameX collected $17.64 from pot
LifeisagameX: doesn't show hand
*** SUMMARY ***
Total pot $18 | Rake $0.36
Board [3s 3d 9d 3h 7h]
Seat 1: LifeisagameX (button) (small blind) collected ($17.64)
Seat 2: dodge658 (big blind) folded on the River


PokerStars Hand #145608430537:  Hold'em Limit ($3/$6 USD) - 2015/12/19 18:28:59 ET
Table 'Ursina' 2-max Seat #2 is the button
Seat 1: LifeisagameX ($69 in chips)
Seat 2: dodge658 ($62.06 in chips)
dodge658: posts small blind $1
LifeisagameX: posts big blind $3
*** HOLE CARDS ***
dodge658: calls $2
LifeisagameX: checks
*** FLOP *** [6d Jc 4s]
LifeisagameX: checks
dodge658: checks
*** TURN *** [6d Jc 4s] [3s]
LifeisagameX: checks
dodge658: checks
*** RIVER *** [6d Jc 4s 3s] [7d]
LifeisagameX: checks
dodge658: checks
*** SHOW DOWN ***
LifeisagameX: shows [2c Ah] (high card Ace)
dodge658: shows [Ad Kh] (high card Ace - King kicker)
dodge658 collected $5.88 from pot
*** SUMMARY ***
Total pot $6 | Rake $0.12
Board [6d Jc 4s 3s 7d]
Seat 1: LifeisagameX (big blind) showed [2c Ah] and lost with high card Ace
Seat 2: dodge658 (button) (small blind) showed [Ad Kh] and won ($5.88) with high card Ace


PokerStars Hand #145608495310:  Hold'em Limit ($3/$6 USD) - 2015/12/19 18:30:25 ET
Table 'Ursina' 2-max Seat #1 is the button
Seat 1: LifeisagameX ($71.64 in chips)
Seat 2: dodge658 ($58.82 in chips)
LifeisagameX: posts small blind $1
dodge658: posts big blind $3
*** HOLE CARDS ***
LifeisagameX: raises $3 to $6
dodge658: calls $3
*** FLOP *** [9s 8d 2c]
dodge658: bets $3
LifeisagameX: calls $3
*** TURN *** [9s 8d 2c] [5c]
dodge658: bets $6
LifeisagameX: calls $6
*** RIVER *** [9s 8d 2c 5c] [Kd]
dodge658: bets $6
LifeisagameX: calls $6
*** SHOW DOWN ***
dodge658: shows [8c 3h] (a pair of Eights)
LifeisagameX: mucks hand
dodge658 collected $41.50 from pot
*** SUMMARY ***
Total pot $42 | Rake $0.50
Board [9s 8d 2c 5c Kd]
Seat 1: LifeisagameX (button) (small blind) mucked
Seat 2: dodge658 (big blind) showed [8c 3h] and won ($41.50) with a pair of Eights


PokerStars Hand #145608474241:  Hold'em Limit ($3/$6 USD) - 2015/12/19 18:29:57 ET
Table 'Ursina' 2-max Seat #2 is the button
Seat 1: LifeisagameX ($74.64 in chips)
Seat 2: dodge658 ($55.94 in chips)
dodge658: posts small blind $1
LifeisagameX: posts big blind $3
*** HOLE CARDS ***
dodge658: calls $2
LifeisagameX: checks
*** FLOP *** [Jc 7h 4s]
LifeisagameX: checks
dodge658: bets $3
LifeisagameX: folds
Uncalled bet ($3) returned to dodge658
dodge658 collected $5.88 from pot
dodge658: doesn't show hand
*** SUMMARY ***
Total pot $6 | Rake $0.12
Board [Jc 7h 4s]
Seat 1: LifeisagameX (big blind) folded on the Flop
Seat 2: dodge658 (button) (small blind) collected ($5.88)


PokerStars Hand #145608519375:  Hold'em Limit ($3/$6 USD) - 2015/12/19 18:30:57 ET
Table 'Ursina' 2-max Seat #2 is the button
Seat 1: LifeisagameX ($50.64 in chips)
Seat 2: dodge658 ($79.32 in chips)
dodge658: posts small blind $1
LifeisagameX: posts big blind $3
*** HOLE CARDS ***
dodge658: calls $2
LifeisagameX: checks
*** FLOP *** [6h As 7d]
LifeisagameX: checks
dodge658: checks
*** TURN *** [6h As 7d] [Kh]
LifeisagameX: checks
dodge658: checks
*** RIVER *** [6h As 7d Kh] [Kd]
LifeisagameX: bets $6
dodge658: calls $6
*** SHOW DOWN ***
LifeisagameX: shows [Th 4s] (a pair of Kings)
dodge658: shows [Qs 8d] (a pair of Kings - Ace+Queen kicker)
dodge658 collected $17.64 from pot
*** SUMMARY ***
Total pot $18 | Rake $0.36
Board [6h As 7d Kh Kd]
Seat 1: LifeisagameX (big blind) showed [Th 4s] and lost with a pair of Kings
Seat 2: dodge658 (button) (small blind) showed [Qs 8d] and won ($17.64) with a pair of Kings


PokerStars Hand #145608580165:  Hold'em Limit ($3/$6 USD) - 2015/12/19 18:32:17 ET
Table 'Ursina' 2-max Seat #2 is the button
Seat 1: LifeisagameX ($26.64 in chips)
Seat 2: dodge658 ($102.46 in chips)
dodge658: posts small blind $1
LifeisagameX: posts big blind $3
*** HOLE CARDS ***
dodge658: calls $2
LifeisagameX: raises $3 to $6
dodge658: calls $3
*** FLOP *** [9s 9d Tc]
LifeisagameX: bets $3
dodge658: folds
Uncalled bet ($3) returned to LifeisagameX
LifeisagameX collected $11.76 from pot
LifeisagameX: doesn't show hand
*** SUMMARY ***
Total pot $12 | Rake $0.24
Board [9s 9d Tc]
Seat 1: LifeisagameX (big blind) collected ($11.76)
Seat 2: dodge658 (button) (small blind) folded on the Flop


PokerStars Hand #145608549946:  Hold'em Limit ($3/$6 USD) - 2015/12/19 18:31:37 ET
Table 'Ursina' 2-max Seat #1 is the button
Seat 1: LifeisagameX ($41.64 in chips)
Seat 2: dodge658 ($87.96 in chips)
LifeisagameX: posts small blind $1
dodge658: posts big blind $3
*** HOLE CARDS ***
LifeisagameX: raises $3 to $6
dodge658: calls $3
*** FLOP *** [6h 3h Ts]
dodge658: bets $3
LifeisagameX: calls $3
*** TURN *** [6h 3h Ts] [2h]
dodge658: checks
LifeisagameX: checks
*** RIVER *** [6h 3h Ts 2h] [9c]
dodge658: bets $6
LifeisagameX: calls $6
*** SHOW DOWN ***
dodge658: shows [9d Js] (a pair of Nines)
LifeisagameX: mucks hand
dodge658 collected $29.50 from pot
*** SUMMARY ***
Total pot $30 | Rake $0.50
Board [6h 3h Ts 2h 9c]
Seat 1: LifeisagameX (button) (small blind) mucked
Seat 2: dodge658 (big blind) showed [9d Js] and won ($29.50) with a pair of Nines


PokerStars Hand #145608621339:  Hold'em Limit ($3/$6 USD) - 2015/12/19 18:33:11 ET
Table 'Ursina' 2-max Seat #2 is the button
Seat 1: LifeisagameX ($5.40 in chips)
Seat 2: dodge658 ($122.96 in chips)
dodge658: posts small blind $1
LifeisagameX: posts big blind $3
*** HOLE CARDS ***
dodge658: calls $2
LifeisagameX: raises $2.40 to $5.40 and is all-in
dodge658: calls $2.40
*** FLOP *** [9h Qc Td]
*** TURN *** [9h Qc Td] [4h]
*** RIVER *** [9h Qc Td 4h] [Kd]
*** SHOW DOWN ***
LifeisagameX: shows [7c Kc] (a pair of Kings)
dodge658: shows [Ad 5s] (high card Ace)
LifeisagameX collected $10.58 from pot
*** SUMMARY ***
Total pot $10.80 | Rake $0.22
Board [9h Qc Td 4h Kd]
Seat 1: LifeisagameX (big blind) showed [7c Kc] and won ($10.58) with a pair of Kings
Seat 2: dodge658 (button) (small blind) showed [Ad 5s] and lost with high card Ace


PokerStars Hand #145608592008:  Hold'em Limit ($3/$6 USD) - 2015/12/19 18:32:32 ET
Table 'Ursina' 2-max Seat #1 is the button
Seat 1: LifeisagameX ($32.40 in chips)
Seat 2: dodge658 ($96.46 in chips)
LifeisagameX: posts small blind $1
dodge658: posts big blind $3
*** HOLE CARDS ***
LifeisagameX: raises $3 to $6
dodge658: calls $3
*** FLOP *** [9d 7c 4c]
dodge658: bets $3
LifeisagameX: calls $3
*** TURN *** [9d 7c 4c] [8c]
dodge658: bets $6
LifeisagameX: raises $6 to $12
dodge658: calls $6
*** RIVER *** [9d 7c 4c 8c] [Ts]
dodge658: bets $6
LifeisagameX: calls $6
*** SHOW DOWN ***
dodge658: shows [9h Jh] (a straight, Seven to Jack)
LifeisagameX: mucks hand
dodge658 collected $53.50 from pot
*** SUMMARY ***
Total pot $54 | Rake $0.50
Board [9d 7c 4c 8c Ts]
Seat 1: LifeisagameX (button) (small blind) mucked
Seat 2: dodge658 (big blind) showed [9h Jh] and won ($53.50) with a straight, Seven to Jack


PokerStars Hand #145608687618:  Hold'em Limit ($3/$6 USD) - 2015/12/19 18:34:39 ET
Table 'Ursina' 2-max Seat #1 is the button
Seat 1: LifeisagameX ($129.24 in chips)
Seat 2: dodge658 ($96.56 in chips)
LifeisagameX: posts small blind $1
dodge658: posts big blind $3
*** HOLE CARDS ***
LifeisagameX: raises $3 to $6
dodge658: calls $3
*** FLOP *** [Ad 9c 4s]
dodge658: bets $3
LifeisagameX: calls $3
*** TURN *** [Ad 9c 4s] [5s]
dodge658: bets $6
LifeisagameX: calls $6
*** RIVER *** [Ad 9c 4s 5s] [Tc]
dodge658: bets $6
LifeisagameX: calls $6
*** SHOW DOWN ***
dodge658: shows [8s 2h] (high card Ace)
LifeisagameX: shows [3c Kd] (high card Ace - King kicker)
LifeisagameX collected $41.50 from pot
*** SUMMARY ***
Total pot $42 | Rake $0.50
Board [Ad 9c 4s 5s Tc]
Seat 1: LifeisagameX (button) (small blind) showed [3c Kd] and won ($41.50) with high card Ace
Seat 2: dodge658 (big blind) showed [8s 2h] and lost with high card Ace


PokerStars Hand #145608666881:  Hold'em Limit ($3/$6 USD) - 2015/12/19 18:34:11 ET
Table 'Ursina' 2-max Seat #2 is the button
Seat 1: LifeisagameX ($114.74 in chips)
Seat 2: dodge658 ($111.56 in chips)
dodge658: posts small blind $1
LifeisagameX: posts big blind $3
*** HOLE CARDS ***
dodge658: calls $2
LifeisagameX: raises $3 to $6
dodge658: calls $3
*** FLOP *** [Kc 8c 6c]
LifeisagameX: bets $3
dodge658: calls $3
*** TURN *** [Kc 8c 6c] [6h]
LifeisagameX: checks
dodge658: checks
*** RIVER *** [Kc 8c 6c 6h] [Ks]
LifeisagameX: bets $6
dodge658: calls $6
*** SHOW DOWN ***
LifeisagameX: shows [4s Ac] (two pair, Kings and Sixes)
dodge658: mucks hand
LifeisagameX collected $29.50 from pot
*** SUMMARY ***
Total pot $30 | Rake $0.50
Board [Kc 8c 6c 6h Ks]
Seat 1: LifeisagameX (big blind) showed [4s Ac] and won ($29.50) with two pair, Kings and Sixes
Seat 2: dodge658 (button) (small blind) mucked


PokerStars Hand #145608637007:  Hold'em Limit ($3/$6 USD) - 2015/12/19 18:33:32 ET
Table 'Ursina' 2-max Seat #1 is the button
Seat 1: LifeisagameX ($108.98 in chips)
Seat 2: dodge658 ($117.56 in chips)
LifeisagameX: posts small blind $1
dodge658: posts big blind $3
*** HOLE CARDS ***
LifeisagameX: raises $3 to $6
dodge658: calls $3
*** FLOP *** [5h Jc Qh]
dodge658: checks
LifeisagameX: bets $3
dodge658: folds
Uncalled bet ($3) returned to LifeisagameX
LifeisagameX collected $11.76 from pot
LifeisagameX: doesn't show hand
*** SUMMARY ***
Total pot $12 | Rake $0.24
Board [5h Jc Qh]
Seat 1: LifeisagameX (button) (small blind) collected ($11.76)
Seat 2: dodge658 (big blind) folded on the Flop


PokerStars Hand #145608721101:  Hold'em Limit ($3/$6 USD) - 2015/12/19 18:35:24 ET
Table 'Ursina' 2-max Seat #1 is the button
Seat 1: LifeisagameX ($170.24 in chips)
Seat 2: dodge658 ($54.56 in chips)
LifeisagameX: posts small blind $1
dodge658: posts big blind $3
*** HOLE CARDS ***
LifeisagameX: raises $3 to $6
dodge658: calls $3
*** FLOP *** [Js 4d 5s]
dodge658: bets $3
LifeisagameX: raises $3 to $6
dodge658: calls $3
*** TURN *** [Js 4d 5s] [6d]
dodge658: bets $6
LifeisagameX: folds
Uncalled bet ($6) returned to dodge658
dodge658 collected $23.52 from pot
dodge658: doesn't show hand
*** SUMMARY ***
Total pot $24 | Rake $0.48
Board [Js 4d 5s 6d]
Seat 1: LifeisagameX (button) (small blind) folded on the Turn
Seat 2: dodge658 (big blind) collected ($23.52)


PokerStars Hand #145608703732:  Hold'em Limit ($3/$6 USD) - 2015/12/19 18:35:01 ET
Table 'Ursina' 2-max Seat #2 is the button
Seat 1: LifeisagameX ($149.74 in chips)
Seat 2: dodge658 ($75.56 in chips)
dodge658: posts small blind $1
LifeisagameX: posts big blind $3
*** HOLE CARDS ***
dodge658: calls $2
LifeisagameX: raises $3 to $6
dodge658: calls $3
*** FLOP *** [Ac 6h 7h]
LifeisagameX: bets $3
dodge658: calls $3
*** TURN *** [Ac 6h 7h] [5s]
LifeisagameX: bets $6
dodge658: calls $6
*** RIVER *** [Ac 6h 7h 5s] [8d]
LifeisagameX: bets $6
dodge658: calls $6
*** SHOW DOWN ***
LifeisagameX: shows [6s 6d] (three of a kind, Sixes)
dodge658: mucks hand
LifeisagameX collected $41.50 from pot
*** SUMMARY ***
Total pot $42 | Rake $0.50
Board [Ac 6h 7h 5s 8d]
Seat 1: LifeisagameX (big blind) showed [6s 6d] and won ($41.50) with three of a kind, Sixes
Seat 2: dodge658 (button) (small blind) mucked


PokerStars Hand #145608763921:  Hold'em Limit ($3/$6 USD) - 2015/12/19 18:36:21 ET
Table 'Ursina' 2-max Seat #1 is the button
Seat 1: LifeisagameX ($137.24 in chips)
Seat 2: dodge658 ($86.58 in chips)
LifeisagameX: posts small blind $1
dodge658: posts big blind $3
*** HOLE CARDS ***
LifeisagameX: raises $3 to $6
dodge658: calls $3
*** FLOP *** [4s Jc Qd]
dodge658: checks
LifeisagameX: checks
*** TURN *** [4s Jc Qd] [Tc]
dodge658: checks
LifeisagameX: bets $6
dodge658: folds
Uncalled bet ($6) returned to LifeisagameX
LifeisagameX collected $11.76 from pot
LifeisagameX: doesn't show hand
*** SUMMARY ***
Total pot $12 | Rake $0.24
Board [4s Jc Qd Tc]
Seat 1: LifeisagameX (button) (small blind) collected ($11.76)
Seat 2: dodge658 (big blind) folded on the Turn


PokerStars Hand #145608738770:  Hold'em Limit ($3/$6 USD) - 2015/12/19 18:35:47 ET
Table 'Ursina' 2-max Seat #2 is the button
Seat 1: LifeisagameX ($158.24 in chips)
Seat 2: dodge658 ($66.08 in chips)
dodge658: posts small blind $1
LifeisagameX: posts big blind $3
*** HOLE CARDS ***
dodge658: calls $2
LifeisagameX: raises $3 to $6
dodge658: calls $3
*** FLOP *** [6d 9d 7c]
LifeisagameX: bets $3
dodge658: calls $3
*** TURN *** [6d 9d 7c] [Jd]
LifeisagameX: checks
dodge658: bets $6
LifeisagameX: calls $6
*** RIVER *** [6d 9d 7c Jd] [8c]
LifeisagameX: checks
dodge658: bets $6
LifeisagameX: calls $6
*** SHOW DOWN ***
dodge658: shows [Td 6h] (a straight, Seven to Jack)
LifeisagameX: mucks hand
dodge658 collected $41.50 from pot
*** SUMMARY ***
Total pot $42 | Rake $0.50
Board [6d 9d 7c Jd 8c]
Seat 1: LifeisagameX (big blind) mucked
Seat 2: dodge658 (button) (small blind) showed [Td 6h] and won ($41.50) with a straight, Seven to Jack


PokerStars Hand #145608809881:  Hold'em Limit ($3/$6 USD) - 2015/12/19 18:37:23 ET
Table 'Ursina' 2-max Seat #1 is the button
Seat 1: LifeisagameX ($122 in chips)
Seat 2: dodge658 ($101.08 in chips)
LifeisagameX: posts small blind $1
dodge658: posts big blind $3
*** HOLE CARDS ***
LifeisagameX: raises $3 to $6
dodge658: calls $3
*** FLOP *** [3h 5s Qs]
dodge658: bets $3
LifeisagameX: calls $3
*** TURN *** [3h 5s Qs] [2h]
dodge658: bets $6
LifeisagameX: calls $6
*** RIVER *** [3h 5s Qs 2h] [8d]
dodge658: bets $6
LifeisagameX: calls $6
*** SHOW DOWN ***
dodge658: shows [3c Ks] (a pair of Threes)
LifeisagameX: mucks hand
dodge658 collected $41.50 from pot
*** SUMMARY ***
Total pot $42 | Rake $0.50
Board [3h 5s Qs 2h 8d]
Seat 1: LifeisagameX (button) (small blind) mucked
Seat 2: dodge658 (big blind) showed [3c Ks] and won ($41.50) with a pair of Threes


PokerStars Hand #145608781536:  Hold'em Limit ($3/$6 USD) - 2015/12/19 18:36:45 ET
Table 'Ursina' 2-max Seat #2 is the button
Seat 1: LifeisagameX ($143 in chips)
Seat 2: dodge658 ($80.58 in chips)
dodge658: posts small blind $1
LifeisagameX: posts big blind $3
*** HOLE CARDS ***
dodge658: calls $2
LifeisagameX: raises $3 to $6
dodge658: calls $3
*** FLOP *** [Qc Tc 2h]
LifeisagameX: bets $3
dodge658: calls $3
*** TURN *** [Qc Tc 2h] [Qs]
LifeisagameX: checks
dodge658: bets $6
LifeisagameX: calls $6
*** RIVER *** [Qc Tc 2h Qs] [Qh]
LifeisagameX: checks
dodge658: bets $6
LifeisagameX: calls $6
*** SHOW DOWN ***
dodge658: shows [5s Ts] (a full house, Queens full of Tens)
LifeisagameX: mucks hand
dodge658 collected $41.50 from pot
*** SUMMARY ***
Total pot $42 | Rake $0.50
Board [Qc Tc 2h Qs Qh]
Seat 1: LifeisagameX (big blind) mucked
Seat 2: dodge658 (button) (small blind) showed [5s Ts] and won ($41.50) with a full house, Queens full of Tens


PokerStars Hand #145608827813:  Hold'em Limit ($3/$6 USD) - 2015/12/19 18:37:47 ET
Table 'Ursina' 2-max Seat #2 is the button
Seat 1: LifeisagameX ($101 in chips)
Seat 2: dodge658 ($121.58 in chips)
dodge658: posts small blind $1
LifeisagameX: posts big blind $3
*** HOLE CARDS ***
dodge658: calls $2
LifeisagameX: raises $3 to $6
dodge658: calls $3
*** FLOP *** [2h 2d Qc]
LifeisagameX: bets $3
dodge658: calls $3
*** TURN *** [2h 2d Qc] [9c]
LifeisagameX: checks
dodge658: bets $6
LifeisagameX: calls $6
*** RIVER *** [2h 2d Qc 9c] [Kc]
LifeisagameX: checks
dodge658: checks
*** SHOW DOWN ***
LifeisagameX: shows [Ah Jd] (a pair of Deuces)
dodge658: shows [9s 6c] (two pair, Nines and Deuces)
dodge658 collected $29.50 from pot
*** SUMMARY ***
Total pot $30 | Rake $0.50
Board [2h 2d Qc 9c Kc]
Seat 1: LifeisagameX (big blind) showed [Ah Jd] and lost with a pair of Deuces
Seat 2: dodge658 (button) (small blind) showed [9s 6c] and won ($29.50) with two pair, Nines and Deuces


PokerStars Hand #145608892862:  Hold'em Limit ($3/$6 USD) - 2015/12/19 18:39:14 ET
Table 'Ursina' 2-max Seat #2 is the button
Seat 1: LifeisagameX ($77 in chips)
Seat 2: dodge658 ($144.72 in chips)
dodge658: posts small blind $1
LifeisagameX: posts big blind $3
*** HOLE CARDS ***
dodge658: calls $2
LifeisagameX: checks
*** FLOP *** [Ad Qc Ks]
LifeisagameX: checks
dodge658: bets $3
LifeisagameX: calls $3
*** TURN *** [Ad Qc Ks] [8c]
LifeisagameX: checks
dodge658: checks
*** RIVER *** [Ad Qc Ks 8c] [7d]
LifeisagameX: checks
dodge658: checks
*** SHOW DOWN ***
LifeisagameX: shows [Jc 2h] (high card Ace)
dodge658: mucks hand
LifeisagameX collected $11.76 from pot
*** SUMMARY ***
Total pot $12 | Rake $0.24
Board [Ad Qc Ks 8c 7d]
Seat 1: LifeisagameX (big blind) showed [Jc 2h] and won ($11.76) with high card Ace
Seat 2: dodge658 (button) (small blind) mucked


PokerStars Hand #145608870143:  Hold'em Limit ($3/$6 USD) - 2015/12/19 18:38:44 ET
Table 'Ursina' 2-max Seat #1 is the button
Seat 1: LifeisagameX ($86 in chips)
Seat 2: dodge658 ($136.08 in chips)
LifeisagameX: posts small blind $1
dodge658: posts big blind $3
*** HOLE CARDS ***
LifeisagameX: raises $3 to $6
dodge658: calls $3
*** FLOP *** [Qd 2c 8c]
dodge658: bets $3
LifeisagameX: calls $3
*** TURN *** [Qd 2c 8c] [5s]
dodge658: bets $6
LifeisagameX: folds
Uncalled bet ($6) returned to dodge658
dodge658 collected $17.64 from pot
dodge658: doesn't show hand
*** SUMMARY ***
Total pot $18 | Rake $0.36
Board [Qd 2c 8c 5s]
Seat 1: LifeisagameX (button) (small blind) folded on the Turn
Seat 2: dodge658 (big blind) collected ($17.64)


PokerStars Hand #145608929604:  Hold'em Limit ($3/$6 USD) - 2015/12/19 18:40:04 ET
Table 'Ursina' 2-max Seat #1 is the button
Seat 1: LifeisagameX ($82.76 in chips)
Seat 2: dodge658 ($138.72 in chips)
LifeisagameX: posts small blind $1
dodge658: posts big blind $3
*** HOLE CARDS ***
LifeisagameX: raises $3 to $6
dodge658: calls $3
*** FLOP *** [Jh Ad 9d]
dodge658: bets $3
LifeisagameX: raises $3 to $6
dodge658: calls $3
*** TURN *** [Jh Ad 9d] [5s]
dodge658: bets $6
LifeisagameX: calls $6
*** RIVER *** [Jh Ad 9d 5s] [8d]
dodge658: bets $6
LifeisagameX: calls $6
*** SHOW DOWN ***
dodge658: shows [9s Jc] (two pair, Jacks and Nines)
LifeisagameX: mucks hand
dodge658 collected $47.50 from pot
*** SUMMARY ***
Total pot $48 | Rake $0.50
Board [Jh Ad 9d 5s 8d]
Seat 1: LifeisagameX (button) (small blind) mucked
Seat 2: dodge658 (big blind) showed [9s Jc] and won ($47.50) with two pair, Jacks and Nines


PokerStars Hand #145608989055:  Hold'em Limit ($3/$6 USD) - 2015/12/19 18:41:24 ET
Table 'Ursina' 2-max Seat #1 is the button
Seat 1: LifeisagameX ($43.76 in chips)
Seat 2: dodge658 ($176.72 in chips)
LifeisagameX: posts small blind $1
dodge658: posts big blind $3
*** HOLE CARDS ***
LifeisagameX: raises $3 to $6
dodge658: calls $3
*** FLOP *** [7h Jc 8s]
dodge658: bets $3
LifeisagameX: calls $3
*** TURN *** [7h Jc 8s] [Ah]
dodge658: bets $6
LifeisagameX: calls $6
*** RIVER *** [7h Jc 8s Ah] [Jd]
dodge658: bets $6
LifeisagameX: calls $6
*** SHOW DOWN ***
dodge658: shows [6c 8c] (two pair, Jacks and Eights)
LifeisagameX: mucks hand
dodge658 collected $41.50 from pot
*** SUMMARY ***
Total pot $42 | Rake $0.50
Board [7h Jc 8s Ah Jd]
Seat 1: LifeisagameX (button) (small blind) mucked
Seat 2: dodge658 (big blind) showed [6c 8c] and won ($41.50) with two pair, Jacks and Eights


PokerStars Hand #145608959468:  Hold'em Limit ($3/$6 USD) - 2015/12/19 18:40:44 ET
Table 'Ursina' 2-max Seat #2 is the button
Seat 1: LifeisagameX ($58.76 in chips)
Seat 2: dodge658 ($162.22 in chips)
dodge658: posts small blind $1
LifeisagameX: posts big blind $3
*** HOLE CARDS ***
dodge658: calls $2
LifeisagameX: raises $3 to $6
dodge658: calls $3
*** FLOP *** [4c 5d Kd]
LifeisagameX: bets $3
dodge658: calls $3
*** TURN *** [4c 5d Kd] [Kh]
LifeisagameX: bets $6
dodge658: calls $6
*** RIVER *** [4c 5d Kd Kh] [Qs]
LifeisagameX: checks
dodge658: checks
*** SHOW DOWN ***
LifeisagameX: shows [Ts Jd] (a pair of Kings)
dodge658: shows [2c Ad] (a pair of Kings - Ace kicker)
dodge658 collected $29.50 from pot
*** SUMMARY ***
Total pot $30 | Rake $0.50
Board [4c 5d Kd Kh Qs]
Seat 1: LifeisagameX (big blind) showed [Ts Jd] and lost with a pair of Kings
Seat 2: dodge658 (button) (small blind) showed [2c Ad] and won ($29.50) with a pair of Kings


PokerStars Hand #145609029956:  Hold'em Limit ($3/$6 USD) - 2015/12/19 18:42:19 ET
Table 'Ursina' 2-max Seat #2 is the button
Seat 1: LifeisagameX ($18.76 in chips)
Seat 2: dodge658 ($201.10 in chips)
dodge658: posts small blind $1
LifeisagameX: posts big blind $3
*** HOLE CARDS ***
dodge658: calls $2
LifeisagameX: raises $3 to $6
dodge658: calls $3
*** FLOP *** [Ks 8c 8h]
LifeisagameX: checks
dodge658: checks
*** TURN *** [Ks 8c 8h] [Jd]
LifeisagameX: bets $6
dodge658: folds
Uncalled bet ($6) returned to LifeisagameX
LifeisagameX collected $11.76 from pot
LifeisagameX: doesn't show hand
*** SUMMARY ***
Total pot $12 | Rake $0.24
Board [Ks 8c 8h Jd]
Seat 1: LifeisagameX (big blind) collected ($11.76)
Seat 2: dodge658 (button) (small blind) folded on the Turn


PokerStars Hand #145609024839:  Hold'em Limit ($3/$6 USD) - 2015/12/19 18:42:12 ET
Table 'Ursina' 2-max Seat #1 is the button
Seat 1: LifeisagameX ($19.76 in chips)
Seat 2: dodge658 ($200.10 in chips)
LifeisagameX: posts small blind $1
dodge658: posts big blind $3
*** HOLE CARDS ***
LifeisagameX: folds
Uncalled bet ($2) returned to dodge658
dodge658 collected $2 from pot
dodge658: doesn't show hand
*** SUMMARY ***
Total pot $2 | Rake $0
Seat 1: LifeisagameX (button) (small blind) folded before Flop
Seat 2: dodge658 (big blind) collected ($2)


PokerStars Hand #145609009770:  Hold'em Limit ($3/$6 USD) - 2015/12/19 18:41:52 ET
Table 'Ursina' 2-max Seat #2 is the button
Seat 1: LifeisagameX ($22.76 in chips)
Seat 2: dodge658 ($197.22 in chips)
dodge658: posts small blind $1
LifeisagameX: posts big blind $3
*** HOLE CARDS ***
dodge658: calls $2
LifeisagameX: checks
*** FLOP *** [9c Jh Js]
LifeisagameX: checks
dodge658: bets $3
LifeisagameX: folds
Uncalled bet ($3) returned to dodge658
dodge658 collected $5.88 from pot
dodge658: doesn't show hand
*** SUMMARY ***
Total pot $6 | Rake $0.12
Board [9c Jh Js]
Seat 1: LifeisagameX (big blind) folded on the Flop
Seat 2: dodge658 (button) (small blind) collected ($5.88)


PokerStars Hand #145609047885:  Hold'em Limit ($3/$6 USD) - 2015/12/19 18:42:43 ET
Table 'Ursina' 2-max Seat #1 is the button
Seat 1: LifeisagameX ($24.52 in chips)
Seat 2: dodge658 ($195.10 in chips)
LifeisagameX: posts small blind $1
dodge658: posts big blind $3
*** HOLE CARDS ***
LifeisagameX: raises $3 to $6
dodge658: calls $3
*** FLOP *** [Ks Tc 7h]
dodge658: checks
LifeisagameX: checks
*** TURN *** [Ks Tc 7h] [7c]
dodge658: checks
LifeisagameX: bets $6
dodge658: calls $6
*** RIVER *** [Ks Tc 7h 7c] [9c]
dodge658: checks
LifeisagameX: bets $6
dodge658: folds
Uncalled bet ($6) returned to LifeisagameX
LifeisagameX collected $23.52 from pot
LifeisagameX: doesn't show hand
*** SUMMARY ***
Total pot $24 | Rake $0.48
Board [Ks Tc 7h 7c 9c]
Seat 1: LifeisagameX (button) (small blind) collected ($23.52)
Seat 2: dodge658 (big blind) folded on the River


PokerStars Hand #145609086861:  Hold'em Limit ($3/$6 USD) - 2015/12/19 18:43:36 ET
Table 'Ursina' 2-max Seat #2 is the button
Seat 1: LifeisagameX ($36.04 in chips)
Seat 2: dodge658 ($183.10 in chips)
dodge658: posts small blind $1
LifeisagameX: posts big blind $3
*** HOLE CARDS ***
dodge658: calls $2
LifeisagameX: checks
*** FLOP *** [Qs 9s 6h]
LifeisagameX: bets $3
dodge658: calls $3
*** TURN *** [Qs 9s 6h] [9h]
LifeisagameX: checks
dodge658: checks
*** RIVER *** [Qs 9s 6h 9h] [8c]
LifeisagameX: bets $6
dodge658: calls $6
*** SHOW DOWN ***
LifeisagameX: shows [7d Jh] (a pair of Nines)
dodge658: shows [Js Ac] (a pair of Nines - Ace kicker)
dodge658 collected $23.52 from pot
*** SUMMARY ***
Total pot $24 | Rake $0.48
Board [Qs 9s 6h 9h 8c]
Seat 1: LifeisagameX (big blind) showed [7d Jh] and lost with a pair of Nines
Seat 2: dodge658 (button) (small blind) showed [Js Ac] and won ($23.52) with a pair of Nines


PokerStars Hand #145609103366:  Hold'em Limit ($3/$6 USD) - 2015/12/19 18:43:58 ET
Table 'Ursina' 2-max Seat #1 is the button
Seat 1: LifeisagameX ($24.04 in chips)
Seat 2: dodge658 ($194.62 in chips)
LifeisagameX: posts small blind $1
dodge658: posts big blind $3
*** HOLE CARDS ***
LifeisagameX: raises $3 to $6
dodge658: calls $3
*** FLOP *** [7c 4d 7h]
dodge658: bets $3
LifeisagameX: calls $3
*** TURN *** [7c 4d 7h] [Ah]
dodge658: bets $6
LifeisagameX: folds
Uncalled bet ($6) returned to dodge658
dodge658 collected $17.64 from pot
dodge658: doesn't show hand
*** SUMMARY ***
Total pot $18 | Rake $0.36
Board [7c 4d 7h Ah]
Seat 1: LifeisagameX (button) (small blind) folded on the Turn
Seat 2: dodge658 (big blind) collected ($17.64)


PokerStars Hand #145609134629:  Hold'em Limit ($3/$6 USD) - 2015/12/19 18:44:41 ET
Table 'Ursina' 2-max Seat #2 is the button
Seat 1: LifeisagameX ($15.04 in chips)
Seat 2: dodge658 ($203.26 in chips)
dodge658: posts small blind $1
LifeisagameX: posts big blind $3
*** HOLE CARDS ***
dodge658: calls $2
LifeisagameX: raises $3 to $6
dodge658: calls $3
*** FLOP *** [2h 8h 6s]
LifeisagameX: bets $3
dodge658: raises $3 to $6
LifeisagameX: raises $3 to $9
dodge658: raises $3 to $12
Betting is capped
LifeisagameX: calls $0.04 and is all-in
Uncalled bet ($2.96) returned to dodge658
*** TURN *** [2h 8h 6s] [7s]
*** RIVER *** [2h 8h 6s 7s] [2c]
*** SHOW DOWN ***
LifeisagameX: shows [Qc 8c] (two pair, Eights and Deuces)
dodge658: shows [9h Kh] (a pair of Deuces)
LifeisagameX collected $29.58 from pot
*** SUMMARY ***
Total pot $30.08 | Rake $0.50
Board [2h 8h 6s 7s 2c]
Seat 1: LifeisagameX (big blind) showed [Qc 8c] and won ($29.58) with two pair, Eights and Deuces
Seat 2: dodge658 (button) (small blind) showed [9h Kh] and lost with a pair of Deuces


PokerStars Hand #145609153449:  Hold'em Limit ($3/$6 USD) - 2015/12/19 18:45:06 ET
Table 'Ursina' 2-max Seat #1 is the button
Seat 1: LifeisagameX ($29.58 in chips)
Seat 2: dodge658 ($188.22 in chips)
LifeisagameX: posts small blind $1
dodge658: posts big blind $3
*** HOLE CARDS ***
LifeisagameX: raises $3 to $6
dodge658: calls $3
*** FLOP *** [6h Kc 2h]
dodge658: checks
LifeisagameX: bets $3
dodge658: calls $3
*** TURN *** [6h Kc 2h] [7c]
dodge658: checks
LifeisagameX: bets $6
dodge658: calls $6
*** RIVER *** [6h Kc 2h 7c] [3d]
dodge658: bets $6
LifeisagameX: raises $6 to $12
dodge658: folds
Uncalled bet ($6) returned to LifeisagameX
LifeisagameX collected $41.50 from pot
LifeisagameX: doesn't show hand
*** SUMMARY ***
Total pot $42 | Rake $0.50
Board [6h Kc 2h 7c 3d]
Seat 1: LifeisagameX (button) (small blind) collected ($41.50)
Seat 2: dodge658 (big blind) folded on the River


PokerStars Hand #145609185287:  Hold'em Limit ($3/$6 USD) - 2015/12/19 18:45:49 ET
Table 'Ursina' 2-max Seat #2 is the button
Seat 1: LifeisagameX ($50.08 in chips)
Seat 2: dodge658 ($167.22 in chips)
dodge658: posts small blind $1
LifeisagameX: posts big blind $3
*** HOLE CARDS ***
dodge658: calls $2
LifeisagameX: checks
*** FLOP *** [Qd Kh 8c]
LifeisagameX: checks
dodge658: checks
*** TURN *** [Qd Kh 8c] [Th]
LifeisagameX: checks
dodge658: checks
*** RIVER *** [Qd Kh 8c Th] [9s]
LifeisagameX: checks
dodge658: bets $6
LifeisagameX: folds
Uncalled bet ($6) returned to dodge658
dodge658 collected $5.88 from pot
dodge658: doesn't show hand
*** SUMMARY ***
Total pot $6 | Rake $0.12
Board [Qd Kh 8c Th 9s]
Seat 1: LifeisagameX (big blind) folded on the River
Seat 2: dodge658 (button) (small blind) collected ($5.88)


PokerStars Hand #145609209814:  Hold'em Limit ($3/$6 USD) - 2015/12/19 18:46:22 ET
Table 'Ursina' 2-max Seat #1 is the button
Seat 1: LifeisagameX ($47.08 in chips)
Seat 2: dodge658 ($170.10 in chips)
LifeisagameX: posts small blind $1
dodge658: posts big blind $3
*** HOLE CARDS ***
LifeisagameX: raises $3 to $6
dodge658: calls $3
*** FLOP *** [7h Kd Jh]
dodge658: bets $3
LifeisagameX: raises $3 to $6
dodge658: calls $3
*** TURN *** [7h Kd Jh] [Jc]
dodge658: bets $6
LifeisagameX: calls $6
*** RIVER *** [7h Kd Jh Jc] [9h]
dodge658: bets $6
LifeisagameX: calls $6
*** SHOW DOWN ***
dodge658: shows [Kc Tc] (two pair, Kings and Jacks)
LifeisagameX: mucks hand
dodge658 collected $47.50 from pot
*** SUMMARY ***
Total pot $48 | Rake $0.50
Board [7h Kd Jh Jc 9h]
Seat 1: LifeisagameX (button) (small blind) mucked
Seat 2: dodge658 (big blind) showed [Kc Tc] and won ($47.50) with two pair, Kings and Jacks


PokerStars Hand #145609227191:  Hold'em Limit ($3/$6 USD) - 2015/12/19 18:46:46 ET
Table 'Ursina' 2-max Seat #2 is the button
Seat 1: LifeisagameX ($23.08 in chips)
Seat 2: dodge658 ($193.60 in chips)
dodge658: posts small blind $1
LifeisagameX: posts big blind $3
*** HOLE CARDS ***
dodge658: calls $2
LifeisagameX: checks
*** FLOP *** [Qd 6s 6d]
LifeisagameX: checks
dodge658: checks
*** TURN *** [Qd 6s 6d] [2d]
LifeisagameX: checks
dodge658: checks
*** RIVER *** [Qd 6s 6d 2d] [4s]
LifeisagameX: bets $6
dodge658: folds
Uncalled bet ($6) returned to LifeisagameX
LifeisagameX collected $5.88 from pot
LifeisagameX: doesn't show hand
*** SUMMARY ***
Total pot $6 | Rake $0.12
Board [Qd 6s 6d 2d 4s]
Seat 1: LifeisagameX (big blind) collected ($5.88)
Seat 2: dodge658 (button) (small blind) folded on the River


PokerStars Hand #145609250235:  Hold'em Limit ($3/$6 USD) - 2015/12/19 18:47:17 ET
Table 'Ursina' 2-max Seat #1 is the button
Seat 1: LifeisagameX ($85.96 in chips)
Seat 2: dodge658 ($190.60 in chips)
LifeisagameX: posts small blind $1
dodge658: posts big blind $3
*** HOLE CARDS ***
LifeisagameX: raises $3 to $6
dodge658: calls $3
*** FLOP *** [9d Kc 6d]
dodge658: bets $3
LifeisagameX: raises $3 to $6
dodge658: calls $3
*** TURN *** [9d Kc 6d] [9c]
dodge658: bets $6
LifeisagameX: raises $6 to $12
dodge658: calls $6
*** RIVER *** [9d Kc 6d 9c] [5h]
dodge658: checks
LifeisagameX: bets $6
dodge658: calls $6
*** SHOW DOWN ***
LifeisagameX: shows [Ks Ac] (two pair, Kings and Nines)
dodge658: mucks hand
LifeisagameX collected $59.50 from pot
*** SUMMARY ***
Total pot $60 | Rake $0.50
Board [9d Kc 6d 9c 5h]
Seat 1: LifeisagameX (button) (small blind) showed [Ks Ac] and won ($59.50) with two pair, Kings and Nines
Seat 2: dodge658 (big blind) mucked


PokerStars Hand #145609269625:  Hold'em Limit ($3/$6 USD) - 2015/12/19 18:47:43 ET
Table 'Ursina' 2-max Seat #2 is the button
Seat 1: LifeisagameX ($115.46 in chips)
Seat 2: dodge658 ($160.60 in chips)
dodge658: posts small blind $1
LifeisagameX: posts big blind $3
*** HOLE CARDS ***
dodge658: calls $2
LifeisagameX: raises $3 to $6
dodge658: calls $3
*** FLOP *** [9c 7h 3s]
LifeisagameX: bets $3
dodge658: calls $3
*** TURN *** [9c 7h 3s] [6h]
LifeisagameX: bets $6
dodge658: calls $6
*** RIVER *** [9c 7h 3s 6h] [5s]
LifeisagameX: checks
dodge658: checks
*** SHOW DOWN ***
LifeisagameX: shows [5d Qc] (a pair of Fives)
dodge658: mucks hand
LifeisagameX collected $29.50 from pot
*** SUMMARY ***
Total pot $30 | Rake $0.50
Board [9c 7h 3s 6h 5s]
Seat 1: LifeisagameX (big blind) showed [5d Qc] and won ($29.50) with a pair of Fives
Seat 2: dodge658 (button) (small blind) mucked


PokerStars Hand #145609291523:  Hold'em Limit ($3/$6 USD) - 2015/12/19 18:48:13 ET
Table 'Ursina' 2-max Seat #1 is the button
Seat 1: LifeisagameX ($129.96 in chips)
Seat 2: dodge658 ($145.60 in chips)
LifeisagameX: posts small blind $1
dodge658: posts big blind $3
*** HOLE CARDS ***
LifeisagameX: raises $3 to $6
dodge658: calls $3
*** FLOP *** [8c 4c 9d]
dodge658: bets $3
LifeisagameX: calls $3
*** TURN *** [8c 4c 9d] [As]
dodge658: bets $6
LifeisagameX: folds
Uncalled bet ($6) returned to dodge658
dodge658 collected $17.64 from pot
dodge658: doesn't show hand
*** SUMMARY ***
Total pot $18 | Rake $0.36
Board [8c 4c 9d As]
Seat 1: LifeisagameX (button) (small blind) folded on the Turn
Seat 2: dodge658 (big blind) collected ($17.64)


PokerStars Hand #145609312846:  Hold'em Limit ($3/$6 USD) - 2015/12/19 18:48:43 ET
Table 'Ursina' 2-max Seat #2 is the button
Seat 1: LifeisagameX ($120.96 in chips)
Seat 2: dodge658 ($154.24 in chips)
dodge658: posts small blind $1
LifeisagameX: posts big blind $3
*** HOLE CARDS ***
dodge658: calls $2
LifeisagameX: raises $3 to $6
dodge658: calls $3
*** FLOP *** [Tc 2c 4h]
LifeisagameX: bets $3
dodge658: calls $3
*** TURN *** [Tc 2c 4h] [4d]
LifeisagameX: bets $6
dodge658: folds
Uncalled bet ($6) returned to LifeisagameX
LifeisagameX collected $17.64 from pot
LifeisagameX: doesn't show hand
*** SUMMARY ***
Total pot $18 | Rake $0.36
Board [Tc 2c 4h 4d]
Seat 1: LifeisagameX (big blind) collected ($17.64)
Seat 2: dodge658 (button) (small blind) folded on the Turn


PokerStars Hand #145609329236:  Hold'em Limit ($3/$6 USD) - 2015/12/19 18:49:05 ET
Table 'Ursina' 2-max Seat #1 is the button
Seat 1: LifeisagameX ($129.60 in chips)
Seat 2: dodge658 ($145.24 in chips)
LifeisagameX: posts small blind $1
dodge658: posts big blind $3
*** HOLE CARDS ***
LifeisagameX: raises $3 to $6
dodge658: calls $3
*** FLOP *** [9h 5h 2c]
dodge658: bets $3
LifeisagameX: raises $3 to $6
dodge658: calls $3
*** TURN *** [9h 5h 2c] [Qh]
dodge658: bets $6
LifeisagameX: raises $6 to $12
dodge658: calls $6
*** RIVER *** [9h 5h 2c Qh] [Kd]
dodge658: bets $6
LifeisagameX: raises $6 to $12
dodge658: raises $6 to $18
LifeisagameX: raises $6 to $24
Betting is capped
dodge658: folds
Uncalled bet ($6) returned to LifeisagameX
LifeisagameX collected $83.50 from pot
LifeisagameX: doesn't show hand
*** SUMMARY ***
Total pot $84 | Rake $0.50
Board [9h 5h 2c Qh Kd]
Seat 1: LifeisagameX (button) (small blind) collected ($83.50)
Seat 2: dodge658 (big blind) folded on the River


PokerStars Hand #145609370806:  Hold'em Limit ($3/$6 USD) - 2015/12/19 18:50:03 ET
Table 'Ursina' 2-max Seat #2 is the button
Seat 1: LifeisagameX ($171.10 in chips)
Seat 2: dodge658 ($103.24 in chips)
dodge658: posts small blind $1
LifeisagameX: posts big blind $3
*** HOLE CARDS ***
dodge658: calls $2
LifeisagameX: checks
*** FLOP *** [Qh Qs 4c]
LifeisagameX: bets $3
dodge658: calls $3
*** TURN *** [Qh Qs 4c] [Th]
LifeisagameX: checks
dodge658: checks
*** RIVER *** [Qh Qs 4c Th] [3d]
LifeisagameX: checks
dodge658: checks
*** SHOW DOWN ***
LifeisagameX: shows [6s Jh] (a pair of Queens)
dodge658: shows [Ah Ks] (a pair of Queens - Ace kicker)
dodge658 collected $11.76 from pot
*** SUMMARY ***
Total pot $12 | Rake $0.24
Board [Qh Qs 4c Th 3d]
Seat 1: LifeisagameX (big blind) showed [6s Jh] and lost with a pair of Queens
Seat 2: dodge658 (button) (small blind) showed [Ah Ks] and won ($11.76) with a pair of Queens


PokerStars Hand #145609402540:  Hold'em Limit ($3/$6 USD) - 2015/12/19 18:50:47 ET
Table 'Ursina' 2-max Seat #1 is the button
Seat 1: LifeisagameX ($165.10 in chips)
Seat 2: dodge658 ($109 in chips)
LifeisagameX: posts small blind $1
dodge658: posts big blind $3
*** HOLE CARDS ***
LifeisagameX: raises $3 to $6
dodge658: calls $3
*** FLOP *** [Ad Jc Tc]
dodge658: bets $3
LifeisagameX: calls $3
*** TURN *** [Ad Jc Tc] [3h]
dodge658: bets $6
LifeisagameX: calls $6
*** RIVER *** [Ad Jc Tc 3h] [5d]
dodge658: bets $6
LifeisagameX: calls $6
*** SHOW DOWN ***
dodge658: shows [8c 4h] (high card Ace)
LifeisagameX: shows [8h Th] (a pair of Tens)
LifeisagameX collected $41.50 from pot
*** SUMMARY ***
Total pot $42 | Rake $0.50
Board [Ad Jc Tc 3h 5d]
Seat 1: LifeisagameX (button) (small blind) showed [8h Th] and won ($41.50) with a pair of Tens
Seat 2: dodge658 (big blind) showed [8c 4h] and lost with high card Ace


PokerStars Hand #145609432351:  Hold'em Limit ($3/$6 USD) - 2015/12/19 18:51:29 ET
Table 'Ursina' 2-max Seat #2 is the button
Seat 1: LifeisagameX ($185.60 in chips)
Seat 2: dodge658 ($88 in chips)
dodge658: posts small blind $1
LifeisagameX: posts big blind $3
*** HOLE CARDS ***
dodge658: calls $2
LifeisagameX: raises $3 to $6
dodge658: calls $3
*** FLOP *** [3c Qh Td]
LifeisagameX: bets $3
dodge658: calls $3
*** TURN *** [3c Qh Td] [7s]
LifeisagameX: checks
dodge658: checks
*** RIVER *** [3c Qh Td 7s] [9c]
LifeisagameX: checks
dodge658: checks
*** SHOW DOWN ***
LifeisagameX: shows [8d Ah] (high card Ace)
dodge658: shows [7c 8s] (a pair of Sevens)
dodge658 collected $17.64 from pot
*** SUMMARY ***
Total pot $18 | Rake $0.36
Board [3c Qh Td 7s 9c]
Seat 1: LifeisagameX (big blind) showed [8d Ah] and lost with high card Ace
Seat 2: dodge658 (button) (small blind) showed [7c 8s] and won ($17.64) with a pair of Sevens


PokerStars Hand #145609450745:  Hold'em Limit ($3/$6 USD) - 2015/12/19 18:51:55 ET
Table 'Ursina' 2-max Seat #1 is the button
Seat 1: LifeisagameX ($176.60 in chips)
Seat 2: dodge658 ($96.64 in chips)
LifeisagameX: posts small blind $1
dodge658: posts big blind $3
*** HOLE CARDS ***
LifeisagameX: raises $3 to $6
dodge658: calls $3
*** FLOP *** [Kc Th 3d]
dodge658: checks
LifeisagameX: bets $3
dodge658: calls $3
*** TURN *** [Kc Th 3d] [2c]
dodge658: checks
LifeisagameX: bets $6
dodge658: calls $6
*** RIVER *** [Kc Th 3d 2c] [Jc]
dodge658: checks
LifeisagameX: bets $6
dodge658: folds
Uncalled bet ($6) returned to LifeisagameX
LifeisagameX collected $29.50 from pot
LifeisagameX: doesn't show hand
*** SUMMARY ***
Total pot $30 | Rake $0.50
Board [Kc Th 3d 2c Jc]
Seat 1: LifeisagameX (button) (small blind) collected ($29.50)
Seat 2: dodge658 (big blind) folded on the River


PokerStars Hand #145609477169:  Hold'em Limit ($3/$6 USD) - 2015/12/19 18:52:32 ET
Table 'Ursina' 2-max Seat #2 is the button
Seat 1: LifeisagameX ($191.10 in chips)
Seat 2: dodge658 ($81.64 in chips)
dodge658: posts small blind $1
LifeisagameX: posts big blind $3
*** HOLE CARDS ***
dodge658: calls $2
LifeisagameX: raises $3 to $6
dodge658: calls $3
*** FLOP *** [Qs 3c 6h]
LifeisagameX: checks
dodge658: checks
*** TURN *** [Qs 3c 6h] [As]
LifeisagameX: bets $6
dodge658: calls $6
*** RIVER *** [Qs 3c 6h As] [8d]
LifeisagameX: bets $6
dodge658: folds
Uncalled bet ($6) returned to LifeisagameX
LifeisagameX collected $23.52 from pot
LifeisagameX: doesn't show hand
*** SUMMARY ***
Total pot $24 | Rake $0.48
Board [Qs 3c 6h As 8d]
Seat 1: LifeisagameX (big blind) collected ($23.52)
Seat 2: dodge658 (button) (small blind) folded on the River


PokerStars Hand #145609497866:  Hold'em Limit ($3/$6 USD) - 2015/12/19 18:53:00 ET
Table 'Ursina' 2-max Seat #1 is the button
Seat 1: LifeisagameX ($202.62 in chips)
Seat 2: dodge658 ($69.64 in chips)
LifeisagameX: posts small blind $1
dodge658: posts big blind $3
*** HOLE CARDS ***
LifeisagameX: raises $3 to $6
dodge658: calls $3
*** FLOP *** [Tc 9s Ah]
dodge658: checks
LifeisagameX: bets $3
dodge658: calls $3
*** TURN *** [Tc 9s Ah] [7h]
dodge658: bets $6
LifeisagameX: calls $6
*** RIVER *** [Tc 9s Ah 7h] [8h]
dodge658: bets $6
LifeisagameX: calls $6
*** SHOW DOWN ***
dodge658: shows [6c 8c] (a straight, Six to Ten)
LifeisagameX: shows [6s Ks] (a straight, Six to Ten)
dodge658 collected $20.75 from pot
LifeisagameX collected $20.75 from pot
*** SUMMARY ***
Total pot $42 | Rake $0.50
Board [Tc 9s Ah 7h 8h]
Seat 1: LifeisagameX (button) (small blind) showed [6s Ks] and won ($20.75) with a straight, Six to Ten
Seat 2: dodge658 (big blind) showed [6c 8c] and won ($20.75) with a straight, Six to Ten


PokerStars Hand #145609518881:  Hold'em Limit ($3/$6 USD) - 2015/12/19 18:53:30 ET
Table 'Ursina' 2-max Seat #2 is the button
Seat 1: LifeisagameX ($202.37 in chips)
Seat 2: dodge658 ($69.39 in chips)
dodge658: posts small blind $1
LifeisagameX: posts big blind $3
*** HOLE CARDS ***
dodge658: calls $2
LifeisagameX: raises $3 to $6
dodge658: calls $3
*** FLOP *** [Js 2c 9s]
LifeisagameX: bets $3
dodge658: calls $3
*** TURN *** [Js 2c 9s] [9d]
LifeisagameX: checks
dodge658: checks
*** RIVER *** [Js 2c 9s 9d] [Jd]
LifeisagameX: checks
dodge658: bets $6
LifeisagameX: calls $6
*** SHOW DOWN ***
dodge658: shows [Ac 7c] (two pair, Jacks and Nines)
LifeisagameX: mucks hand
dodge658 collected $29.50 from pot
*** SUMMARY ***
Total pot $30 | Rake $0.50
Board [Js 2c 9s 9d Jd]
Seat 1: LifeisagameX (big blind) mucked
Seat 2: dodge658 (button) (small blind) showed [Ac 7c] and won ($29.50) with two pair, Jacks and Nines


PokerStars Hand #145609543775:  Hold'em Limit ($3/$6 USD) - 2015/12/19 18:54:05 ET
Table 'Ursina' 2-max Seat #1 is the button
Seat 1: LifeisagameX ($187.37 in chips)
Seat 2: dodge658 ($83.89 in chips)
LifeisagameX: posts small blind $1
dodge658: posts big blind $3
*** HOLE CARDS ***
LifeisagameX: raises $3 to $6
dodge658: calls $3
*** FLOP *** [Ac 4c Th]
dodge658: bets $3
LifeisagameX: calls $3
*** TURN *** [Ac 4c Th] [3h]
dodge658: bets $6
LifeisagameX: calls $6
*** RIVER *** [Ac 4c Th 3h] [3d]
dodge658: bets $6
LifeisagameX: calls $6
*** SHOW DOWN ***
dodge658: shows [Jd As] (two pair, Aces and Threes)
LifeisagameX: mucks hand
dodge658 collected $41.50 from pot
*** SUMMARY ***
Total pot $42 | Rake $0.50
Board [Ac 4c Th 3h 3d]
Seat 1: LifeisagameX (button) (small blind) mucked
Seat 2: dodge658 (big blind) showed [Jd As] and won ($41.50) with two pair, Aces and Threes


PokerStars Hand #145609573763:  Hold'em Limit ($3/$6 USD) - 2015/12/19 18:54:47 ET
Table 'Ursina' 2-max Seat #2 is the button
Seat 1: LifeisagameX ($166.37 in chips)
Seat 2: dodge658 ($104.39 in chips)
dodge658: posts small blind $1
LifeisagameX: posts big blind $3
*** HOLE CARDS ***
dodge658: calls $2
LifeisagameX: raises $3 to $6
dodge658: calls $3
*** FLOP *** [5h 4c Ts]
LifeisagameX: bets $3
dodge658: calls $3
*** TURN *** [5h 4c Ts] [6s]
LifeisagameX: bets $6
dodge658: calls $6
*** RIVER *** [5h 4c Ts 6s] [9h]
LifeisagameX: checks
dodge658: bets $6
LifeisagameX: raises $6 to $12
dodge658: folds
Uncalled bet ($6) returned to LifeisagameX
LifeisagameX collected $41.50 from pot
LifeisagameX: doesn't show hand
*** SUMMARY ***
Total pot $42 | Rake $0.50
Board [5h 4c Ts 6s 9h]
Seat 1: LifeisagameX (big blind) collected ($41.50)
Seat 2: dodge658 (button) (small blind) folded on the River


PokerStars Hand #145609609631:  Hold'em Limit ($3/$6 USD) - 2015/12/19 18:55:43 ET
Table 'Ursina' 2-max Seat #1 is the button
Seat 1: LifeisagameX ($186.87 in chips)
Seat 2: dodge658 ($83.39 in chips)
LifeisagameX: posts small blind $1
dodge658: posts big blind $3
*** HOLE CARDS ***
LifeisagameX: raises $3 to $6
dodge658: calls $3
*** FLOP *** [Td 6h Tc]
dodge658: checks
LifeisagameX: bets $3
dodge658: calls $3
*** TURN *** [Td 6h Tc] [8h]
dodge658: checks
LifeisagameX: checks
*** RIVER *** [Td 6h Tc 8h] [Js]
dodge658: bets $6
LifeisagameX: calls $6
*** SHOW DOWN ***
dodge658: shows [5s 2h] (a pair of Tens)
LifeisagameX: shows [Qh Ad] (a pair of Tens - Ace kicker)
LifeisagameX collected $29.50 from pot
*** SUMMARY ***
Total pot $30 | Rake $0.50
Board [Td 6h Tc 8h Js]
Seat 1: LifeisagameX (button) (small blind) showed [Qh Ad] and won ($29.50) with a pair of Tens
Seat 2: dodge658 (big blind) showed [5s 2h] and lost with a pair of Tens


PokerStars Hand #145609626320:  Hold'em Limit ($3/$6 USD) - 2015/12/19 18:56:11 ET
Table 'Ursina' 2-max Seat #2 is the button
Seat 1: LifeisagameX ($201.37 in chips)
Seat 2: dodge658 ($68.39 in chips)
dodge658: posts small blind $1
LifeisagameX: posts big blind $3
*** HOLE CARDS ***
dodge658: calls $2
LifeisagameX: raises $3 to $6
dodge658: calls $3
*** FLOP *** [4h Ac 4s]
LifeisagameX: checks
dodge658: checks
*** TURN *** [4h Ac 4s] [3d]
LifeisagameX: checks
dodge658: checks
*** RIVER *** [4h Ac 4s 3d] [7c]
LifeisagameX: checks
dodge658: checks
*** SHOW DOWN ***
LifeisagameX: shows [8d Qc] (a pair of Fours)
dodge658: shows [9c Qd] (a pair of Fours - Ace+Queen+Nine kicker)
dodge658 collected $11.76 from pot
*** SUMMARY ***
Total pot $12 | Rake $0.24
Board [4h Ac 4s 3d 7c]
Seat 1: LifeisagameX (big blind) showed [8d Qc] and lost with a pair of Fours
Seat 2: dodge658 (button) (small blind) showed [9c Qd] and won ($11.76) with a pair of Fours


PokerStars Hand #145609643203:  Hold'em Limit ($3/$6 USD) - 2015/12/19 18:56:40 ET
Table 'Ursina' 2-max Seat #1 is the button
Seat 1: LifeisagameX ($195.37 in chips)
Seat 2: dodge658 ($74.15 in chips)
LifeisagameX: posts small blind $1
dodge658: posts big blind $3
*** HOLE CARDS ***
LifeisagameX: raises $3 to $6
dodge658: calls $3
*** FLOP *** [2s Ad 6d]
dodge658: bets $3
LifeisagameX: calls $3
*** TURN *** [2s Ad 6d] [3h]
dodge658: bets $6
LifeisagameX: calls $6
*** RIVER *** [2s Ad 6d 3h] [4s]
dodge658: bets $6
LifeisagameX: raises $6 to $12
dodge658: calls $6
*** SHOW DOWN ***
LifeisagameX: shows [5c 5h] (a straight, Deuce to Six)
dodge658: mucks hand
LifeisagameX collected $53.50 from pot
*** SUMMARY ***
Total pot $54 | Rake $0.50
Board [2s Ad 6d 3h 4s]
Seat 1: LifeisagameX (button) (small blind) showed [5c 5h] and won ($53.50) with a straight, Deuce to Six
Seat 2: dodge658 (big blind) mucked


PokerStars Hand #145609665763:  Hold'em Limit ($3/$6 USD) - 2015/12/19 18:57:18 ET
Table 'Ursina' 2-max Seat #2 is the button
Seat 1: LifeisagameX ($221.87 in chips)
Seat 2: dodge658 ($47.15 in chips)
dodge658: posts small blind $1
LifeisagameX: posts big blind $3
*** HOLE CARDS ***
dodge658: calls $2
LifeisagameX: checks
*** FLOP *** [6d 3s Qh]
LifeisagameX: checks
dodge658: checks
*** TURN *** [6d 3s Qh] [8s]
LifeisagameX: bets $6
dodge658: calls $6
*** RIVER *** [6d 3s Qh 8s] [9h]
LifeisagameX: bets $6
dodge658: calls $6
*** SHOW DOWN ***
LifeisagameX: shows [4c Qd] (a pair of Queens)
dodge658: mucks hand
LifeisagameX collected $29.50 from pot
*** SUMMARY ***
Total pot $30 | Rake $0.50
Board [6d 3s Qh 8s 9h]
Seat 1: LifeisagameX (big blind) showed [4c Qd] and won ($29.50) with a pair of Queens
Seat 2: dodge658 (button) (small blind) mucked


