PokerStars Hand #162233004571:  Hold'em Limit ($3/$6 USD) - 2016/12/01 8:06:39 ET
Table 'Ursula' 6-max Seat #5 is the button
Seat 4: B_loJkl ($111.84 in chips)
Seat 5: Ale4o ($211.11 in chips)
Ale4o: posts small blind $1
B_loJkl: posts big blind $3
*** HOLE CARDS ***
Ale4o: raises $3 to $6
allinT77 leaves the table
B_loJkl: calls $3
*** FLOP *** [9d As 4c]
B_loJkl: checks
Ale4o: checks
*** TURN *** [9d As 4c] [3h]
B_loJkl: checks
Ale4o: checks
*** RIVER *** [9d As 4c 3h] [4h]
B_loJkl: checks
Ale4o: checks
*** SHOW DOWN ***
B_loJkl: shows [Td 8c] (a pair of Fours)
Ale4o: shows [Kh 6d] (a pair of Fours - Ace+King kicker)
Ale4o collected $11.76 from pot
*** SUMMARY ***
Total pot $12 | Rake $0.24
Board [9d As 4c 3h 4h]
Seat 4: B_loJkl (big blind) showed [Td 8c] and lost with a pair of Fours
Seat 5: Ale4o (button) (small blind) showed [Kh 6d] and won ($11.76) with a pair of Fours


PokerStars Hand #162234226190:  Hold'em Limit ($3/$6 USD) - 2016/12/01 8:42:41 ET
Table 'Ursula' 6-max Seat #3 is the button
Seat 1: assitoni ($72 in chips)
Seat 3: parnishka11 ($35 in chips)
parnishka11: posts small blind $1
assitoni: posts big blind $3
*** HOLE CARDS ***
parnishka11: folds
Uncalled bet ($2) returned to assitoni
assitoni collected $2 from pot
assitoni: doesn't show hand
*** SUMMARY ***
Total pot $2 | Rake $0
Seat 1: assitoni (big blind) collected ($2)
Seat 3: parnishka11 (button) (small blind) folded before Flop


PokerStars Hand #162234256704:  Hold'em Limit ($3/$6 USD) - 2016/12/01 8:43:34 ET
Table 'Ursula' 6-max Seat #1 is the button
Seat 1: assitoni ($73.75 in chips)
Seat 3: parnishka11 ($32.75 in chips)
assitoni: posts small blind $1
parnishka11: posts big blind $3
*** HOLE CARDS ***
assitoni: raises $3 to $6
Chrisgalo33 joins the table at seat #6
parnishka11: calls $3
*** FLOP *** [Ac Ts 7h]
parnishka11: checks
assitoni: bets $3
parnishka11: raises $3 to $6
assitoni: calls $3
*** TURN *** [Ac Ts 7h] [Qh]
parnishka11: bets $6
assitoni: calls $6
*** RIVER *** [Ac Ts 7h Qh] [9c]
parnishka11: bets $6
assitoni: raises $6 to $12
parnishka11: calls $6
*** SHOW DOWN ***
assitoni: shows [Jd 8h] (a straight, Eight to Queen)
parnishka11: mucks hand
assitoni collected $59.50 from pot
*** SUMMARY ***
Total pot $60 | Rake $0.50
Board [Ac Ts 7h Qh 9c]
Seat 1: assitoni (button) (small blind) showed [Jd 8h] and won ($59.50) with a straight, Eight to Queen
Seat 3: parnishka11 (big blind) mucked


PokerStars Hand #162234235371:  Hold'em Limit ($3/$6 USD) - 2016/12/01 8:42:57 ET
Table 'Ursula' 6-max Seat #1 is the button
Seat 1: assitoni ($73 in chips)
Seat 3: parnishka11 ($34 in chips)
assitoni: posts small blind $1
parnishka11: posts big blind $3
*** HOLE CARDS ***
assitoni: raises $3 to $6
parnishka11: calls $3
*** FLOP *** [Ks Ac Qs]
parnishka11: checks
assitoni: bets $3
parnishka11: calls $3
*** TURN *** [Ks Ac Qs] [3h]
parnishka11: checks
assitoni: bets $6
parnishka11: calls $6
*** RIVER *** [Ks Ac Qs 3h] [Td]
parnishka11: checks
assitoni: checks
*** SHOW DOWN ***
parnishka11: shows [Ad 2s] (a pair of Aces)
assitoni: shows [7d Ah] (a pair of Aces)
parnishka11 collected $14.75 from pot
assitoni collected $14.75 from pot
*** SUMMARY ***
Total pot $30 | Rake $0.50
Board [Ks Ac Qs 3h Td]
Seat 1: assitoni (button) (small blind) showed [7d Ah] and won ($14.75) with a pair of Aces
Seat 3: parnishka11 (big blind) showed [Ad 2s] and won ($14.75) with a pair of Aces


PokerStars Hand #162234249749:  Hold'em Limit ($3/$6 USD) - 2016/12/01 8:43:22 ET
Table 'Ursula' 6-max Seat #3 is the button
Seat 1: assitoni ($72.75 in chips)
Seat 3: parnishka11 ($33.75 in chips)
parnishka11: posts small blind $1
assitoni: posts big blind $3
*** HOLE CARDS ***
parnishka11: folds
Uncalled bet ($2) returned to assitoni
assitoni collected $2 from pot
assitoni: doesn't show hand
*** SUMMARY ***
Total pot $2 | Rake $0
Seat 1: assitoni (big blind) collected ($2)
Seat 3: parnishka11 (button) (small blind) folded before Flop


PokerStars Hand #162234281487:  Hold'em Limit ($3/$6 USD) - 2016/12/01 8:44:17 ET
Table 'Ursula' 6-max Seat #6 is the button
Seat 1: assitoni ($103.25 in chips)
Seat 6: Chrisgalo33 ($30 in chips)
Chrisgalo33: posts small blind $1
assitoni: posts big blind $3
*** HOLE CARDS ***
Chrisgalo33: folds
Uncalled bet ($2) returned to assitoni
assitoni collected $2 from pot
assitoni: doesn't show hand
*** SUMMARY ***
Total pot $2 | Rake $0
Seat 1: assitoni (big blind) collected ($2)
Seat 6: Chrisgalo33 (button) (small blind) folded before Flop


PokerStars Hand #162234288606:  Hold'em Limit ($3/$6 USD) - 2016/12/01 8:44:29 ET
Table 'Ursula' 6-max Seat #1 is the button
Seat 1: assitoni ($104.25 in chips)
Seat 6: Chrisgalo33 ($29 in chips)
assitoni: posts small blind $1
Chrisgalo33: posts big blind $3
*** HOLE CARDS ***
assitoni: raises $3 to $6
Chrisgalo33: calls $3
*** FLOP *** [2d Js Qd]
Chrisgalo33: checks
assitoni: bets $3
Chrisgalo33: raises $3 to $6
assitoni: folds
Uncalled bet ($3) returned to Chrisgalo33
Chrisgalo33 collected $17.64 from pot
*** SUMMARY ***
Total pot $18 | Rake $0.36
Board [2d Js Qd]
Seat 1: assitoni (button) (small blind) folded on the Flop
Seat 6: Chrisgalo33 (big blind) collected ($17.64)


PokerStars Hand #162234304631:  Hold'em Limit ($3/$6 USD) - 2016/12/01 8:44:56 ET
Table 'Ursula' 6-max Seat #6 is the button
Seat 1: assitoni ($95.25 in chips)
Seat 6: Chrisgalo33 ($37.64 in chips)
B_loJkl joins the table at seat #2
Chrisgalo33: posts small blind $1
assitoni: posts big blind $3
*** HOLE CARDS ***
Chrisgalo33: calls $2
assitoni: checks
*** FLOP *** [8h 2s Ts]
assitoni: checks
Chrisgalo33: checks
*** TURN *** [8h 2s Ts] [Td]
assitoni: bets $6
Chrisgalo33: folds
Uncalled bet ($6) returned to assitoni
assitoni collected $5.88 from pot
assitoni: doesn't show hand
*** SUMMARY ***
Total pot $6 | Rake $0.12
Board [8h 2s Ts Td]
Seat 1: assitoni (big blind) collected ($5.88)
Seat 6: Chrisgalo33 (button) (small blind) folded on the Turn


