PokerStars Hand #163163523225:  Hold'em Limit ($3/$6 USD) - 2016/12/18 17:47:01 ET
Table 'Ursula II' 6-max Seat #3 is the button
Seat 1: Krazy90 ($120 in chips)
Seat 3: laking123 ($217 in chips)
laking123: posts small blind $1
Koraseg: is sitting out
Krazy90: posts big blind $3
*** HOLE CARDS ***
laking123: folds
Uncalled bet ($2) returned to Krazy90
Krazy90 collected $2 from pot
Krazy90: doesn't show hand
*** SUMMARY ***
Total pot $2 | Rake $0
Seat 1: Krazy90 (big blind) collected ($2)
Seat 3: laking123 (button) (small blind) folded before Flop


PokerStars Hand #163163532708:  Hold'em Limit ($3/$6 USD) - 2016/12/18 17:47:12 ET
Table 'Ursula II' 6-max Seat #1 is the button
Seat 1: Krazy90 ($121 in chips)
Seat 3: laking123 ($216 in chips)
Krazy90: posts small blind $1
laking123: posts big blind $3
*** HOLE CARDS ***
Krazy90: raises $3 to $6
Koraseg leaves the table
laking123: calls $3
*** FLOP *** [Qs 8h 5h]
Petersnr joins the table at seat #6
laking123: checks
Krazy90: bets $3
laking123: folds
Uncalled bet ($3) returned to Krazy90
xxPSRxx joins the table at seat #4
Krazy90 collected $11.76 from pot
Krazy90: doesn't show hand
*** SUMMARY ***
Total pot $12 | Rake $0.24
Board [Qs 8h 5h]
Seat 1: Krazy90 (button) (small blind) collected ($11.76)
Seat 3: laking123 (big blind) folded on the Flop


