PokerStars Hand #170573455196:  Hold'em Limit ($3/$6 USD) - 2017/05/18 5:25:34 ET
Table 'Ursula' 6-max Seat #3 is the button
Seat 3: lelala ($131.50 in chips)
Seat 4: MTails ($108 in chips)
lelala: posts small blind $1
MTails: posts big blind $3
*** HOLE CARDS ***
lelala: folds
Uncalled bet ($2) returned to MTails
MTails collected $2 from pot
*** SUMMARY ***
Total pot $2 | Rake $0
Seat 3: lelala (button) (small blind) folded before Flop
Seat 4: MTails (big blind) collected ($2)


PokerStars Hand #170573453114:  Hold'em Limit ($3/$6 USD) - 2017/05/18 5:25:28 ET
Table 'Ursula' 6-max Seat #4 is the button
Seat 3: lelala ($134.50 in chips)
Seat 4: MTails ($105 in chips)
MTails: posts small blind $1
lelala: posts big blind $3
*** HOLE CARDS ***
MTails: raises $3 to $6
lelala: folds
Uncalled bet ($3) returned to MTails
MTails collected $6 from pot
MTails: doesn't show hand
*** SUMMARY ***
Total pot $6 | Rake $0
Seat 3: lelala (big blind) folded before Flop
Seat 4: MTails (button) (small blind) collected ($6)


PokerStars Hand #170573442953:  Hold'em Limit ($3/$6 USD) - 2017/05/18 5:24:59 ET
Table 'Ursula' 6-max Seat #3 is the button
Seat 3: lelala ($120 in chips)
Seat 4: MTails ($120 in chips)
lelala: posts small blind $1
MTails: posts big blind $3
*** HOLE CARDS ***
lelala: raises $3 to $6
MTails: calls $3
*** FLOP *** [4h Ah Th]
MTails: checks
lelala: bets $3
MTails: calls $3
*** TURN *** [4h Ah Th] [6d]
MTails: checks
lelala: bets $6
MTails: calls $6
*** RIVER *** [4h Ah Th 6d] [8h]
MTails: checks
lelala: bets $6
MTails: folds
Uncalled bet ($6) returned to lelala
lelala collected $29.50 from pot
*** SUMMARY ***
Total pot $30 | Rake $0.50
Board [4h Ah Th 6d 8h]
Seat 3: lelala (button) (small blind) collected ($29.50)
Seat 4: MTails (big blind) folded on the River


PokerStars Hand #170573478555:  Hold'em Limit ($3/$6 USD) - 2017/05/18 5:26:40 ET
Table 'Ursula' 6-max Seat #3 is the button
Seat 3: lelala ($114.02 in chips)
Seat 4: MTails ($124.50 in chips)
lelala: posts small blind $1
MTails: posts big blind $3
*** HOLE CARDS ***
lelala: raises $3 to $6
MTails: calls $3
*** FLOP *** [Jh Qs Qd]
MTails: checks
lelala: bets $3
MTails: calls $3
*** TURN *** [Jh Qs Qd] [Tc]
MTails: checks
lelala: bets $6
MTails: calls $6
*** RIVER *** [Jh Qs Qd Tc] [2s]
MTails: checks
lelala: bets $6
MTails: calls $6
*** SHOW DOWN ***
lelala: shows [Jd Kh] (two pair, Queens and Jacks)
MTails: mucks hand
lelala collected $41.50 from pot
*** SUMMARY ***
Total pot $42 | Rake $0.50
Board [Jh Qs Qd Tc 2s]
Seat 3: lelala (button) (small blind) showed [Jd Kh] and won ($41.50) with two pair, Queens and Jacks
Seat 4: MTails (big blind) mucked


PokerStars Hand #170573473164:  Hold'em Limit ($3/$6 USD) - 2017/05/18 5:26:25 ET
Table 'Ursula' 6-max Seat #4 is the button
Seat 3: lelala ($102.50 in chips)
Seat 4: MTails ($136.50 in chips)
MTails: posts small blind $1
lelala: posts big blind $3
*** HOLE CARDS ***
MTails: raises $3 to $6
lelala: raises $3 to $9
MTails: calls $3
*** FLOP *** [6c Kc 4h]
lelala: bets $3
MTails: calls $3
*** TURN *** [6c Kc 4h] [Qd]
lelala: bets $6
MTails: folds
Uncalled bet ($6) returned to lelala
lelala collected $23.52 from pot
*** SUMMARY ***
Total pot $24 | Rake $0.48
Board [6c Kc 4h Qd]
Seat 3: lelala (big blind) collected ($23.52)
Seat 4: MTails (button) (small blind) folded on the Turn


PokerStars Hand #170573471400:  Hold'em Limit ($3/$6 USD) - 2017/05/18 5:26:20 ET
Table 'Ursula' 6-max Seat #3 is the button
Seat 3: lelala ($103.50 in chips)
Seat 4: MTails ($135.50 in chips)
lelala: posts small blind $1
MTails: posts big blind $3
*** HOLE CARDS ***
lelala: folds
Uncalled bet ($2) returned to MTails
MTails collected $2 from pot
*** SUMMARY ***
Total pot $2 | Rake $0
Seat 3: lelala (button) (small blind) folded before Flop
Seat 4: MTails (big blind) collected ($2)


PokerStars Hand #170573457075:  Hold'em Limit ($3/$6 USD) - 2017/05/18 5:25:39 ET
Table 'Ursula' 6-max Seat #4 is the button
Seat 3: lelala ($130.50 in chips)
Seat 4: MTails ($109 in chips)
MTails: posts small blind $1
lelala is disconnected
lelala is connected
lelala: posts big blind $3
*** HOLE CARDS ***
MTails: raises $3 to $6
lelala: calls $3
*** FLOP *** [7h Th Ts]
lelala: checks
MTails: bets $3
lelala: calls $3
*** TURN *** [7h Th Ts] [8s]
lelala: checks
MTails: bets $6
lelala: raises $6 to $12
MTails: calls $6
*** RIVER *** [7h Th Ts 8s] [5h]
lelala: bets $6
MTails: calls $6
*** SHOW DOWN ***
lelala: shows [6c 5s] (two pair, Tens and Fives)
MTails: shows [7s Qc] (two pair, Tens and Sevens)
MTails collected $53.50 from pot
*** SUMMARY ***
Total pot $54 | Rake $0.50
Board [7h Th Ts 8s 5h]
Seat 3: lelala (big blind) showed [6c 5s] and lost with two pair, Tens and Fives
Seat 4: MTails (button) (small blind) showed [7s Qc] and won ($53.50) with two pair, Tens and Sevens


PokerStars Hand #170573503223:  Hold'em Limit ($3/$6 USD) - 2017/05/18 5:27:49 ET
Table 'Ursula' 6-max Seat #4 is the button
Seat 3: lelala ($136.02 in chips)
Seat 4: MTails ($160.76 in chips)
MTails: posts small blind $1
lelala: posts big blind $3
*** HOLE CARDS ***
MTails: raises $3 to $6
lelala: folds
Uncalled bet ($3) returned to MTails
MTails collected $6 from pot
*** SUMMARY ***
Total pot $6 | Rake $0
Seat 3: lelala (big blind) folded before Flop
Seat 4: MTails (button) (small blind) collected ($6)


PokerStars Hand #170573497293:  Hold'em Limit ($3/$6 USD) - 2017/05/18 5:27:33 ET
Table 'Ursula' 6-max Seat #3 is the button
Seat 3: lelala ($151.02 in chips)
Seat 4: MTails ($146.26 in chips)
lelala: posts small blind $1
MTails: posts big blind $3
*** HOLE CARDS ***
lelala: raises $3 to $6
MTails: calls $3
*** FLOP *** [Kd Jh 6h]
MTails: checks
lelala: bets $3
MTails: calls $3
*** TURN *** [Kd Jh 6h] [8s]
MTails: checks
lelala: bets $6
MTails: raises $6 to $12
lelala: folds
Uncalled bet ($6) returned to MTails
MTails collected $29.50 from pot
*** SUMMARY ***
Total pot $30 | Rake $0.50
Board [Kd Jh 6h 8s]
Seat 3: lelala (button) (small blind) folded on the Turn
Seat 4: MTails (big blind) collected ($29.50)


PokerStars Hand #170573493452:  Hold'em Limit ($3/$6 USD) - 2017/05/18 5:27:22 ET
Table 'Ursula' 6-max Seat #4 is the button
Seat 3: lelala ($157.02 in chips)
Seat 4: MTails ($80.50 in chips)
MTails: posts small blind $1
lelala: posts big blind $3
*** HOLE CARDS ***
MTails: raises $3 to $6
lelala: calls $3
*** FLOP *** [6s 2h Td]
lelala: checks
MTails: bets $3
lelala: folds
Uncalled bet ($3) returned to MTails
MTails collected $11.76 from pot
*** SUMMARY ***
Total pot $12 | Rake $0.24
Board [6s 2h Td]
Seat 3: lelala (big blind) folded on the Flop
Seat 4: MTails (button) (small blind) collected ($11.76)


PokerStars Hand #170573491436:  Hold'em Limit ($3/$6 USD) - 2017/05/18 5:27:16 ET
Table 'Ursula' 6-max Seat #3 is the button
Seat 3: lelala ($158.02 in chips)
Seat 4: MTails ($79.50 in chips)
lelala: posts small blind $1
MTails: posts big blind $3
*** HOLE CARDS ***
lelala: folds
Uncalled bet ($2) returned to MTails
MTails collected $2 from pot
*** SUMMARY ***
Total pot $2 | Rake $0
Seat 3: lelala (button) (small blind) folded before Flop
Seat 4: MTails (big blind) collected ($2)


PokerStars Hand #170573484477:  Hold'em Limit ($3/$6 USD) - 2017/05/18 5:26:56 ET
Table 'Ursula' 6-max Seat #4 is the button
Seat 3: lelala ($134.52 in chips)
Seat 4: MTails ($103.50 in chips)
MTails: posts small blind $1
lelala: posts big blind $3
*** HOLE CARDS ***
MTails: raises $3 to $6
lelala: calls $3
*** FLOP *** [7c 8h Ac]
lelala: checks
MTails: bets $3
lelala: raises $3 to $6
MTails: calls $3
*** TURN *** [7c 8h Ac] [9h]
lelala: bets $6
MTails: raises $6 to $12
lelala: calls $6
*** RIVER *** [7c 8h Ac 9h] [Qc]
lelala: checks
MTails: checks
*** SHOW DOWN ***
lelala: shows [Jc 3c] (a flush, Ace high)
MTails: mucks hand
lelala collected $47.50 from pot
*** SUMMARY ***
Total pot $48 | Rake $0.50
Board [7c 8h Ac 9h Qc]
Seat 3: lelala (big blind) showed [Jc 3c] and won ($47.50) with a flush, Ace high
Seat 4: MTails (button) (small blind) mucked


PokerStars Hand #170573505279:  Hold'em Limit ($3/$6 USD) - 2017/05/18 5:27:55 ET
Table 'Ursula' 6-max Seat #3 is the button
Seat 3: lelala ($133.02 in chips)
Seat 4: MTails ($163.76 in chips)
lelala: posts small blind $1
MTails: posts big blind $3
*** HOLE CARDS ***
lelala: raises $3 to $6
MTails: calls $3
*** FLOP *** [Ah 3c Js]
MTails: checks
lelala: bets $3
MTails: calls $3
*** TURN *** [Ah 3c Js] [Ac]
MTails: checks
lelala: bets $6
MTails: raises $6 to $12
lelala: calls $6
*** RIVER *** [Ah 3c Js Ac] [Kd]
MTails: bets $6
lelala: calls $6
*** SHOW DOWN ***
MTails: shows [Ad 5c] (three of a kind, Aces)
lelala: mucks hand
MTails collected $53.50 from pot
*** SUMMARY ***
Total pot $54 | Rake $0.50
Board [Ah 3c Js Ac Kd]
Seat 3: lelala (button) (small blind) mucked
Seat 4: MTails (big blind) showed [Ad 5c] and won ($53.50) with three of a kind, Aces


PokerStars Hand #170573515284:  Hold'em Limit ($3/$6 USD) - 2017/05/18 5:28:23 ET
Table 'Ursula' 6-max Seat #4 is the button
Seat 3: lelala ($102.02 in chips)
Seat 4: MTails ($194.26 in chips)
MTails: posts small blind $1
lelala: posts big blind $3
*** HOLE CARDS ***
MTails: raises $3 to $6
lelala: raises $3 to $9
MTails: calls $3
*** FLOP *** [6s Kd 9c]
lelala: bets $3
MTails: calls $3
*** TURN *** [6s Kd 9c] [8d]
lelala: bets $6
MTails: calls $6
*** RIVER *** [6s Kd 9c 8d] [Ts]
lelala: checks
MTails: bets $6
lelala: calls $6
*** SHOW DOWN ***
MTails: shows [9d Th] (two pair, Tens and Nines)
lelala: mucks hand
MTails collected $47.50 from pot
*** SUMMARY ***
Total pot $48 | Rake $0.50
Board [6s Kd 9c 8d Ts]
Seat 3: lelala (big blind) mucked
Seat 4: MTails (button) (small blind) showed [9d Th] and won ($47.50) with two pair, Tens and Nines


PokerStars Hand #170573513556:  Hold'em Limit ($3/$6 USD) - 2017/05/18 5:28:18 ET
Table 'Ursula' 6-max Seat #3 is the button
Seat 3: lelala ($103.02 in chips)
Seat 4: MTails ($193.26 in chips)
lelala: posts small blind $1
MTails: posts big blind $3
*** HOLE CARDS ***
lelala: folds
Uncalled bet ($2) returned to MTails
MTails collected $2 from pot
*** SUMMARY ***
Total pot $2 | Rake $0
Seat 3: lelala (button) (small blind) folded before Flop
Seat 4: MTails (big blind) collected ($2)


PokerStars Hand #170573511235:  Hold'em Limit ($3/$6 USD) - 2017/05/18 5:28:12 ET
Table 'Ursula' 6-max Seat #4 is the button
Seat 3: lelala ($106.02 in chips)
Seat 4: MTails ($190.26 in chips)
MTails: posts small blind $1
lelala: posts big blind $3
*** HOLE CARDS ***
MTails: raises $3 to $6
lelala: folds
Uncalled bet ($3) returned to MTails
MTails collected $6 from pot
*** SUMMARY ***
Total pot $6 | Rake $0
Seat 3: lelala (big blind) folded before Flop
Seat 4: MTails (button) (small blind) collected ($6)


PokerStars Hand #170573521642:  Hold'em Limit ($3/$6 USD) - 2017/05/18 5:28:41 ET
Table 'Ursula' 6-max Seat #3 is the button
Seat 3: lelala ($78.02 in chips)
Seat 4: MTails ($217.76 in chips)
lelala: posts small blind $1
MTails: posts big blind $3
*** HOLE CARDS ***
lelala: raises $3 to $6
MTails: calls $3
*** FLOP *** [9h Ad 4s]
MTails: checks
lelala: bets $3
MTails: calls $3
*** TURN *** [9h Ad 4s] [3c]
MTails: checks
lelala: bets $6
MTails: raises $6 to $12
lelala: raises $6 to $18
MTails: calls $6
*** RIVER *** [9h Ad 4s 3c] [Kh]
MTails: checks
lelala: bets $6
MTails: raises $6 to $12
lelala: raises $6 to $18
MTails: folds
Uncalled bet ($6) returned to lelala
lelala collected $77.50 from pot
*** SUMMARY ***
Total pot $78 | Rake $0.50
Board [9h Ad 4s 3c Kh]
Seat 3: lelala (button) (small blind) collected ($77.50)
Seat 4: MTails (big blind) folded on the River


PokerStars Hand #170573535512:  Hold'em Limit ($3/$6 USD) - 2017/05/18 5:29:19 ET
Table 'Ursula' 6-max Seat #4 is the button
Seat 3: lelala ($101.52 in chips)
Seat 4: MTails ($193.26 in chips)
MTails: posts small blind $1
lelala: posts big blind $3
*** HOLE CARDS ***
MTails: raises $3 to $6
lelala: folds
Uncalled bet ($3) returned to MTails
MTails collected $6 from pot
*** SUMMARY ***
Total pot $6 | Rake $0
Seat 3: lelala (big blind) folded before Flop
Seat 4: MTails (button) (small blind) collected ($6)


PokerStars Hand #170573533671:  Hold'em Limit ($3/$6 USD) - 2017/05/18 5:29:14 ET
Table 'Ursula' 6-max Seat #3 is the button
Seat 3: lelala ($98.52 in chips)
Seat 4: MTails ($196.26 in chips)
lelala: posts small blind $1
MTails: posts big blind $3
*** HOLE CARDS ***
lelala: raises $3 to $6
MTails: folds
Uncalled bet ($3) returned to lelala
lelala collected $6 from pot
*** SUMMARY ***
Total pot $6 | Rake $0
Seat 3: lelala (button) (small blind) collected ($6)
Seat 4: MTails (big blind) folded before Flop


PokerStars Hand #170573540993:  Hold'em Limit ($3/$6 USD) - 2017/05/18 5:29:34 ET
Table 'Ursula' 6-max Seat #3 is the button
Seat 3: lelala ($94.52 in chips)
Seat 4: MTails ($200.26 in chips)
lelala: posts small blind $1
MTails: posts big blind $3
*** HOLE CARDS ***
lelala: raises $3 to $6
MTails: calls $3
*** FLOP *** [2c 9s Ks]
MTails: checks
lelala: bets $3
MTails: calls $3
*** TURN *** [2c 9s Ks] [Ac]
MTails: checks
lelala: bets $6
MTails: calls $6
*** RIVER *** [2c 9s Ks Ac] [Qc]
MTails: checks
lelala: bets $6
MTails: calls $6
*** SHOW DOWN ***
lelala: shows [Ah 8s] (a pair of Aces)
MTails: mucks hand
lelala collected $41.50 from pot
*** SUMMARY ***
Total pot $42 | Rake $0.50
Board [2c 9s Ks Ac Qc]
Seat 3: lelala (button) (small blind) showed [Ah 8s] and won ($41.50) with a pair of Aces
Seat 4: MTails (big blind) mucked


PokerStars Hand #170573538887:  Hold'em Limit ($3/$6 USD) - 2017/05/18 5:29:28 ET
Table 'Ursula' 6-max Seat #4 is the button
Seat 3: lelala ($97.52 in chips)
Seat 4: MTails ($197.26 in chips)
MTails: posts small blind $1
lelala: posts big blind $3
*** HOLE CARDS ***
MTails: raises $3 to $6
lelala: folds
Uncalled bet ($3) returned to MTails
MTails collected $6 from pot
*** SUMMARY ***
Total pot $6 | Rake $0
Seat 3: lelala (big blind) folded before Flop
Seat 4: MTails (button) (small blind) collected ($6)


PokerStars Hand #170573537089:  Hold'em Limit ($3/$6 USD) - 2017/05/18 5:29:24 ET
Table 'Ursula' 6-max Seat #3 is the button
Seat 3: lelala ($98.52 in chips)
Seat 4: MTails ($196.26 in chips)
lelala: posts small blind $1
MTails: posts big blind $3
*** HOLE CARDS ***
lelala: folds
Uncalled bet ($2) returned to MTails
MTails collected $2 from pot
*** SUMMARY ***
Total pot $2 | Rake $0
Seat 3: lelala (button) (small blind) folded before Flop
Seat 4: MTails (big blind) collected ($2)


PokerStars Hand #170573528867:  Hold'em Limit ($3/$6 USD) - 2017/05/18 5:29:01 ET
Table 'Ursula' 6-max Seat #4 is the button
Seat 3: lelala ($116.52 in chips)
Seat 4: MTails ($178.76 in chips)
MTails: posts small blind $1
lelala: posts big blind $3
*** HOLE CARDS ***
MTails: raises $3 to $6
lelala: calls $3
*** FLOP *** [Ts 2h 6h]
lelala: checks
MTails: checks
*** TURN *** [Ts 2h 6h] [8d]
lelala: bets $6
MTails: calls $6
*** RIVER *** [Ts 2h 6h 8d] [9s]
lelala: bets $6
MTails: calls $6
*** SHOW DOWN ***
lelala: shows [6d Kd] (a pair of Sixes)
MTails: shows [Kh 9d] (a pair of Nines)
MTails collected $35.50 from pot
*** SUMMARY ***
Total pot $36 | Rake $0.50
Board [Ts 2h 6h 8d 9s]
Seat 3: lelala (big blind) showed [6d Kd] and lost with a pair of Sixes
Seat 4: MTails (button) (small blind) showed [Kh 9d] and won ($35.50) with a pair of Nines


PokerStars Hand #170573546536:  Hold'em Limit ($3/$6 USD) - 2017/05/18 5:29:49 ET
Table 'Ursula' 6-max Seat #4 is the button
Seat 3: lelala ($115.02 in chips)
Seat 4: MTails ($179.26 in chips)
MTails: posts small blind $1
lelala: posts big blind $3
*** HOLE CARDS ***
MTails: raises $3 to $6
lelala: calls $3
*** FLOP *** [5d 7h Jc]
lelala: checks
MTails: bets $3
lelala: calls $3
*** TURN *** [5d 7h Jc] [Ts]
lelala: checks
MTails: checks
*** RIVER *** [5d 7h Jc Ts] [7s]
lelala: checks
MTails: bets $6
lelala: folds
Uncalled bet ($6) returned to MTails
MTails collected $17.64 from pot
*** SUMMARY ***
Total pot $18 | Rake $0.36
Board [5d 7h Jc Ts 7s]
Seat 3: lelala (big blind) folded on the River
Seat 4: MTails (button) (small blind) collected ($17.64)


PokerStars Hand #170573568265:  Hold'em Limit ($3/$6 USD) - 2017/05/18 5:30:50 ET
Table 'Ursula' 6-max Seat #3 is the button
Seat 3: lelala ($86.52 in chips)
Seat 4: MTails ($206.40 in chips)
lelala: posts small blind $1
MTails: posts big blind $3
*** HOLE CARDS ***
lelala: raises $3 to $6
MTails: raises $3 to $9
lelala: calls $3
*** FLOP *** [7s 2h As]
MTails: bets $3
lelala: folds
Uncalled bet ($3) returned to MTails
MTails collected $17.64 from pot
*** SUMMARY ***
Total pot $18 | Rake $0.36
Board [7s 2h As]
Seat 3: lelala (button) (small blind) folded on the Flop
Seat 4: MTails (big blind) collected ($17.64)


PokerStars Hand #170573566425:  Hold'em Limit ($3/$6 USD) - 2017/05/18 5:30:45 ET
Table 'Ursula' 6-max Seat #4 is the button
Seat 3: lelala ($89.52 in chips)
Seat 4: MTails ($203.40 in chips)
MTails: posts small blind $1
lelala: posts big blind $3
*** HOLE CARDS ***
MTails: raises $3 to $6
lelala: folds
Uncalled bet ($3) returned to MTails
MTails collected $6 from pot
*** SUMMARY ***
Total pot $6 | Rake $0
Seat 3: lelala (big blind) folded before Flop
Seat 4: MTails (button) (small blind) collected ($6)


PokerStars Hand #170573560841:  Hold'em Limit ($3/$6 USD) - 2017/05/18 5:30:29 ET
Table 'Ursula' 6-max Seat #3 is the button
Seat 3: lelala ($75.02 in chips)
Seat 4: MTails ($218.40 in chips)
lelala: posts small blind $1
MTails: posts big blind $3
*** HOLE CARDS ***
lelala: raises $3 to $6
MTails: calls $3
*** FLOP *** [8s 3h 5c]
MTails: checks
lelala: bets $3
MTails: calls $3
*** TURN *** [8s 3h 5c] [8c]
MTails: checks
lelala: bets $6
MTails: calls $6
*** RIVER *** [8s 3h 5c 8c] [9c]
MTails: checks
lelala: checks
*** SHOW DOWN ***
MTails: shows [4d 7d] (a pair of Eights)
lelala: shows [Ah Jc] (a pair of Eights - Ace kicker)
lelala collected $29.50 from pot
*** SUMMARY ***
Total pot $30 | Rake $0.50
Board [8s 3h 5c 8c 9c]
Seat 3: lelala (button) (small blind) showed [Ah Jc] and won ($29.50) with a pair of Eights
Seat 4: MTails (big blind) showed [4d 7d] and lost with a pair of Eights


PokerStars Hand #170573554310:  Hold'em Limit ($3/$6 USD) - 2017/05/18 5:30:11 ET
Table 'Ursula' 6-max Seat #4 is the button
Seat 3: lelala ($105.02 in chips)
Seat 4: MTails ($188.90 in chips)
MTails: posts small blind $1
lelala: posts big blind $3
*** HOLE CARDS ***
MTails: raises $3 to $6
lelala: calls $3
*** FLOP *** [7d 8d Js]
lelala: checks
MTails: bets $3
lelala: raises $3 to $6
MTails: calls $3
*** TURN *** [7d 8d Js] [4s]
lelala: bets $6
MTails: raises $6 to $12
lelala: calls $6
*** RIVER *** [7d 8d Js 4s] [4d]
lelala: checks
MTails: bets $6
lelala: calls $6
*** SHOW DOWN ***
MTails: shows [Jc Ac] (two pair, Jacks and Fours)
lelala: mucks hand
MTails collected $59.50 from pot
*** SUMMARY ***
Total pot $60 | Rake $0.50
Board [7d 8d Js 4s 4d]
Seat 3: lelala (big blind) mucked
Seat 4: MTails (button) (small blind) showed [Jc Ac] and won ($59.50) with two pair, Jacks and Fours


PokerStars Hand #170573552602:  Hold'em Limit ($3/$6 USD) - 2017/05/18 5:30:06 ET
Table 'Ursula' 6-max Seat #3 is the button
Seat 3: lelala ($106.02 in chips)
Seat 4: MTails ($187.90 in chips)
lelala: posts small blind $1
MTails: posts big blind $3
*** HOLE CARDS ***
lelala: folds
Uncalled bet ($2) returned to MTails
MTails collected $2 from pot
MTails: doesn't show hand
*** SUMMARY ***
Total pot $2 | Rake $0
Seat 3: lelala (button) (small blind) folded before Flop
Seat 4: MTails (big blind) collected ($2)


PokerStars Hand #170573587478:  Hold'em Limit ($3/$6 USD) - 2017/05/18 5:31:43 ET
Table 'Ursula' 6-max Seat #3 is the button
Seat 3: lelala ($94.77 in chips)
Seat 4: MTails ($196.55 in chips)
lelala: posts small blind $1
MTails: posts big blind $3
*** HOLE CARDS ***
lelala: folds
Uncalled bet ($2) returned to MTails
MTails collected $2 from pot
*** SUMMARY ***
Total pot $2 | Rake $0
Seat 3: lelala (button) (small blind) folded before Flop
Seat 4: MTails (big blind) collected ($2)


PokerStars Hand #170573580884:  Hold'em Limit ($3/$6 USD) - 2017/05/18 5:31:24 ET
Table 'Ursula' 6-max Seat #4 is the button
Seat 3: lelala ($71.27 in chips)
Seat 4: MTails ($220.55 in chips)
MTails: posts small blind $1
lelala: posts big blind $3
*** HOLE CARDS ***
MTails: raises $3 to $6
lelala: calls $3
*** FLOP *** [Qc Ad 8c]
lelala: checks
MTails: bets $3
lelala: raises $3 to $6
MTails: calls $3
*** TURN *** [Qc Ad 8c] [Qd]
lelala: bets $6
SpartakM1985 joins the table at seat #5
MTails: calls $6
*** RIVER *** [Qc Ad 8c Qd] [7s]
lelala: bets $6
MTails: calls $6
*** SHOW DOWN ***
lelala: shows [Ks 9c] (a pair of Queens)
MTails: mucks hand
lelala collected $47.50 from pot
*** SUMMARY ***
Total pot $48 | Rake $0.50
Board [Qc Ad 8c Qd 7s]
Seat 3: lelala (big blind) showed [Ks 9c] and won ($47.50) with a pair of Queens
Seat 4: MTails (button) (small blind) mucked


PokerStars Hand #170573574988:  Hold'em Limit ($3/$6 USD) - 2017/05/18 5:31:08 ET
Table 'Ursula' 6-max Seat #3 is the button
Seat 3: lelala ($71.52 in chips)
Seat 4: MTails ($220.80 in chips)
lelala: posts small blind $1
MTails: posts big blind $3
*** HOLE CARDS ***
lelala: raises $3 to $6
MTails: calls $3
*** FLOP *** [7h 3s 9s]
MTails: checks
lelala: bets $3
MTails: calls $3
*** TURN *** [7h 3s 9s] [7c]
MTails: checks
lelala: bets $6
MTails: calls $6
*** RIVER *** [7h 3s 9s 7c] [Jc]
MTails: checks
lelala: checks
*** SHOW DOWN ***
MTails: shows [Td 3d] (two pair, Sevens and Threes)
lelala: shows [4d 3h] (two pair, Sevens and Threes)
MTails collected $14.75 from pot
lelala collected $14.75 from pot
*** SUMMARY ***
Total pot $30 | Rake $0.50
Board [7h 3s 9s 7c Jc]
Seat 3: lelala (button) (small blind) showed [4d 3h] and won ($14.75) with two pair, Sevens and Threes
Seat 4: MTails (big blind) showed [Td 3d] and won ($14.75) with two pair, Sevens and Threes


PokerStars Hand #170573571711:  Hold'em Limit ($3/$6 USD) - 2017/05/18 5:30:59 ET
Table 'Ursula' 6-max Seat #4 is the button
Seat 3: lelala ($77.52 in chips)
Seat 4: MTails ($215.04 in chips)
MTails: posts small blind $1
lelala: posts big blind $3
*** HOLE CARDS ***
MTails: raises $3 to $6
lelala: calls $3
*** FLOP *** [Ks 9h 4h]
lelala: checks
MTails: bets $3
lelala: folds
Uncalled bet ($3) returned to MTails
MTails collected $11.76 from pot
*** SUMMARY ***
Total pot $12 | Rake $0.24
Board [Ks 9h 4h]
Seat 3: lelala (big blind) folded on the Flop
Seat 4: MTails (button) (small blind) collected ($11.76)


