PokerStars Hand #163247526111:  Hold'em Limit ($3/$6 USD) - 2016/12/20 12:35:59 ET
Table 'Ursula' 6-max Seat #3 is the button
Seat 2: Rekrut343 ($169.64 in chips)
Seat 3: kolaz03 ($73 in chips)
kolaz03: posts small blind $1
Koraseg: is sitting out
vestimokrec: is sitting out
Rekrut343: posts big blind $3
*** HOLE CARDS ***
kolaz03: raises $3 to $6
Rekrut343: folds
Uncalled bet ($3) returned to kolaz03
Koraseg leaves the table
kolaz03 collected $6 from pot
vestimokrec leaves the table
kolaz03: doesn't show hand
*** SUMMARY ***
Total pot $6 | Rake $0
Seat 2: Rekrut343 (big blind) folded before Flop
Seat 3: kolaz03 (button) (small blind) collected ($6)


PokerStars Hand #163247572350:  Hold'em Limit ($3/$6 USD) - 2016/12/20 12:36:54 ET
Table 'Ursula' 6-max Seat #2 is the button
Seat 2: Rekrut343 ($195.90 in chips)
Seat 3: kolaz03 ($72 in chips)
Rekrut343: posts small blind $1
kolaz03: posts big blind $3
*** HOLE CARDS ***
Rekrut343: folds
Uncalled bet ($2) returned to kolaz03
kolaz03 collected $2 from pot
kolaz03: doesn't show hand
*** SUMMARY ***
Total pot $2 | Rake $0
Seat 2: Rekrut343 (button) (small blind) folded before Flop
Seat 3: kolaz03 (big blind) collected ($2)


PokerStars Hand #163247531671:  Hold'em Limit ($3/$6 USD) - 2016/12/20 12:36:06 ET
Table 'Ursula' 6-max Seat #2 is the button
Seat 2: Rekrut343 ($166.64 in chips)
Seat 3: kolaz03 ($76 in chips)
Rekrut343: posts small blind $1
kolaz03: posts big blind $3
*** HOLE CARDS ***
Rekrut343: raises $3 to $6
kolaz03: calls $3
*** FLOP *** [4s Td As]
kolaz03: checks
Rekrut343: bets $3
kolaz03: folds
Uncalled bet ($3) returned to Rekrut343
Rekrut343 collected $11.76 from pot
Rekrut343: doesn't show hand
*** SUMMARY ***
Total pot $12 | Rake $0.24
Board [4s Td As]
Seat 2: Rekrut343 (button) (small blind) collected ($11.76)
Seat 3: kolaz03 (big blind) folded on the Flop


PokerStars Hand #163247551448:  Hold'em Limit ($3/$6 USD) - 2016/12/20 12:36:29 ET
Table 'Ursula' 6-max Seat #3 is the button
Seat 2: Rekrut343 ($172.40 in chips)
Seat 3: kolaz03 ($72 in chips)
kolaz03: posts small blind $1
Rekrut343: posts big blind $3
*** HOLE CARDS ***
kolaz03: raises $3 to $6
Rekrut343: calls $3
*** FLOP *** [7s 7h 8h]
Rekrut343: checks
kolaz03: bets $3
Rekrut343: raises $3 to $6
kolaz03: calls $3
*** TURN *** [7s 7h 8h] [Kh]
Rekrut343: bets $6
kolaz03: calls $6
*** RIVER *** [7s 7h 8h Kh] [4s]
Rekrut343: bets $6
kolaz03: calls $6
*** SHOW DOWN ***
Rekrut343: shows [Qc 8c] (two pair, Eights and Sevens)
kolaz03: mucks hand
Rekrut343 collected $47.50 from pot
*** SUMMARY ***
Total pot $48 | Rake $0.50
Board [7s 7h 8h Kh 4s]
Seat 2: Rekrut343 (big blind) showed [Qc 8c] and won ($47.50) with two pair, Eights and Sevens
Seat 3: kolaz03 (button) (small blind) mucked


PokerStars Hand #163247586143:  Hold'em Limit ($3/$6 USD) - 2016/12/20 12:37:11 ET
Table 'Ursula' 6-max Seat #2 is the button
Seat 2: Rekrut343 ($188.90 in chips)
Seat 3: kolaz03 ($78.76 in chips)
Rekrut343: posts small blind $1
kolaz03: posts big blind $3
*** HOLE CARDS ***
Rekrut343: folds
Uncalled bet ($2) returned to kolaz03
kolaz03 collected $2 from pot
kolaz03: doesn't show hand
*** SUMMARY ***
Total pot $2 | Rake $0
Seat 2: Rekrut343 (button) (small blind) folded before Flop
Seat 3: kolaz03 (big blind) collected ($2)


PokerStars Hand #163247576562:  Hold'em Limit ($3/$6 USD) - 2016/12/20 12:36:59 ET
Table 'Ursula' 6-max Seat #3 is the button
Seat 2: Rekrut343 ($194.90 in chips)
Seat 3: kolaz03 ($73 in chips)
kolaz03: posts small blind $1
humlefar was removed from the table for failing to post
Rekrut343: posts big blind $3
*** HOLE CARDS ***
kolaz03: raises $3 to $6
Rekrut343: calls $3
*** FLOP *** [Ac 8s Ts]
Rekrut343: checks
kolaz03: bets $3
Rekrut343: folds
Uncalled bet ($3) returned to kolaz03
kolaz03 collected $11.76 from pot
kolaz03: doesn't show hand
*** SUMMARY ***
Total pot $12 | Rake $0.24
Board [Ac 8s Ts]
Seat 2: Rekrut343 (big blind) folded on the Flop
Seat 3: kolaz03 (button) (small blind) collected ($11.76)


PokerStars Hand #163247610688:  Hold'em Limit ($3/$6 USD) - 2016/12/20 12:37:40 ET
Table 'Ursula' 6-max Seat #3 is the button
Seat 2: Rekrut343 ($194.66 in chips)
Seat 3: kolaz03 ($72.76 in chips)
kolaz03: posts small blind $1
Rekrut343: posts big blind $3
*** HOLE CARDS ***
kolaz03: folds
Uncalled bet ($2) returned to Rekrut343
Rekrut343 collected $2 from pot
Rekrut343: doesn't show hand
*** SUMMARY ***
Total pot $2 | Rake $0
Seat 2: Rekrut343 (big blind) collected ($2)
Seat 3: kolaz03 (button) (small blind) folded before Flop


PokerStars Hand #163247600742:  Hold'em Limit ($3/$6 USD) - 2016/12/20 12:37:28 ET
Table 'Ursula' 6-max Seat #2 is the button
Seat 2: Rekrut343 ($188.90 in chips)
Seat 3: kolaz03 ($78.76 in chips)
Rekrut343: posts small blind $1
kolaz03: posts big blind $3
*** HOLE CARDS ***
Rekrut343: raises $3 to $6
kolaz03: calls $3
*** FLOP *** [6h 7s Ts]
kolaz03: checks
Rekrut343: bets $3
kolaz03: folds
Uncalled bet ($3) returned to Rekrut343
Rekrut343 collected $11.76 from pot
Rekrut343: doesn't show hand
*** SUMMARY ***
Total pot $12 | Rake $0.24
Board [6h 7s Ts]
Seat 2: Rekrut343 (button) (small blind) collected ($11.76)
Seat 3: kolaz03 (big blind) folded on the Flop


PokerStars Hand #163247637873:  Hold'em Limit ($3/$6 USD) - 2016/12/20 12:38:12 ET
Table 'Ursula' 6-max Seat #2 is the button
Seat 2: Rekrut343 ($199.66 in chips)
Seat 3: kolaz03 ($72 in chips)
Rekrut343: posts small blind $1
kolaz03: posts big blind $3
*** HOLE CARDS ***
Rekrut343: folds
Uncalled bet ($2) returned to kolaz03
kolaz03 collected $2 from pot
kolaz03: doesn't show hand
*** SUMMARY ***
Total pot $2 | Rake $0
Seat 2: Rekrut343 (button) (small blind) folded before Flop
Seat 3: kolaz03 (big blind) collected ($2)


PokerStars Hand #163247633263:  Hold'em Limit ($3/$6 USD) - 2016/12/20 12:38:07 ET
Table 'Ursula' 6-max Seat #3 is the button
Seat 2: Rekrut343 ($198.66 in chips)
Seat 3: kolaz03 ($72 in chips)
kolaz03: posts small blind $1
Rekrut343: posts big blind $3
*** HOLE CARDS ***
kolaz03: folds
Uncalled bet ($2) returned to Rekrut343
Rekrut343 collected $2 from pot
Rekrut343: doesn't show hand
*** SUMMARY ***
Total pot $2 | Rake $0
Seat 2: Rekrut343 (big blind) collected ($2)
Seat 3: kolaz03 (button) (small blind) folded before Flop


PokerStars Hand #163247590618:  Hold'em Limit ($3/$6 USD) - 2016/12/20 12:37:16 ET
Table 'Ursula' 6-max Seat #3 is the button
Seat 2: Rekrut343 ($187.90 in chips)
Seat 3: kolaz03 ($79.76 in chips)
kolaz03: posts small blind $1
Rekrut343: posts big blind $3
*** HOLE CARDS ***
kolaz03: folds
Uncalled bet ($2) returned to Rekrut343
Rekrut343 collected $2 from pot
Rekrut343: doesn't show hand
*** SUMMARY ***
Total pot $2 | Rake $0
Seat 2: Rekrut343 (big blind) collected ($2)
Seat 3: kolaz03 (button) (small blind) folded before Flop


PokerStars Hand #163247620270:  Hold'em Limit ($3/$6 USD) - 2016/12/20 12:37:51 ET
Table 'Ursula' 6-max Seat #3 is the button
Seat 2: Rekrut343 ($194.66 in chips)
Seat 3: kolaz03 ($73 in chips)
kolaz03: posts small blind $1
Rekrut343: posts big blind $3
*** HOLE CARDS ***
kolaz03: folds
Uncalled bet ($2) returned to Rekrut343
Rekrut343 collected $2 from pot
Rekrut343: doesn't show hand
*** SUMMARY ***
Total pot $2 | Rake $0
Seat 2: Rekrut343 (big blind) collected ($2)
Seat 3: kolaz03 (button) (small blind) folded before Flop


PokerStars Hand #163247615988:  Hold'em Limit ($3/$6 USD) - 2016/12/20 12:37:47 ET
Table 'Ursula' 6-max Seat #2 is the button
Seat 2: Rekrut343 ($195.66 in chips)
Seat 3: kolaz03 ($72 in chips)
Rekrut343: posts small blind $1
kolaz03: posts big blind $3
*** HOLE CARDS ***
Rekrut343: folds
Uncalled bet ($2) returned to kolaz03
kolaz03 collected $2 from pot
kolaz03: doesn't show hand
*** SUMMARY ***
Total pot $2 | Rake $0
Seat 2: Rekrut343 (button) (small blind) folded before Flop
Seat 3: kolaz03 (big blind) collected ($2)


PokerStars Hand #163247624293:  Hold'em Limit ($3/$6 USD) - 2016/12/20 12:37:56 ET
Table 'Ursula' 6-max Seat #2 is the button
Seat 2: Rekrut343 ($195.66 in chips)
Seat 3: kolaz03 ($72 in chips)
Rekrut343: posts small blind $1
kolaz03: posts big blind $3
*** HOLE CARDS ***
Rekrut343: raises $3 to $6
kolaz03: folds
Uncalled bet ($3) returned to Rekrut343
Rekrut343 collected $6 from pot
Rekrut343: doesn't show hand
*** SUMMARY ***
Total pot $6 | Rake $0
Seat 2: Rekrut343 (button) (small blind) collected ($6)
Seat 3: kolaz03 (big blind) folded before Flop


PokerStars Hand #163247646507:  Hold'em Limit ($3/$6 USD) - 2016/12/20 12:38:23 ET
Table 'Ursula' 6-max Seat #2 is the button
Seat 2: Rekrut343 ($195.66 in chips)
Seat 3: kolaz03 ($76 in chips)
Rekrut343: posts small blind $1
kolaz03: posts big blind $3
*** HOLE CARDS ***
Rekrut343: folds
Uncalled bet ($2) returned to kolaz03
kolaz03 collected $2 from pot
kolaz03: doesn't show hand
*** SUMMARY ***
Total pot $2 | Rake $0
Seat 2: Rekrut343 (button) (small blind) folded before Flop
Seat 3: kolaz03 (big blind) collected ($2)


PokerStars Hand #163247642090:  Hold'em Limit ($3/$6 USD) - 2016/12/20 12:38:17 ET
Table 'Ursula' 6-max Seat #3 is the button
Seat 2: Rekrut343 ($198.66 in chips)
Seat 3: kolaz03 ($73 in chips)
kolaz03: posts small blind $1
Rekrut343: posts big blind $3
*** HOLE CARDS ***
kolaz03: raises $3 to $6
Rekrut343: folds
Uncalled bet ($3) returned to kolaz03
kolaz03 collected $6 from pot
kolaz03: doesn't show hand
*** SUMMARY ***
Total pot $6 | Rake $0
Seat 2: Rekrut343 (big blind) folded before Flop
Seat 3: kolaz03 (button) (small blind) collected ($6)


PokerStars Hand #163247652854:  Hold'em Limit ($3/$6 USD) - 2016/12/20 12:38:30 ET
Table 'Ursula' 6-max Seat #3 is the button
Seat 2: Rekrut343 ($212.68 in chips)
Seat 3: kolaz03 ($77 in chips)
kolaz03: posts small blind $1
Rekrut343: posts big blind $3
*** HOLE CARDS ***
kolaz03: raises $3 to $6
Rekrut343: raises $3 to $9
kolaz03: calls $3
*** FLOP *** [8c 9h Qh]
Rekrut343: bets $3
kolaz03: folds
Uncalled bet ($3) returned to Rekrut343
Rekrut343 collected $17.64 from pot
gabiruboy joins the table at seat #4
Rekrut343: doesn't show hand
*** SUMMARY ***
Total pot $18 | Rake $0.36
Board [8c 9h Qh]
Seat 2: Rekrut343 (big blind) collected ($17.64)
Seat 3: kolaz03 (button) (small blind) folded on the Flop


PokerStars Hand #163247723180:  Hold'em Limit ($3/$6 USD) - 2016/12/20 12:39:54 ET
Table 'Ursula' 6-max Seat #2 is the button
Seat 2: Rekrut343 ($253.49 in chips)
Seat 3: kolaz03 ($72 in chips)
Rekrut343: posts small blind $1
kolaz03: posts big blind $3
*** HOLE CARDS ***
Rekrut343: folds
Uncalled bet ($2) returned to kolaz03
gabiruboy leaves the table
kolaz03 collected $2 from pot
kolaz03: doesn't show hand
*** SUMMARY ***
Total pot $2 | Rake $0
Seat 2: Rekrut343 (button) (small blind) folded before Flop
Seat 3: kolaz03 (big blind) collected ($2)


PokerStars Hand #163247752062:  Hold'em Limit ($3/$6 USD) - 2016/12/20 12:40:28 ET
Table 'Ursula' 6-max Seat #2 is the button
Seat 2: Rekrut343 ($243.49 in chips)
Seat 3: kolaz03 ($81.64 in chips)
Rekrut343: posts small blind $1
kolaz03: posts big blind $3
*** HOLE CARDS ***
Rekrut343: folds
Uncalled bet ($2) returned to kolaz03
kolaz03 collected $2 from pot
kolaz03: doesn't show hand
*** SUMMARY ***
Total pot $2 | Rake $0
Seat 2: Rekrut343 (button) (small blind) folded before Flop
Seat 3: kolaz03 (big blind) collected ($2)


PokerStars Hand #163247757454:  Hold'em Limit ($3/$6 USD) - 2016/12/20 12:40:34 ET
Table 'Ursula' 6-max Seat #3 is the button
Seat 2: Rekrut343 ($242.49 in chips)
Seat 3: kolaz03 ($82.64 in chips)
kolaz03: posts small blind $1
Rekrut343: posts big blind $3
*** HOLE CARDS ***
vestimokrec leaves the table
kolaz03: raises $3 to $6
Rekrut343: calls $3
*** FLOP *** [8d 5s Jc]
Rekrut343: checks
kolaz03: bets $3
Rekrut343: calls $3
*** TURN *** [8d 5s Jc] [5h]
Rekrut343: checks
kolaz03: bets $6
Rekrut343: calls $6
*** RIVER *** [8d 5s Jc 5h] [2d]
Rekrut343: checks
kolaz03: bets $6
Rekrut343: calls $6
*** SHOW DOWN ***
kolaz03: shows [Jd 7s] (two pair, Jacks and Fives)
Rekrut343: mucks hand
kolaz03 collected $41.50 from pot
*** SUMMARY ***
Total pot $42 | Rake $0.50
Board [8d 5s Jc 5h 2d]
Seat 2: Rekrut343 (big blind) mucked
Seat 3: kolaz03 (button) (small blind) showed [Jd 7s] and won ($41.50) with two pair, Jacks and Fives


PokerStars Hand #163247784611:  Hold'em Limit ($3/$6 USD) - 2016/12/20 12:41:07 ET
Table 'Ursula' 6-max Seat #2 is the button
Seat 2: Rekrut343 ($221.49 in chips)
Seat 3: kolaz03 ($103.14 in chips)
Rekrut343: posts small blind $1
kolaz03: posts big blind $3
*** HOLE CARDS ***
Rekrut343: folds
Uncalled bet ($2) returned to kolaz03
kolaz03 collected $2 from pot
kolaz03: doesn't show hand
*** SUMMARY ***
Total pot $2 | Rake $0
Seat 2: Rekrut343 (button) (small blind) folded before Flop
Seat 3: kolaz03 (big blind) collected ($2)


PokerStars Hand #163247727655:  Hold'em Limit ($3/$6 USD) - 2016/12/20 12:39:59 ET
Table 'Ursula' 6-max Seat #3 is the button
Seat 2: Rekrut343 ($252.49 in chips)
Seat 3: kolaz03 ($73 in chips)
kolaz03: posts small blind $1
Rekrut343: posts big blind $3
*** HOLE CARDS ***
kolaz03: raises $3 to $6
Rekrut343: calls $3
*** FLOP *** [Qh 4s Qc]
Rekrut343: checks
kolaz03: bets $3
Rekrut343: calls $3
*** TURN *** [Qh 4s Qc] [2h]
Rekrut343: checks
kolaz03: checks
*** RIVER *** [Qh 4s Qc 2h] [2s]
Rekrut343: checks
kolaz03: bets $6
Rekrut343: folds
Uncalled bet ($6) returned to kolaz03
kolaz03 collected $17.64 from pot
kolaz03: doesn't show hand
*** SUMMARY ***
Total pot $18 | Rake $0.36
Board [Qh 4s Qc 2h 2s]
Seat 2: Rekrut343 (big blind) folded on the River
Seat 3: kolaz03 (button) (small blind) collected ($17.64)


PokerStars Hand #163247781066:  Hold'em Limit ($3/$6 USD) - 2016/12/20 12:41:02 ET
Table 'Ursula' 6-max Seat #3 is the button
Seat 2: Rekrut343 ($220.49 in chips)
Seat 3: kolaz03 ($104.14 in chips)
kolaz03: posts small blind $1
Rekrut343: posts big blind $3
*** HOLE CARDS ***
kolaz03: folds
Uncalled bet ($2) returned to Rekrut343
Rekrut343 collected $2 from pot
Rekrut343: doesn't show hand
*** SUMMARY ***
Total pot $2 | Rake $0
Seat 2: Rekrut343 (big blind) collected ($2)
Seat 3: kolaz03 (button) (small blind) folded before Flop


PokerStars Hand #163247776865:  Hold'em Limit ($3/$6 USD) - 2016/12/20 12:40:57 ET
Table 'Ursula' 6-max Seat #2 is the button
Seat 2: Rekrut343 ($221.49 in chips)
Seat 3: kolaz03 ($103.14 in chips)
Rekrut343: posts small blind $1
kolaz03: posts big blind $3
*** HOLE CARDS ***
Rekrut343: folds
Uncalled bet ($2) returned to kolaz03
kolaz03 collected $2 from pot
kolaz03: doesn't show hand
*** SUMMARY ***
Total pot $2 | Rake $0
Seat 2: Rekrut343 (button) (small blind) folded before Flop
Seat 3: kolaz03 (big blind) collected ($2)


PokerStars Hand #163247797495:  Hold'em Limit ($3/$6 USD) - 2016/12/20 12:41:22 ET
Table 'Ursula' 6-max Seat #2 is the button
Seat 2: Rekrut343 ($226.25 in chips)
Seat 3: kolaz03 ($98.14 in chips)
Rekrut343: posts small blind $1
kolaz03: posts big blind $3
*** HOLE CARDS ***
Rekrut343: folds
Uncalled bet ($2) returned to kolaz03
kolaz03 collected $2 from pot
kolaz03: doesn't show hand
*** SUMMARY ***
Total pot $2 | Rake $0
Seat 2: Rekrut343 (button) (small blind) folded before Flop
Seat 3: kolaz03 (big blind) collected ($2)


PokerStars Hand #163247788622:  Hold'em Limit ($3/$6 USD) - 2016/12/20 12:41:11 ET
Table 'Ursula' 6-max Seat #3 is the button
Seat 2: Rekrut343 ($220.49 in chips)
Seat 3: kolaz03 ($104.14 in chips)
kolaz03: posts small blind $1
Rekrut343: posts big blind $3
*** HOLE CARDS ***
kolaz03: raises $3 to $6
Rekrut343: calls $3
*** FLOP *** [5h 7s Ah]
Rekrut343: bets $3
kolaz03: folds
Uncalled bet ($3) returned to Rekrut343
Rekrut343 collected $11.76 from pot
Rekrut343: doesn't show hand
*** SUMMARY ***
Total pot $12 | Rake $0.24
Board [5h 7s Ah]
Seat 2: Rekrut343 (big blind) collected ($11.76)
Seat 3: kolaz03 (button) (small blind) folded on the Flop


PokerStars Hand #163247805455:  Hold'em Limit ($3/$6 USD) - 2016/12/20 12:41:31 ET
Table 'Ursula' 6-max Seat #2 is the button
Seat 2: Rekrut343 ($226.25 in chips)
Seat 3: kolaz03 ($98.14 in chips)
Rekrut343: posts small blind $1
kolaz03: posts big blind $3
*** HOLE CARDS ***
Rekrut343: folds
Uncalled bet ($2) returned to kolaz03
kolaz03 collected $2 from pot
kolaz03: doesn't show hand
*** SUMMARY ***
Total pot $2 | Rake $0
Seat 2: Rekrut343 (button) (small blind) folded before Flop
Seat 3: kolaz03 (big blind) collected ($2)


PokerStars Hand #163247801346:  Hold'em Limit ($3/$6 USD) - 2016/12/20 12:41:26 ET
Table 'Ursula' 6-max Seat #3 is the button
Seat 2: Rekrut343 ($225.25 in chips)
Seat 3: kolaz03 ($99.14 in chips)
kolaz03: posts small blind $1
Rekrut343: posts big blind $3
*** HOLE CARDS ***
kolaz03: folds
Uncalled bet ($2) returned to Rekrut343
Rekrut343 collected $2 from pot
Rekrut343: doesn't show hand
*** SUMMARY ***
Total pot $2 | Rake $0
Seat 2: Rekrut343 (big blind) collected ($2)
Seat 3: kolaz03 (button) (small blind) folded before Flop


PokerStars Hand #163247829537:  Hold'em Limit ($3/$6 USD) - 2016/12/20 12:42:00 ET
Table 'Ursula' 6-max Seat #2 is the button
Seat 2: Rekrut343 ($215.25 in chips)
Seat 3: kolaz03 ($108.90 in chips)
Rekrut343: posts small blind $1
kolaz03: posts big blind $3
*** HOLE CARDS ***
Rekrut343: folds
Uncalled bet ($2) returned to kolaz03
kolaz03 collected $2 from pot
kolaz03: doesn't show hand
*** SUMMARY ***
Total pot $2 | Rake $0
Seat 2: Rekrut343 (button) (small blind) folded before Flop
Seat 3: kolaz03 (big blind) collected ($2)


PokerStars Hand #163247820454:  Hold'em Limit ($3/$6 USD) - 2016/12/20 12:41:49 ET
Table 'Ursula' 6-max Seat #3 is the button
Seat 2: Rekrut343 ($221.25 in chips)
Seat 3: kolaz03 ($103.14 in chips)
kolaz03: posts small blind $1
Rekrut343: posts big blind $3
*** HOLE CARDS ***
kolaz03: raises $3 to $6
Rekrut343: calls $3
*** FLOP *** [Jc Qs Js]
Rekrut343: checks
kolaz03: bets $3
Rekrut343: folds
Uncalled bet ($3) returned to kolaz03
kolaz03 collected $11.76 from pot
Ale4o joins the table at seat #4
kolaz03: doesn't show hand
*** SUMMARY ***
Total pot $12 | Rake $0.24
Board [Jc Qs Js]
Seat 2: Rekrut343 (big blind) folded on the Flop
Seat 3: kolaz03 (button) (small blind) collected ($11.76)


PokerStars Hand #163247816249:  Hold'em Limit ($3/$6 USD) - 2016/12/20 12:41:44 ET
Table 'Ursula' 6-max Seat #2 is the button
Seat 2: Rekrut343 ($222.25 in chips)
Seat 3: kolaz03 ($102.14 in chips)
Rekrut343: posts small blind $1
kolaz03: posts big blind $3
*** HOLE CARDS ***
Rekrut343: folds
Uncalled bet ($2) returned to kolaz03
kolaz03 collected $2 from pot
kolaz03: doesn't show hand
*** SUMMARY ***
Total pot $2 | Rake $0
Seat 2: Rekrut343 (button) (small blind) folded before Flop
Seat 3: kolaz03 (big blind) collected ($2)


PokerStars Hand #163247836129:  Hold'em Limit ($3/$6 USD) - 2016/12/20 12:42:08 ET
Table 'Ursula' 6-max Seat #3 is the button
Seat 3: kolaz03 ($109.90 in chips)
Seat 4: Ale4o ($120 in chips)
kolaz03: posts small blind $1
Ale4o: posts big blind $3
*** HOLE CARDS ***
kolaz03: raises $3 to $6
Ale4o: calls $3
*** FLOP *** [4s 9s 6c]
Ale4o: checks
kolaz03: checks
*** TURN *** [4s 9s 6c] [Kh]
Rekrut343 leaves the table
Ale4o: checks
kolaz03: bets $6
Ale4o: folds
Uncalled bet ($6) returned to kolaz03
kolaz03 collected $11.76 from pot
kolaz03: doesn't show hand
*** SUMMARY ***
Total pot $12 | Rake $0.24
Board [4s 9s 6c Kh]
Seat 3: kolaz03 (button) (small blind) collected ($11.76)
Seat 4: Ale4o (big blind) folded on the Turn


