PokerStars Hand #175411945650:  Hold'em Limit ($3/$6 USD) - 2017/09/09 10:09:06 ET
Table 'Ursula II' 6-max Seat #4 is the button
Seat 4: VolkovDmitri ($120 in chips)
Seat 5: igorkabmw ($35 in chips)
TbIP-TbIP 88 joins the table at seat #6
VolkovDmitri: posts small blind $1
igorkabmw: posts big blind $3
*** HOLE CARDS ***
VolkovDmitri: raises $3 to $6
igorkabmw: raises $3 to $9
VolkovDmitri: raises $3 to $12
Betting is capped
igorkabmw: calls $3
*** FLOP *** [Ad 2h 2c]
igorkabmw: bets $3
VolkovDmitri: calls $3
*** TURN *** [Ad 2h 2c] [4h]
igorkabmw: bets $6
VolkovDmitri: raises $6 to $12
igorkabmw: raises $6 to $18
VolkovDmitri: raises $6 to $24
Betting is capped
igorkabmw: calls $2 and is all-in
Uncalled bet ($4) returned to VolkovDmitri
*** RIVER *** [Ad 2h 2c 4h] [7d]
*** SHOW DOWN ***
igorkabmw: shows [Ac Qh] (two pair, Aces and Deuces)
VolkovDmitri: shows [As 9h] (two pair, Aces and Deuces - lower kicker)
igorkabmw collected $69.50 from pot
*** SUMMARY ***
Total pot $70 | Rake $0.50
Board [Ad 2h 2c 4h 7d]
Seat 4: VolkovDmitri (button) (small blind) showed [As 9h] and lost with two pair, Aces and Deuces
Seat 5: igorkabmw (big blind) showed [Ac Qh] and won ($69.50) with two pair, Aces and Deuces


PokerStars Hand #175412536030:  Hold'em Limit ($3/$6 USD) - 2017/09/09 10:25:01 ET
Table 'Ursula II' 6-max Seat #1 is the button
Seat 1: Psynto ($72 in chips)
Seat 2: vitamin168 ($78.62 in chips)
Psynto: posts small blind $1
vitamin168: posts big blind $3
*** HOLE CARDS ***
Psynto: raises $3 to $6
vitamin168: calls $3
*** FLOP *** [Js 5c 3d]
jreilly leaves the table
vitamin168: checks
Psynto: bets $3
vitamin168: calls $3
*** TURN *** [Js 5c 3d] [8s]
vitamin168: checks
Psynto: bets $6
vitamin168: folds
Uncalled bet ($6) returned to Psynto
Psynto collected $17.64 from pot
Psynto: doesn't show hand
*** SUMMARY ***
Total pot $18 | Rake $0.36
Board [Js 5c 3d 8s]
Seat 1: Psynto (button) (small blind) collected ($17.64)
Seat 2: vitamin168 (big blind) folded on the Turn


PokerStars Hand #175412545295:  Hold'em Limit ($3/$6 USD) - 2017/09/09 10:25:16 ET
Table 'Ursula II' 6-max Seat #2 is the button
Seat 1: Psynto ($80.64 in chips)
Seat 2: vitamin168 ($69.62 in chips)
vitamin168: posts small blind $1
Psynto: posts big blind $3
*** HOLE CARDS ***
vitamin168: raises $3 to $6
Psynto: calls $3
*** FLOP *** [9d 2c Js]
Psynto: checks
vitamin168: checks
*** TURN *** [9d 2c Js] [Qh]
Psynto: bets $6
vitamin168: folds
Uncalled bet ($6) returned to Psynto
Psynto collected $11.76 from pot
Psynto: doesn't show hand
*** SUMMARY ***
Total pot $12 | Rake $0.24
Board [9d 2c Js Qh]
Seat 1: Psynto (big blind) collected ($11.76)
Seat 2: vitamin168 (button) (small blind) folded on the Turn


PokerStars Hand #175412556123:  Hold'em Limit ($3/$6 USD) - 2017/09/09 10:25:34 ET
Table 'Ursula II' 6-max Seat #2 is the button
Seat 1: Psynto ($89.40 in chips)
Seat 2: vitamin168 ($60.62 in chips)
vitamin168: posts small blind $1
Psynto: posts big blind $3
*** HOLE CARDS ***
TbIP-TbIP 88 leaves the table
vitamin168: folds
Uncalled bet ($2) returned to Psynto
Psynto collected $2 from pot
Psynto: doesn't show hand
*** SUMMARY ***
Total pot $2 | Rake $0
Seat 1: Psynto (big blind) collected ($2)
Seat 2: vitamin168 (button) (small blind) folded before Flop


PokerStars Hand #175412561422:  Hold'em Limit ($3/$6 USD) - 2017/09/09 10:25:42 ET
Table 'Ursula II' 6-max Seat #1 is the button
Seat 1: Psynto ($90.40 in chips)
Seat 2: vitamin168 ($59.62 in chips)
Psynto: posts small blind $1
vitamin168: posts big blind $3
*** HOLE CARDS ***
Psynto: raises $3 to $6
vitamin168: calls $3
*** FLOP *** [9s 8c 8d]
vitamin168: checks
Psynto: bets $3
vitamin168: raises $3 to $6
Psynto: raises $3 to $9
vitamin168: calls $3
*** TURN *** [9s 8c 8d] [7c]
vitamin168: checks
Psynto: bets $6
vitamin168: raises $6 to $12
Psynto: calls $6
*** RIVER *** [9s 8c 8d 7c] [Ks]
vitamin168: bets $6
Psynto: calls $6
*** SHOW DOWN ***
vitamin168: shows [8h 6c] (three of a kind, Eights)
Psynto: mucks hand
vitamin168 collected $65.50 from pot
*** SUMMARY ***
Total pot $66 | Rake $0.50
Board [9s 8c 8d 7c Ks]
Seat 1: Psynto (button) (small blind) mucked
Seat 2: vitamin168 (big blind) showed [8h 6c] and won ($65.50) with three of a kind, Eights


PokerStars Hand #175412616243:  Hold'em Limit ($3/$6 USD) - 2017/09/09 10:27:03 ET
Table 'Ursula II' 6-max Seat #2 is the button
Seat 1: Psynto ($90.28 in chips)
Seat 2: vitamin168 ($73.12 in chips)
vitamin168: posts small blind $1
Psynto: posts big blind $3
*** HOLE CARDS ***
vitamin168: raises $3 to $6
Psynto: calls $3
*** FLOP *** [Ks 3h Tc]
Psynto: checks
vitamin168: checks
*** TURN *** [Ks 3h Tc] [4c]
Psynto: checks
vitamin168: checks
*** RIVER *** [Ks 3h Tc 4c] [6h]
Psynto: checks
vitamin168: bets $6
Psynto: folds
Uncalled bet ($6) returned to vitamin168
vitamin168 collected $11.76 from pot
vitamin168: doesn't show hand
*** SUMMARY ***
Total pot $12 | Rake $0.24
Board [Ks 3h Tc 4c 6h]
Seat 1: Psynto (big blind) folded on the River
Seat 2: vitamin168 (button) (small blind) collected ($11.76)


PokerStars Hand #175412608974:  Hold'em Limit ($3/$6 USD) - 2017/09/09 10:26:51 ET
Table 'Ursula II' 6-max Seat #1 is the button
Seat 1: Psynto ($84.52 in chips)
Seat 2: vitamin168 ($79.12 in chips)
Psynto: posts small blind $1
vitamin168: posts big blind $3
*** HOLE CARDS ***
Psynto: raises $3 to $6
vitamin168: calls $3
*** FLOP *** [Th 9h Tc]
vitamin168: checks
Psynto: bets $3
vitamin168: folds
Uncalled bet ($3) returned to Psynto
Psynto collected $11.76 from pot
Psynto: doesn't show hand
*** SUMMARY ***
Total pot $12 | Rake $0.24
Board [Th 9h Tc]
Seat 1: Psynto (button) (small blind) collected ($11.76)
Seat 2: vitamin168 (big blind) folded on the Flop


PokerStars Hand #175412605977:  Hold'em Limit ($3/$6 USD) - 2017/09/09 10:26:46 ET
Table 'Ursula II' 6-max Seat #2 is the button
Seat 1: Psynto ($83.52 in chips)
Seat 2: vitamin168 ($80.12 in chips)
vitamin168: posts small blind $1
Psynto: posts big blind $3
*** HOLE CARDS ***
vitamin168: folds
Uncalled bet ($2) returned to Psynto
Psynto collected $2 from pot
Psynto: doesn't show hand
*** SUMMARY ***
Total pot $2 | Rake $0
Seat 1: Psynto (big blind) collected ($2)
Seat 2: vitamin168 (button) (small blind) folded before Flop


PokerStars Hand #175412597188:  Hold'em Limit ($3/$6 USD) - 2017/09/09 10:26:32 ET
Table 'Ursula II' 6-max Seat #1 is the button
Seat 1: Psynto ($77.76 in chips)
Seat 2: vitamin168 ($86.12 in chips)
Psynto: posts small blind $1
vitamin168: posts big blind $3
*** HOLE CARDS ***
Psynto: raises $3 to $6
vitamin168: calls $3
*** FLOP *** [Ad 5s 8s]
vitamin168: checks
Psynto: bets $3
vitamin168: folds
Uncalled bet ($3) returned to Psynto
Psynto collected $11.76 from pot
Psynto: doesn't show hand
*** SUMMARY ***
Total pot $12 | Rake $0.24
Board [Ad 5s 8s]
Seat 1: Psynto (button) (small blind) collected ($11.76)
Seat 2: vitamin168 (big blind) folded on the Flop


PokerStars Hand #175412586052:  Hold'em Limit ($3/$6 USD) - 2017/09/09 10:26:14 ET
Table 'Ursula II' 6-max Seat #2 is the button
Seat 1: Psynto ($72 in chips)
Seat 2: vitamin168 ($92.12 in chips)
vitamin168: posts small blind $1
Psynto: posts big blind $3
*** HOLE CARDS ***
vitamin168: raises $3 to $6
Psynto: calls $3
*** FLOP *** [3d 2d 4s]
Psynto: checks
vitamin168: checks
*** TURN *** [3d 2d 4s] [5d]
Psynto: bets $6
vitamin168: folds
Uncalled bet ($6) returned to Psynto
Psynto collected $11.76 from pot
Psynto: doesn't show hand
*** SUMMARY ***
Total pot $12 | Rake $0.24
Board [3d 2d 4s 5d]
Seat 1: Psynto (big blind) collected ($11.76)
Seat 2: vitamin168 (button) (small blind) folded on the Turn


PokerStars Hand #175412627197:  Hold'em Limit ($3/$6 USD) - 2017/09/09 10:27:20 ET
Table 'Ursula II' 6-max Seat #1 is the button
Seat 1: Psynto ($84.28 in chips)
Seat 2: vitamin168 ($78.88 in chips)
Psynto: posts small blind $1
vitamin168: posts big blind $3
*** HOLE CARDS ***
Psynto: raises $3 to $6
vitamin168: calls $3
*** FLOP *** [2d 8c 3s]
vitamin168: checks
Psynto: bets $3
vitamin168: calls $3
*** TURN *** [2d 8c 3s] [4s]
vitamin168: checks
Psynto: checks
*** RIVER *** [2d 8c 3s 4s] [9c]
vitamin168: checks
Psynto: bets $6
vitamin168: raises $6 to $12
Psynto: folds
Uncalled bet ($6) returned to vitamin168
vitamin168 collected $29.50 from pot
vitamin168: doesn't show hand
*** SUMMARY ***
Total pot $30 | Rake $0.50
Board [2d 8c 3s 4s 9c]
Seat 1: Psynto (button) (small blind) folded on the River
Seat 2: vitamin168 (big blind) collected ($29.50)


PokerStars Hand #175412659602:  Hold'em Limit ($3/$6 USD) - 2017/09/09 10:28:12 ET
Table 'Ursula II' 6-max Seat #1 is the button
Seat 1: Psynto ($77 in chips)
Seat 2: vitamin168 ($88.38 in chips)
Psynto: posts small blind $1
vitamin168: posts big blind $3
*** HOLE CARDS ***
Psynto: raises $3 to $6
vitamin168: calls $3
*** FLOP *** [3s 2s 4s]
vitamin168: checks
Psynto: bets $3
vitamin168: raises $3 to $6
Psynto: calls $3
*** TURN *** [3s 2s 4s] [Jh]
vitamin168: bets $6
Psynto: calls $6
*** RIVER *** [3s 2s 4s Jh] [7c]
vitamin168: bets $6
Psynto: calls $6
*** SHOW DOWN ***
vitamin168: shows [5d 5h] (a pair of Fives)
Psynto: mucks hand
vitamin168 collected $47.50 from pot
*** SUMMARY ***
Total pot $48 | Rake $0.50
Board [3s 2s 4s Jh 7c]
Seat 1: Psynto (button) (small blind) mucked
Seat 2: vitamin168 (big blind) showed [5d 5h] and won ($47.50) with a pair of Fives


PokerStars Hand #175412656466:  Hold'em Limit ($3/$6 USD) - 2017/09/09 10:28:07 ET
Table 'Ursula II' 6-max Seat #2 is the button
Seat 1: Psynto ($76 in chips)
Seat 2: vitamin168 ($89.38 in chips)
vitamin168: posts small blind $1
Psynto: posts big blind $3
*** HOLE CARDS ***
vitamin168: folds
Uncalled bet ($2) returned to Psynto
Psynto collected $2 from pot
Psynto: doesn't show hand
*** SUMMARY ***
Total pot $2 | Rake $0
Seat 1: Psynto (big blind) collected ($2)
Seat 2: vitamin168 (button) (small blind) folded before Flop


PokerStars Hand #175412650247:  Hold'em Limit ($3/$6 USD) - 2017/09/09 10:27:57 ET
Table 'Ursula II' 6-max Seat #2 is the button
Seat 1: Psynto ($72 in chips)
Seat 2: vitamin168 ($93.38 in chips)
vitamin168: posts small blind $1
Psynto: posts big blind $3
*** HOLE CARDS ***
vitamin168: folds
Uncalled bet ($2) returned to Psynto
Psynto collected $2 from pot
Psynto: doesn't show hand
*** SUMMARY ***
Total pot $2 | Rake $0
Seat 1: Psynto (big blind) collected ($2)
Seat 2: vitamin168 (button) (small blind) folded before Flop


PokerStars Hand #175412681927:  Hold'em Limit ($3/$6 USD) - 2017/09/09 10:28:48 ET
Table 'Ursula II' 6-max Seat #1 is the button
Seat 1: Psynto ($76 in chips)
Seat 2: vitamin168 ($110.88 in chips)
Psynto: posts small blind $1
vitamin168: posts big blind $3
*** HOLE CARDS ***
Psynto: raises $3 to $6
vitamin168: calls $3
*** FLOP *** [8h 3d Kd]
vitamin168: checks
Psynto: bets $3
vitamin168: calls $3
*** TURN *** [8h 3d Kd] [Kh]
vitamin168: checks
Psynto: bets $6
vitamin168: calls $6
*** RIVER *** [8h 3d Kd Kh] [As]
vitamin168: checks
Psynto: checks
*** SHOW DOWN ***
vitamin168: shows [Ac Tc] (two pair, Aces and Kings)
Psynto: mucks hand
vitamin168 collected $29.50 from pot
*** SUMMARY ***
Total pot $30 | Rake $0.50
Board [8h 3d Kd Kh As]
Seat 1: Psynto (button) (small blind) mucked
Seat 2: vitamin168 (big blind) showed [Ac Tc] and won ($29.50) with two pair, Aces and Kings


PokerStars Hand #175412678656:  Hold'em Limit ($3/$6 USD) - 2017/09/09 10:28:43 ET
Table 'Ursula II' 6-max Seat #2 is the button
Seat 1: Psynto ($75 in chips)
Seat 2: vitamin168 ($111.88 in chips)
vitamin168: posts small blind $1
Psynto: posts big blind $3
*** HOLE CARDS ***
vitamin168: folds
Uncalled bet ($2) returned to Psynto
Psynto collected $2 from pot
Psynto: doesn't show hand
*** SUMMARY ***
Total pot $2 | Rake $0
Seat 1: Psynto (big blind) collected ($2)
Seat 2: vitamin168 (button) (small blind) folded before Flop


PokerStars Hand #175412669466:  Hold'em Limit ($3/$6 USD) - 2017/09/09 10:28:28 ET
Table 'Ursula II' 6-max Seat #2 is the button
Seat 1: Psynto ($72 in chips)
Seat 2: vitamin168 ($111.88 in chips)
vitamin168: posts small blind $1
Psynto: posts big blind $3
*** HOLE CARDS ***
vitamin168: raises $3 to $6
Psynto: folds
Uncalled bet ($3) returned to vitamin168
vitamin168 collected $6 from pot
vitamin168: doesn't show hand
*** SUMMARY ***
Total pot $6 | Rake $0
Seat 1: Psynto (big blind) folded before Flop
Seat 2: vitamin168 (button) (small blind) collected ($6)


PokerStars Hand #175412709508:  Hold'em Limit ($3/$6 USD) - 2017/09/09 10:29:32 ET
Table 'Ursula II' 6-max Seat #1 is the button
Seat 1: Psynto ($89.50 in chips)
Seat 2: vitamin168 ($107.38 in chips)
Psynto: posts small blind $1
vitamin168: posts big blind $3
*** HOLE CARDS ***
Psynto: raises $3 to $6
vitamin168: calls $3
*** FLOP *** [5h 9d 8s]
vitamin168: checks
Psynto: bets $3
vitamin168: raises $3 to $6
Psynto: calls $3
*** TURN *** [5h 9d 8s] [6d]
vitamin168: bets $6
Psynto: calls $6
*** RIVER *** [5h 9d 8s 6d] [4c]
vitamin168: bets $6
Psynto: calls $6
*** SHOW DOWN ***
vitamin168: shows [9c 8d] (two pair, Nines and Eights)
Psynto: mucks hand
vitamin168 collected $47.50 from pot
*** SUMMARY ***
Total pot $48 | Rake $0.50
Board [5h 9d 8s 6d 4c]
Seat 1: Psynto (button) (small blind) mucked
Seat 2: vitamin168 (big blind) showed [9c 8d] and won ($47.50) with two pair, Nines and Eights


PokerStars Hand #175412692458:  Hold'em Limit ($3/$6 USD) - 2017/09/09 10:29:05 ET
Table 'Ursula II' 6-max Seat #2 is the button
Seat 1: Psynto ($72 in chips)
Seat 2: vitamin168 ($125.38 in chips)
vitamin168: posts small blind $1
Psynto: posts big blind $3
*** HOLE CARDS ***
vitamin168: raises $3 to $6
igorkabmw joins the table at seat #5
Psynto: calls $3
*** FLOP *** [As 5c 2s]
Psynto: checks
vitamin168: bets $3
Psynto: raises $3 to $6
vitamin168: calls $3
*** TURN *** [As 5c 2s] [8c]
Psynto: bets $6
vitamin168: calls $6
*** RIVER *** [As 5c 2s 8c] [4d]
Psynto: checks
StakkAttakk joins the table at seat #3
vitamin168: checks
*** SHOW DOWN ***
Psynto: shows [5s 7h] (a pair of Fives)
vitamin168: mucks hand
Psynto collected $35.50 from pot
*** SUMMARY ***
Total pot $36 | Rake $0.50
Board [As 5c 2s 8c 4d]
Seat 1: Psynto (big blind) showed [5s 7h] and won ($35.50) with a pair of Fives
Seat 2: vitamin168 (button) (small blind) mucked


PokerStars Hand #175414996815:  Hold'em Limit ($3/$6 USD) - 2017/09/09 11:30:43 ET
Table 'Ursula II' 6-max Seat #4 is the button
Seat 4: zizonmusang ($69.29 in chips)
Seat 6: davyyyyyyy ($166.26 in chips)
zizonmusang: posts small blind $1
davyyyyyyy: posts big blind $3
*** HOLE CARDS ***
zizonmusang: raises $3 to $6
davyyyyyyy: calls $3
*** FLOP *** [9h 3c 8h]
davyyyyyyy: checks
zizonmusang: bets $3
davyyyyyyy: raises $3 to $6
zizonmusang: raises $3 to $9
davyyyyyyy: calls $3
*** TURN *** [9h 3c 8h] [6d]
davyyyyyyy: checks
zizonmusang: checks
*** RIVER *** [9h 3c 8h 6d] [4h]
davyyyyyyy: checks
zizonmusang: bets $6
davyyyyyyy: folds
Uncalled bet ($6) returned to zizonmusang
zizonmusang collected $29.50 from pot
zizonmusang: doesn't show hand
*** SUMMARY ***
Total pot $30 | Rake $0.50
Board [9h 3c 8h 6d 4h]
Seat 4: zizonmusang (button) (small blind) collected ($29.50)
Seat 6: davyyyyyyy (big blind) folded on the River


PokerStars Hand #175414990570:  Hold'em Limit ($3/$6 USD) - 2017/09/09 11:30:33 ET
Table 'Ursula II' 6-max Seat #6 is the button
Seat 4: zizonmusang ($72.29 in chips)
Seat 6: davyyyyyyy ($163.26 in chips)
davyyyyyyy: posts small blind $1
Pheno_kat: is sitting out
zizonmusang: posts big blind $3
*** HOLE CARDS ***
davyyyyyyy: raises $3 to $6
Pheno_kat leaves the table
zizonmusang: folds
Uncalled bet ($3) returned to davyyyyyyy
davyyyyyyy collected $6 from pot
*** SUMMARY ***
Total pot $6 | Rake $0
Seat 4: zizonmusang (big blind) folded before Flop
Seat 6: davyyyyyyy (button) (small blind) collected ($6)


PokerStars Hand #175415249881:  Hold'em Limit ($3/$6 USD) - 2017/09/09 11:37:21 ET
Table 'Ursula II' 6-max Seat #4 is the button
Seat 1: Apanage ($35.68 in chips)
Seat 4: zizonmusang ($108.29 in chips)
xcgxcg2005 will be allowed to play after the button
zizonmusang: posts small blind $1
KAKA1: is sitting out
Apanage: posts big blind $3
*** HOLE CARDS ***
zizonmusang: raises $3 to $6
KAKA1 leaves the table
Apanage: folds
Uncalled bet ($3) returned to zizonmusang
zizonmusang collected $6 from pot
zizonmusang: doesn't show hand
*** SUMMARY ***
Total pot $6 | Rake $0
Seat 1: Apanage (big blind) folded before Flop
Seat 4: zizonmusang (button) (small blind) collected ($6)


PokerStars Hand #175415271389:  Hold'em Limit ($3/$6 USD) - 2017/09/09 11:37:54 ET
Table 'Ursula II' 6-max Seat #4 is the button
Seat 3: xcgxcg2005 ($124.64 in chips)
Seat 4: zizonmusang ($108.29 in chips)
zizonmusang: posts small blind $1
Apanage: is sitting out
xcgxcg2005: posts big blind $3
*** HOLE CARDS ***
zizonmusang: raises $3 to $6
xcgxcg2005: raises $3 to $9
zizonmusang: calls $3
*** FLOP *** [9h Qs Ts]
xcgxcg2005: checks
zizonmusang: bets $3
xcgxcg2005: folds
Uncalled bet ($3) returned to zizonmusang
zizonmusang collected $17.64 from pot
zizonmusang: doesn't show hand
*** SUMMARY ***
Total pot $18 | Rake $0.36
Board [9h Qs Ts]
Seat 3: xcgxcg2005 (big blind) folded on the Flop
Seat 4: zizonmusang (button) (small blind) collected ($17.64)


