PokerStars Hand #167386840589:  Hold'em Limit ($3/$6 USD) - 2017/03/10 11:37:33 ET
Table 'Ursula III' 6-max Seat #1 is the button
Seat 1: otto ($122.76 in chips)
Seat 4: Actionni13 ($153 in chips)
otto: posts small blind $1
Actionni13: posts big blind $3
*** HOLE CARDS ***
otto: folds
Uncalled bet ($2) returned to Actionni13
Actionni13 collected $2 from pot
Actionni13: doesn't show hand
*** SUMMARY ***
Total pot $2 | Rake $0
Seat 1: otto (button) (small blind) folded before Flop
Seat 4: Actionni13 (big blind) collected ($2)


PokerStars Hand #167386836138:  Hold'em Limit ($3/$6 USD) - 2017/03/10 11:37:26 ET
Table 'Ursula III' 6-max Seat #4 is the button
Seat 1: otto ($125.76 in chips)
Seat 4: Actionni13 ($150 in chips)
Actionni13: posts small blind $1
otto: posts big blind $3
*** HOLE CARDS ***
Actionni13: raises $3 to $6
otto: folds
Uncalled bet ($3) returned to Actionni13
Actionni13 collected $6 from pot
*** SUMMARY ***
Total pot $6 | Rake $0
Seat 1: otto (big blind) folded before Flop
Seat 4: Actionni13 (button) (small blind) collected ($6)


PokerStars Hand #167386827355:  Hold'em Limit ($3/$6 USD) - 2017/03/10 11:37:14 ET
Table 'Ursula III' 6-max Seat #1 is the button
Seat 1: otto ($120 in chips)
Seat 4: Actionni13 ($150 in chips)
otto: posts small blind $1
Actionni13: posts big blind $3
*** HOLE CARDS ***
otto: raises $3 to $6
Actionni13: calls $3
*** FLOP *** [Ts Jh 8s]
Actionni13: checks
otto: bets $3
Actionni13: folds
Uncalled bet ($3) returned to otto
otto collected $11.76 from pot
otto: doesn't show hand
*** SUMMARY ***
Total pot $12 | Rake $0.24
Board [Ts Jh 8s]
Seat 1: otto (button) (small blind) collected ($11.76)
Seat 4: Actionni13 (big blind) folded on the Flop


PokerStars Hand #167386843959:  Hold'em Limit ($3/$6 USD) - 2017/03/10 11:37:37 ET
Table 'Ursula III' 6-max Seat #4 is the button
Seat 1: otto ($121.76 in chips)
Seat 4: Actionni13 ($154 in chips)
Actionni13: posts small blind $1
otto: posts big blind $3
*** HOLE CARDS ***
Actionni13: raises $3 to $6
otto: calls $3
*** FLOP *** [4d Jh 9d]
otto: checks
Actionni13: bets $3
otto: calls $3
*** TURN *** [4d Jh 9d] [5c]
otto: checks
Actionni13: checks
*** RIVER *** [4d Jh 9d 5c] [2h]
otto: bets $6
Actionni13: calls $6
*** SHOW DOWN ***
otto: shows [Th 6d] (high card Jack)
Actionni13: shows [Kh 2c] (a pair of Deuces)
Actionni13 collected $29.50 from pot
*** SUMMARY ***
Total pot $30 | Rake $0.50
Board [4d Jh 9d 5c 2h]
Seat 1: otto (big blind) showed [Th 6d] and lost with high card Jack
Seat 4: Actionni13 (button) (small blind) showed [Kh 2c] and won ($29.50) with a pair of Deuces


PokerStars Hand #167386893210:  Hold'em Limit ($3/$6 USD) - 2017/03/10 11:38:46 ET
Table 'Ursula III' 6-max Seat #4 is the button
Seat 1: otto ($88.76 in chips)
Seat 4: Actionni13 ($186 in chips)
Actionni13: posts small blind $1
otto: posts big blind $3
*** HOLE CARDS ***
Actionni13: folds
Uncalled bet ($2) returned to otto
otto collected $2 from pot
otto: doesn't show hand
*** SUMMARY ***
Total pot $2 | Rake $0
Seat 1: otto (big blind) collected ($2)
Seat 4: Actionni13 (button) (small blind) folded before Flop


PokerStars Hand #167386864056:  Hold'em Limit ($3/$6 USD) - 2017/03/10 11:38:05 ET
Table 'Ursula III' 6-max Seat #1 is the button
Seat 1: otto ($106.76 in chips)
Seat 4: Actionni13 ($168.50 in chips)
otto: posts small blind $1
Actionni13: posts big blind $3
*** HOLE CARDS ***
otto: raises $3 to $6
Actionni13: raises $3 to $9
ABATAPP joins the table at seat #2
otto: calls $3
*** FLOP *** [Th 9c Tc]
Actionni13: bets $3
otto: calls $3
*** TURN *** [Th 9c Tc] [9h]
Actionni13: bets $6
otto: calls $6
*** RIVER *** [Th 9c Tc 9h] [4d]
Actionni13: bets $6
otto: folds
Uncalled bet ($6) returned to Actionni13
Actionni13 collected $35.50 from pot
Actionni13: doesn't show hand
*** SUMMARY ***
Total pot $36 | Rake $0.50
Board [Th 9c Tc 9h 4d]
Seat 1: otto (button) (small blind) folded on the River
Seat 4: Actionni13 (big blind) collected ($35.50)


PokerStars Hand #167387441792:  Hold'em Limit ($3/$6 USD) - 2017/03/10 11:51:41 ET
Table 'Ursula III' 6-max Seat #4 is the button
Seat 2: ABATAPP ($148.36 in chips)
Seat 4: Actionni13 ($196.51 in chips)
Actionni13: posts small blind $1
Kaukadiginte: is sitting out
ABATAPP: posts big blind $3
*** HOLE CARDS ***
Actionni13: folds
Uncalled bet ($2) returned to ABATAPP
Kaukadiginte leaves the table
ABATAPP collected $2 from pot
ABATAPP: doesn't show hand
*** SUMMARY ***
Total pot $2 | Rake $0
Seat 2: ABATAPP (big blind) collected ($2)
Seat 4: Actionni13 (button) (small blind) folded before Flop


