PokerStars Hand #156094913805:  Hold'em Limit ($3/$6 USD) - 2016/07/17 15:00:45 ET
Table 'Ushakaron' 6-max Seat #6 is the button
Seat 4: VolkovDmitri ($137.28 in chips)
Seat 6: conkris ($102 in chips)
conkris: posts small blind $1
VolkovDmitri: posts big blind $3
*** HOLE CARDS ***
conkris: raises $3 to $6
VolkovDmitri: raises $3 to $9
jackRizzar joins the table at seat #1
conkris: calls $3
*** FLOP *** [Jc 7c 2h]
VolkovDmitri: bets $3
conkris: calls $3
*** TURN *** [Jc 7c 2h] [4s]
VolkovDmitri: bets $6
conkris: calls $6
*** RIVER *** [Jc 7c 2h 4s] [3h]
VolkovDmitri: bets $6
conkris: folds
Uncalled bet ($6) returned to VolkovDmitri
VolkovDmitri collected $35.50 from pot
VolkovDmitri: doesn't show hand
*** SUMMARY ***
Total pot $36 | Rake $0.50
Board [Jc 7c 2h 4s 3h]
Seat 4: VolkovDmitri (big blind) collected ($35.50)
Seat 6: conkris (button) (small blind) folded on the River


PokerStars Hand #156094904188:  Hold'em Limit ($3/$6 USD) - 2016/07/17 15:00:32 ET
Table 'Ushakaron' 6-max Seat #4 is the button
Seat 4: VolkovDmitri ($131.52 in chips)
Seat 6: conkris ($108 in chips)
VolkovDmitri: posts small blind $1
conkris: posts big blind $3
*** HOLE CARDS ***
VolkovDmitri: raises $3 to $6
conkris: calls $3
*** FLOP *** [2c Ah Kd]
conkris: checks
VolkovDmitri: bets $3
conkris: folds
Uncalled bet ($3) returned to VolkovDmitri
VolkovDmitri collected $11.76 from pot
VolkovDmitri: doesn't show hand
*** SUMMARY ***
Total pot $12 | Rake $0.24
Board [2c Ah Kd]
Seat 4: VolkovDmitri (button) (small blind) collected ($11.76)
Seat 6: conkris (big blind) folded on the Flop


PokerStars Hand #156094878970:  Hold'em Limit ($3/$6 USD) - 2016/07/17 14:59:58 ET
Table 'Ushakaron' 6-max Seat #6 is the button
Seat 4: VolkovDmitri ($120 in chips)
Seat 6: conkris ($120 in chips)
conkris: posts small blind $1
VolkovDmitri: posts big blind $3
*** HOLE CARDS ***
conkris: raises $3 to $6
VolkovDmitri: calls $3
*** FLOP *** [8s Td 4h]
VolkovDmitri: checks
conkris: bets $3
VolkovDmitri: raises $3 to $6
conkris: calls $3
*** TURN *** [8s Td 4h] [Kh]
VolkovDmitri: checks
conkris: checks
*** RIVER *** [8s Td 4h Kh] [6c]
VolkovDmitri: bets $6
conkris: folds
Uncalled bet ($6) returned to VolkovDmitri
VolkovDmitri collected $23.52 from pot
VolkovDmitri: doesn't show hand
*** SUMMARY ***
Total pot $24 | Rake $0.48
Board [8s Td 4h Kh 6c]
Seat 4: VolkovDmitri (big blind) collected ($23.52)
Seat 6: conkris (button) (small blind) folded on the River


PokerStars Hand #156094973377:  Hold'em Limit ($3/$6 USD) - 2016/07/17 15:01:59 ET
Table 'Ushakaron' 6-max Seat #6 is the button
Seat 1: jackRizzar ($246.76 in chips)
Seat 6: conkris ($71 in chips)
conkris: posts small blind $1
jackRizzar: posts big blind $3
*** HOLE CARDS ***
conkris: raises $3 to $6
jackRizzar: calls $3
*** FLOP *** [Ah 9c 7s]
jackRizzar: checks
conkris: bets $3
jackRizzar: folds
Uncalled bet ($3) returned to conkris
conkris collected $11.76 from pot
conkris: doesn't show hand
*** SUMMARY ***
Total pot $12 | Rake $0.24
Board [Ah 9c 7s]
Seat 1: jackRizzar (big blind) folded on the Flop
Seat 6: conkris (button) (small blind) collected ($11.76)


PokerStars Hand #156094961607:  Hold'em Limit ($3/$6 USD) - 2016/07/17 15:01:46 ET
Table 'Ushakaron' 6-max Seat #1 is the button
Seat 1: jackRizzar ($241 in chips)
Seat 6: conkris ($77 in chips)
jackRizzar: posts small blind $1
conkris: posts big blind $3
*** HOLE CARDS ***
jackRizzar: raises $3 to $6
conkris: calls $3
*** FLOP *** [9h Jc Ad]
conkris: checks
jackRizzar: bets $3
conkris: folds
Uncalled bet ($3) returned to jackRizzar
jackRizzar collected $11.76 from pot
*** SUMMARY ***
Total pot $12 | Rake $0.24
Board [9h Jc Ad]
Seat 1: jackRizzar (button) (small blind) collected ($11.76)
Seat 6: conkris (big blind) folded on the Flop


PokerStars Hand #156094957358:  Hold'em Limit ($3/$6 USD) - 2016/07/17 15:01:41 ET
Table 'Ushakaron' 6-max Seat #6 is the button
Seat 1: jackRizzar ($240 in chips)
Seat 6: conkris ($78 in chips)
conkris: posts small blind $1
jackRizzar: posts big blind $3
*** HOLE CARDS ***
conkris: folds
Uncalled bet ($2) returned to jackRizzar
VolkovDmitri leaves the table
jackRizzar collected $2 from pot
*** SUMMARY ***
Total pot $2 | Rake $0
Seat 1: jackRizzar (big blind) collected ($2)
Seat 6: conkris (button) (small blind) folded before Flop


PokerStars Hand #156094939356:  Hold'em Limit ($3/$6 USD) - 2016/07/17 15:01:19 ET
Table 'Ushakaron' 6-max Seat #4 is the button
Seat 4: VolkovDmitri ($154.78 in chips)
Seat 6: conkris ($84 in chips)
VolkovDmitri: posts small blind $1
conkris: posts big blind $3
*** HOLE CARDS ***
VolkovDmitri: raises $3 to $6
conkris: calls $3
*** FLOP *** [Ad 8s Js]
conkris: checks
VolkovDmitri: bets $3
conkris: folds
Uncalled bet ($3) returned to VolkovDmitri
VolkovDmitri collected $11.76 from pot
VolkovDmitri: doesn't show hand
*** SUMMARY ***
Total pot $12 | Rake $0.24
Board [Ad 8s Js]
Seat 4: VolkovDmitri (button) (small blind) collected ($11.76)
Seat 6: conkris (big blind) folded on the Flop


PokerStars Hand #156095030431:  Hold'em Limit ($3/$6 USD) - 2016/07/17 15:03:01 ET
Table 'Ushakaron' 6-max Seat #6 is the button
Seat 1: jackRizzar ($222.51 in chips)
Seat 6: conkris ($93.79 in chips)
conkris: posts small blind $1
jackRizzar: posts big blind $3
*** HOLE CARDS ***
conkris: raises $3 to $6
jackRizzar: calls $3
*** FLOP *** [7d 8h 7s]
jackRizzar: checks
conkris: bets $3
jackRizzar: folds
Uncalled bet ($3) returned to conkris
conkris collected $11.76 from pot
conkris: doesn't show hand
*** SUMMARY ***
Total pot $12 | Rake $0.24
Board [7d 8h 7s]
Seat 1: jackRizzar (big blind) folded on the Flop
Seat 6: conkris (button) (small blind) collected ($11.76)


PokerStars Hand #156095018516:  Hold'em Limit ($3/$6 USD) - 2016/07/17 15:02:48 ET
Table 'Ushakaron' 6-max Seat #1 is the button
Seat 1: jackRizzar ($231.51 in chips)
Seat 6: conkris ($85.15 in chips)
jackRizzar: posts small blind $1
conkris: posts big blind $3
*** HOLE CARDS ***
jackRizzar: raises $3 to $6
conkris: raises $3 to $9
jackRizzar: calls $3
*** FLOP *** [4s 4h Qh]
conkris: bets $3
jackRizzar: folds
Uncalled bet ($3) returned to conkris
conkris collected $17.64 from pot
conkris: doesn't show hand
*** SUMMARY ***
Total pot $18 | Rake $0.36
Board [4s 4h Qh]
Seat 1: jackRizzar (button) (small blind) folded on the Flop
Seat 6: conkris (big blind) collected ($17.64)


PokerStars Hand #156094996257:  Hold'em Limit ($3/$6 USD) - 2016/07/17 15:02:26 ET
Table 'Ushakaron' 6-max Seat #6 is the button
Seat 1: jackRizzar ($231.76 in chips)
Seat 6: conkris ($85.40 in chips)
conkris: posts small blind $1
jackRizzar: posts big blind $3
*** HOLE CARDS ***
conkris: raises $3 to $6
jackRizzar: calls $3
*** FLOP *** [7h Qc Td]
jackRizzar: checks
conkris: bets $3
jackRizzar: raises $3 to $6
conkris: calls $3
*** TURN *** [7h Qc Td] [As]
jackRizzar: bets $6
conkris: calls $6
*** RIVER *** [7h Qc Td As] [9d]
jackRizzar: bets $6
conkris: calls $6
*** SHOW DOWN ***
jackRizzar: shows [Qs 3s] (a pair of Queens)
conkris: shows [Qh 8h] (a pair of Queens)
jackRizzar collected $23.75 from pot
conkris collected $23.75 from pot
*** SUMMARY ***
Total pot $48 | Rake $0.50
Board [7h Qc Td As 9d]
Seat 1: jackRizzar (big blind) showed [Qs 3s] and won ($23.75) with a pair of Queens
Seat 6: conkris (button) (small blind) showed [Qh 8h] and won ($23.75) with a pair of Queens


PokerStars Hand #156094983630:  Hold'em Limit ($3/$6 USD) - 2016/07/17 15:02:11 ET
Table 'Ushakaron' 6-max Seat #1 is the button
Seat 1: jackRizzar ($240.76 in chips)
Seat 6: conkris ($76.76 in chips)
jackRizzar: posts small blind $1
conkris: posts big blind $3
*** HOLE CARDS ***
jackRizzar: raises $3 to $6
conkris: calls $3
*** FLOP *** [As Ah 8d]
conkris: checks
jackRizzar: bets $3
conkris: raises $3 to $6
jackRizzar: folds
Uncalled bet ($3) returned to conkris
conkris collected $17.64 from pot
conkris: doesn't show hand
*** SUMMARY ***
Total pot $18 | Rake $0.36
Board [As Ah 8d]
Seat 1: jackRizzar (button) (small blind) folded on the Flop
Seat 6: conkris (big blind) collected ($17.64)


PokerStars Hand #156095097174:  Hold'em Limit ($3/$6 USD) - 2016/07/17 15:04:07 ET
Table 'Ushakaron' 6-max Seat #6 is the button
Seat 1: jackRizzar ($212.33 in chips)
Seat 6: conkris ($103.01 in chips)
conkris: posts small blind $1
jackRizzar: posts big blind $3
*** HOLE CARDS ***
conkris: folds
Uncalled bet ($2) returned to jackRizzar
jackRizzar collected $2 from pot
*** SUMMARY ***
Total pot $2 | Rake $0
Seat 1: jackRizzar (big blind) collected ($2)
Seat 6: conkris (button) (small blind) folded before Flop


PokerStars Hand #156095090514:  Hold'em Limit ($3/$6 USD) - 2016/07/17 15:04:00 ET
Table 'Ushakaron' 6-max Seat #1 is the button
Seat 1: jackRizzar ($209.33 in chips)
Seat 6: conkris ($106.01 in chips)
jackRizzar: posts small blind $1
conkris: posts big blind $3
*** HOLE CARDS ***
jackRizzar: raises $3 to $6
conkris: folds
Uncalled bet ($3) returned to jackRizzar
jackRizzar collected $6 from pot
*** SUMMARY ***
Total pot $6 | Rake $0
Seat 1: jackRizzar (button) (small blind) collected ($6)
Seat 6: conkris (big blind) folded before Flop


PokerStars Hand #156095086136:  Hold'em Limit ($3/$6 USD) - 2016/07/17 15:03:56 ET
Table 'Ushakaron' 6-max Seat #6 is the button
Seat 1: jackRizzar ($208.33 in chips)
Seat 6: conkris ($107.01 in chips)
conkris: posts small blind $1
jackRizzar: posts big blind $3
*** HOLE CARDS ***
conkris: folds
Uncalled bet ($2) returned to jackRizzar
jackRizzar collected $2 from pot
*** SUMMARY ***
Total pot $2 | Rake $0
Seat 1: jackRizzar (big blind) collected ($2)
Seat 6: conkris (button) (small blind) folded before Flop


PokerStars Hand #156095073192:  Hold'em Limit ($3/$6 USD) - 2016/07/17 15:03:43 ET
Table 'Ushakaron' 6-max Seat #1 is the button
Seat 1: jackRizzar ($217.33 in chips)
Seat 6: conkris ($98.37 in chips)
jackRizzar: posts small blind $1
conkris: posts big blind $3
*** HOLE CARDS ***
jackRizzar: raises $3 to $6
conkris: raises $3 to $9
jackRizzar: calls $3
*** FLOP *** [Qs 9c 6d]
conkris: bets $3
jackRizzar: folds
Uncalled bet ($3) returned to conkris
conkris collected $17.64 from pot
conkris: doesn't show hand
*** SUMMARY ***
Total pot $18 | Rake $0.36
Board [Qs 9c 6d]
Seat 1: jackRizzar (button) (small blind) folded on the Flop
Seat 6: conkris (big blind) collected ($17.64)


PokerStars Hand #156095068750:  Hold'em Limit ($3/$6 USD) - 2016/07/17 15:03:38 ET
Table 'Ushakaron' 6-max Seat #6 is the button
Seat 1: jackRizzar ($216.33 in chips)
Seat 6: conkris ($99.37 in chips)
conkris: posts small blind $1
jackRizzar: posts big blind $3
*** HOLE CARDS ***
conkris: folds
Uncalled bet ($2) returned to jackRizzar
jackRizzar collected $2 from pot
*** SUMMARY ***
Total pot $2 | Rake $0
Seat 1: jackRizzar (big blind) collected ($2)
Seat 6: conkris (button) (small blind) folded before Flop


PokerStars Hand #156095043396:  Hold'em Limit ($3/$6 USD) - 2016/07/17 15:03:14 ET
Table 'Ushakaron' 6-max Seat #1 is the button
Seat 1: jackRizzar ($216.51 in chips)
Seat 6: conkris ($99.55 in chips)
jackRizzar: posts small blind $1
conkris: posts big blind $3
*** HOLE CARDS ***
jackRizzar: raises $3 to $6
conkris: calls $3
*** FLOP *** [7d 7s Kc]
conkris: checks
jackRizzar: bets $3
conkris: calls $3
*** TURN *** [7d 7s Kc] [Ad]
conkris: checks
jackRizzar: checks
*** RIVER *** [7d 7s Kc Ad] [Ah]
conkris: checks
jackRizzar: checks
*** SHOW DOWN ***
conkris: shows [Th Qs] (two pair, Aces and Sevens)
jackRizzar: shows [Td 3h] (two pair, Aces and Sevens)
conkris collected $8.82 from pot
jackRizzar collected $8.82 from pot
*** SUMMARY ***
Total pot $18 | Rake $0.36
Board [7d 7s Kc Ad Ah]
Seat 1: jackRizzar (button) (small blind) showed [Td 3h] and won ($8.82) with two pair, Aces and Sevens
Seat 6: conkris (big blind) showed [Th Qs] and won ($8.82) with two pair, Aces and Sevens


PokerStars Hand #156095133750:  Hold'em Limit ($3/$6 USD) - 2016/07/17 15:04:45 ET
Table 'Ushakaron' 6-max Seat #6 is the button
Seat 1: jackRizzar ($208.33 in chips)
Seat 6: conkris ($106.65 in chips)
conkris: posts small blind $1
jackRizzar: posts big blind $3
*** HOLE CARDS ***
conkris: raises $3 to $6
jackRizzar: calls $3
*** FLOP *** [Qs 3c Ks]
jackRizzar: checks
conkris: bets $3
jackRizzar: raises $3 to $6
conkris: calls $3
*** TURN *** [Qs 3c Ks] [Ts]
jackRizzar: bets $6
conkris: calls $6
*** RIVER *** [Qs 3c Ks Ts] [9h]
jackRizzar: checks
conkris: bets $6
jackRizzar: calls $6
*** SHOW DOWN ***
conkris: shows [Kc Qc] (two pair, Kings and Queens)
jackRizzar: mucks hand
conkris collected $47.50 from pot
*** SUMMARY ***
Total pot $48 | Rake $0.50
Board [Qs 3c Ks Ts 9h]
Seat 1: jackRizzar (big blind) mucked
Seat 6: conkris (button) (small blind) showed [Kc Qc] and won ($47.50) with two pair, Kings and Queens


PokerStars Hand #156095128668:  Hold'em Limit ($3/$6 USD) - 2016/07/17 15:04:40 ET
Table 'Ushakaron' 6-max Seat #1 is the button
Seat 1: jackRizzar ($205.33 in chips)
Seat 6: conkris ($109.65 in chips)
jackRizzar: posts small blind $1
conkris: posts big blind $3
*** HOLE CARDS ***
jackRizzar: raises $3 to $6
conkris: folds
Uncalled bet ($3) returned to jackRizzar
jackRizzar collected $6 from pot
*** SUMMARY ***
Total pot $6 | Rake $0
Seat 1: jackRizzar (button) (small blind) collected ($6)
Seat 6: conkris (big blind) folded before Flop


PokerStars Hand #156095124149:  Hold'em Limit ($3/$6 USD) - 2016/07/17 15:04:36 ET
Table 'Ushakaron' 6-max Seat #6 is the button
Seat 1: jackRizzar ($204.33 in chips)
Seat 6: conkris ($110.65 in chips)
conkris: posts small blind $1
jackRizzar: posts big blind $3
*** HOLE CARDS ***
conkris: folds
Uncalled bet ($2) returned to jackRizzar
jackRizzar collected $2 from pot
*** SUMMARY ***
Total pot $2 | Rake $0
Seat 1: jackRizzar (big blind) collected ($2)
Seat 6: conkris (button) (small blind) folded before Flop


PokerStars Hand #156095101746:  Hold'em Limit ($3/$6 USD) - 2016/07/17 15:04:13 ET
Table 'Ushakaron' 6-max Seat #1 is the button
Seat 1: jackRizzar ($213.33 in chips)
Seat 6: conkris ($102.01 in chips)
jackRizzar: posts small blind $1
conkris: posts big blind $3
*** HOLE CARDS ***
jackRizzar: raises $3 to $6
conkris: calls $3
*** FLOP *** [5d 8s Ac]
conkris: checks
jackRizzar: bets $3
conkris: calls $3
*** TURN *** [5d 8s Ac] [6d]
conkris: checks
jackRizzar: checks
*** RIVER *** [5d 8s Ac 6d] [Qc]
conkris: bets $6
jackRizzar: folds
Uncalled bet ($6) returned to conkris
conkris collected $17.64 from pot
conkris: doesn't show hand
*** SUMMARY ***
Total pot $18 | Rake $0.36
Board [5d 8s Ac 6d Qc]
Seat 1: jackRizzar (button) (small blind) folded on the River
Seat 6: conkris (big blind) collected ($17.64)


PokerStars Hand #156095163106:  Hold'em Limit ($3/$6 USD) - 2016/07/17 15:05:14 ET
Table 'Ushakaron' 6-max Seat #1 is the button
Seat 1: jackRizzar ($184.33 in chips)
Seat 6: conkris ($130.15 in chips)
jackRizzar: posts small blind $1
conkris: posts big blind $3
*** HOLE CARDS ***
jackRizzar: raises $3 to $6
conkris: calls $3
*** FLOP *** [5s 9d 3h]
conkris: bets $3
jackRizzar: calls $3
*** TURN *** [5s 9d 3h] [Qs]
conkris: bets $6
jackRizzar: folds
Uncalled bet ($6) returned to conkris
conkris collected $17.64 from pot
conkris: doesn't show hand
*** SUMMARY ***
Total pot $18 | Rake $0.36
Board [5s 9d 3h Qs]
Seat 1: jackRizzar (button) (small blind) folded on the Turn
Seat 6: conkris (big blind) collected ($17.64)


