PokerStars Hand #152468765232:  Hold'em Limit ($3/$6 USD) - 2016/04/26 9:04:21 ET
Table 'Ushakaron II' 6-max Seat #3 is the button
Seat 3: LikeLenz ($37.81 in chips)
Seat 4: Agrotait ($72 in chips)
LikeLenz: posts small blind $1
Ale4o joins the table at seat #5
Agrotait: posts big blind $3
*** HOLE CARDS ***
LikeLenz: calls $2
Agrotait: checks
*** FLOP *** [2d Ah 4d]
Agrotait: bets $3
LikeLenz: calls $3
*** TURN *** [2d Ah 4d] [5s]
Agrotait: bets $6
LikeLenz: raises $6 to $12
Agrotait: raises $6 to $18
LikeLenz: calls $6
*** RIVER *** [2d Ah 4d 5s] [4s]
Agrotait: bets $6
LikeLenz: raises $6 to $12
Agrotait: calls $6
*** SHOW DOWN ***
LikeLenz: shows [4c 2c] (a full house, Fours full of Deuces)
Agrotait: mucks hand
LikeLenz collected $71.50 from pot
*** SUMMARY ***
Total pot $72 | Rake $0.50
Board [2d Ah 4d 5s 4s]
Seat 3: LikeLenz (button) (small blind) showed [4c 2c] and won ($71.50) with a full house, Fours full of Deuces
Seat 4: Agrotait (big blind) mucked


PokerStars Hand #152469194126:  Hold'em Limit ($3/$6 USD) - 2016/04/26 9:16:04 ET
Table 'Ushakaron II' 6-max Seat #4 is the button
Seat 3: LikeLenz ($65.50 in chips)
Seat 4: Agrotait ($77.76 in chips)
Agrotait: posts small blind $1
LikeLenz: posts big blind $3
*** HOLE CARDS ***
Agrotait: raises $3 to $6
LikeLenz: calls $3
*** FLOP *** [Kh Th 4d]
LikeLenz: checks
Agrotait: bets $3
LikeLenz: calls $3
*** TURN *** [Kh Th 4d] [8c]
LikeLenz: checks
Agrotait: checks
*** RIVER *** [Kh Th 4d 8c] [2h]
LikeLenz: bets $6
Agrotait: folds
Uncalled bet ($6) returned to LikeLenz
LikeLenz collected $17.64 from pot
*** SUMMARY ***
Total pot $18 | Rake $0.36
Board [Kh Th 4d 8c 2h]
Seat 3: LikeLenz (big blind) collected ($17.64)
Seat 4: Agrotait (button) (small blind) folded on the River


PokerStars Hand #152469201580:  Hold'em Limit ($3/$6 USD) - 2016/04/26 9:16:17 ET
Table 'Ushakaron II' 6-max Seat #3 is the button
Seat 3: LikeLenz ($74.14 in chips)
Seat 4: Agrotait ($68.76 in chips)
LikeLenz: posts small blind $1
Agrotait: posts big blind $3
*** HOLE CARDS ***
LikeLenz: calls $2
Agrotait: raises $3 to $6
LikeLenz: calls $3
*** FLOP *** [5c Ac 8h]
Agrotait: bets $3
LikeLenz: raises $3 to $6
Agrotait: calls $3
*** TURN *** [5c Ac 8h] [5h]
Agrotait: checks
LikeLenz: bets $6
Agrotait: calls $6
*** RIVER *** [5c Ac 8h 5h] [6c]
Agrotait: checks
LikeLenz: bets $6
Agrotait: raises $6 to $12
LikeLenz: folds
Uncalled bet ($6) returned to Agrotait
Agrotait collected $47.50 from pot
Agrotait: doesn't show hand
*** SUMMARY ***
Total pot $48 | Rake $0.50
Board [5c Ac 8h 5h 6c]
Seat 3: LikeLenz (button) (small blind) folded on the River
Seat 4: Agrotait (big blind) collected ($47.50)


PokerStars Hand #152469221116:  Hold'em Limit ($3/$6 USD) - 2016/04/26 9:16:49 ET
Table 'Ushakaron II' 6-max Seat #4 is the button
Seat 3: LikeLenz ($50.14 in chips)
Seat 4: Agrotait ($92.26 in chips)
Agrotait: posts small blind $1
LikeLenz: posts big blind $3
*** HOLE CARDS ***
Agrotait: raises $3 to $6
LikeLenz: calls $3
*** FLOP *** [Tc Kc 5d]
LikeLenz: checks
Agrotait: bets $3
LikeLenz: calls $3
*** TURN *** [Tc Kc 5d] [Qh]
LikeLenz: checks
Agrotait: checks
*** RIVER *** [Tc Kc 5d Qh] [6c]
LikeLenz: bets $6
Agrotait: calls $6
*** SHOW DOWN ***
LikeLenz: shows [Ks 5c] (two pair, Kings and Fives)
Agrotait: mucks hand
LikeLenz collected $29.50 from pot
*** SUMMARY ***
Total pot $30 | Rake $0.50
Board [Tc Kc 5d Qh 6c]
Seat 3: LikeLenz (big blind) showed [Ks 5c] and won ($29.50) with two pair, Kings and Fives
Seat 4: Agrotait (button) (small blind) mucked


PokerStars Hand #152469229095:  Hold'em Limit ($3/$6 USD) - 2016/04/26 9:17:03 ET
Table 'Ushakaron II' 6-max Seat #3 is the button
Seat 3: LikeLenz ($64.64 in chips)
Seat 4: Agrotait ($77.26 in chips)
LikeLenz: posts small blind $1
Agrotait: posts big blind $3
*** HOLE CARDS ***
harrydonkey joins the table at seat #1
LikeLenz: calls $2
Agrotait: checks
*** FLOP *** [5h Jh 8c]
Agrotait: checks
LikeLenz: checks
*** TURN *** [5h Jh 8c] [Jd]
Agrotait: bets $6
LikeLenz: folds
Uncalled bet ($6) returned to Agrotait
Agrotait collected $5.88 from pot
Agrotait: doesn't show hand
*** SUMMARY ***
Total pot $6 | Rake $0.12
Board [5h Jh 8c Jd]
Seat 3: LikeLenz (button) (small blind) folded on the Turn
Seat 4: Agrotait (big blind) collected ($5.88)


PokerStars Hand #152469399788:  Hold'em Limit ($3/$6 USD) - 2016/04/26 9:21:44 ET
Table 'Ushakaron II' 6-max Seat #3 is the button
Seat 2: oliwan ($117.37 in chips)
Seat 3: assitoni ($120 in chips)
assitoni: posts small blind $1
oliwan: posts big blind $3
*** HOLE CARDS ***
assitoni: folds
Uncalled bet ($2) returned to oliwan
oliwan collected $2 from pot
*** SUMMARY ***
Total pot $2 | Rake $0
Seat 2: oliwan (big blind) collected ($2)
Seat 3: assitoni (button) (small blind) folded before Flop


PokerStars Hand #152469404177:  Hold'em Limit ($3/$6 USD) - 2016/04/26 9:21:51 ET
Table 'Ushakaron II' 6-max Seat #2 is the button
Seat 2: oliwan ($118.37 in chips)
Seat 3: assitoni ($119 in chips)
oliwan: posts small blind $1
assitoni: posts big blind $3
*** HOLE CARDS ***
oliwan: raises $3 to $6
LikeLenz joins the table at seat #4
assitoni: folds
Uncalled bet ($3) returned to oliwan
oliwan collected $6 from pot
*** SUMMARY ***
Total pot $6 | Rake $0
Seat 2: oliwan (button) (small blind) collected ($6)
Seat 3: assitoni (big blind) folded before Flop


PokerStars Hand #152469521162:  Hold'em Limit ($3/$6 USD) - 2016/04/26 9:25:02 ET
Table 'Ushakaron II' 6-max Seat #3 is the button
Seat 2: oliwan ($345.12 in chips)
Seat 3: assitoni ($116 in chips)
assitoni: posts small blind $1
oliwan: posts big blind $3
*** HOLE CARDS ***
assitoni: folds
Uncalled bet ($2) returned to oliwan
oliwan collected $2 from pot
*** SUMMARY ***
Total pot $2 | Rake $0
Seat 2: oliwan (big blind) collected ($2)
Seat 3: assitoni (button) (small blind) folded before Flop


PokerStars Hand #152469517694:  Hold'em Limit ($3/$6 USD) - 2016/04/26 9:24:57 ET
Table 'Ushakaron II' 6-max Seat #2 is the button
Seat 2: oliwan ($346.12 in chips)
Seat 3: assitoni ($115 in chips)
oliwan: posts small blind $1
assitoni: posts big blind $3
*** HOLE CARDS ***
oliwan: folds
Uncalled bet ($2) returned to assitoni
assitoni collected $2 from pot
assitoni: doesn't show hand
*** SUMMARY ***
Total pot $2 | Rake $0
Seat 2: oliwan (button) (small blind) folded before Flop
Seat 3: assitoni (big blind) collected ($2)


PokerStars Hand #152469525210:  Hold'em Limit ($3/$6 USD) - 2016/04/26 9:25:09 ET
Table 'Ushakaron II' 6-max Seat #2 is the button
Seat 2: oliwan ($346.12 in chips)
Seat 3: assitoni ($115 in chips)
oliwan: posts small blind $1
LikeLenz leaves the table
assitoni: posts big blind $3
*** HOLE CARDS ***
oliwan: folds
Uncalled bet ($2) returned to assitoni
assitoni collected $2 from pot
assitoni: doesn't show hand
*** SUMMARY ***
Total pot $2 | Rake $0
Seat 2: oliwan (button) (small blind) folded before Flop
Seat 3: assitoni (big blind) collected ($2)


PokerStars Hand #152472583493:  Hold'em Limit ($3/$6 USD) - 2016/04/26 10:46:23 ET
Table 'Ushakaron II' 6-max Seat #5 is the button
Seat 3: HAL9QQQ ($124.37 in chips)
Seat 5: ABATAPP ($68.96 in chips)
ABATAPP: posts small blind $1
kolaz03: is sitting out
HAL9QQQ: posts big blind $3
*** HOLE CARDS ***
kolaz03 leaves the table
ABATAPP: raises $3 to $6
HAL9QQQ: folds
Uncalled bet ($3) returned to ABATAPP
ABATAPP collected $6 from pot
ABATAPP: doesn't show hand
*** SUMMARY ***
Total pot $6 | Rake $0
Seat 3: HAL9QQQ (big blind) folded before Flop
Seat 5: ABATAPP (button) (small blind) collected ($6)


