PokerStars Hand #150370558531:  Hold'em Limit ($3/$6 USD) - 2016/03/14 21:22:40 ET
Table 'Ushakaron' 6-max Seat #1 is the button
Seat 1: Zubasa07 ($499.64 in chips)
Seat 3: $i1ver ($29.64 in chips)
Zubasa07: posts small blind $1
$i1ver: posts big blind $3
*** HOLE CARDS ***
Zubasa07: raises $3 to $6
$i1ver: calls $3
*** FLOP *** [Jh 3h 2d]
$i1ver: checks
Zubasa07: bets $3
$i1ver: calls $3
*** TURN *** [Jh 3h 2d] [4c]
$i1ver: checks
Zubasa07: checks
*** RIVER *** [Jh 3h 2d 4c] [Ac]
$i1ver: bets $6
Zubasa07: calls $6
*** SHOW DOWN ***
$i1ver: shows [6d Kc] (high card Ace)
Zubasa07: shows [Kh Th] (high card Ace - King+Jack+Ten kicker)
Zubasa07 collected $29.50 from pot
*** SUMMARY ***
Total pot $30 | Rake $0.50
Board [Jh 3h 2d 4c Ac]
Seat 1: Zubasa07 (button) (small blind) showed [Kh Th] and won ($29.50) with high card Ace
Seat 3: $i1ver (big blind) showed [6d Kc] and lost with high card Ace


PokerStars Hand #150370575098:  Hold'em Limit ($3/$6 USD) - 2016/03/14 21:23:12 ET
Table 'Ushakaron' 6-max Seat #3 is the button
Seat 1: Zubasa07 ($514.14 in chips)
Seat 3: $i1ver ($14.64 in chips)
$i1ver: posts small blind $1
Zubasa07: posts big blind $3
*** HOLE CARDS ***
$i1ver: raises $3 to $6
Zubasa07: raises $3 to $9
$i1ver: raises $3 to $12
Betting is capped
Zubasa07: calls $3
*** FLOP *** [7c 7d 3s]
Zubasa07: bets $3
$i1ver: calls $2.64 and is all-in
Uncalled bet ($0.36) returned to Zubasa07
*** TURN *** [7c 7d 3s] [Qc]
*** RIVER *** [7c 7d 3s Qc] [6c]
*** SHOW DOWN ***
Zubasa07: shows [Ac Ts] (a pair of Sevens)
$i1ver: mucks hand
Zubasa07 collected $28.78 from pot
*** SUMMARY ***
Total pot $29.28 | Rake $0.50
Board [7c 7d 3s Qc 6c]
Seat 1: Zubasa07 (big blind) showed [Ac Ts] and won ($28.78) with a pair of Sevens
Seat 3: $i1ver (button) (small blind) mucked


PokerStars Hand #150370597004:  Hold'em Limit ($3/$6 USD) - 2016/03/14 21:23:56 ET
Table 'Ushakaron' 6-max Seat #1 is the button
Seat 1: Zubasa07 ($528.28 in chips)
Seat 3: $i1ver ($30 in chips)
Zubasa07: posts small blind $1
$i1ver: posts big blind $3
*** HOLE CARDS ***
Zubasa07: raises $3 to $6
$i1ver: raises $3 to $9
Zubasa07: calls $3
*** FLOP *** [6d 8h 6s]
$i1ver: bets $3
Zubasa07: calls $3
*** TURN *** [6d 8h 6s] [9s]
$i1ver: bets $6
Zubasa07: calls $6
*** RIVER *** [6d 8h 6s 9s] [7c]
$i1ver: bets $6
Zubasa07: folds
Uncalled bet ($6) returned to $i1ver
$i1ver collected $35.50 from pot
$i1ver: doesn't show hand
*** SUMMARY ***
Total pot $36 | Rake $0.50
Board [6d 8h 6s 9s 7c]
Seat 1: Zubasa07 (button) (small blind) folded on the River
Seat 3: $i1ver (big blind) collected ($35.50)


PokerStars Hand #150370633029:  Hold'em Limit ($3/$6 USD) - 2016/03/14 21:25:07 ET
Table 'Ushakaron' 6-max Seat #1 is the button
Seat 1: Zubasa07 ($486.28 in chips)
Seat 3: $i1ver ($71 in chips)
Zubasa07: posts small blind $1
$i1ver: posts big blind $3
*** HOLE CARDS ***
Zubasa07: raises $3 to $6
$i1ver: raises $3 to $9
Zubasa07: calls $3
*** FLOP *** [9h As 8c]
$i1ver: checks
Zubasa07: checks
*** TURN *** [9h As 8c] [2c]
$i1ver: checks
Zubasa07: checks
*** RIVER *** [9h As 8c 2c] [5h]
$i1ver: bets $6
Zubasa07: folds
Uncalled bet ($6) returned to $i1ver
$i1ver collected $17.64 from pot
$i1ver: doesn't show hand
*** SUMMARY ***
Total pot $18 | Rake $0.36
Board [9h As 8c 2c 5h]
Seat 1: Zubasa07 (button) (small blind) folded on the River
Seat 3: $i1ver (big blind) collected ($17.64)


PokerStars Hand #150370621319:  Hold'em Limit ($3/$6 USD) - 2016/03/14 21:24:45 ET
Table 'Ushakaron' 6-max Seat #3 is the button
Seat 1: Zubasa07 ($510.28 in chips)
Seat 3: $i1ver ($47.50 in chips)
$i1ver: posts small blind $1
Zubasa07: posts big blind $3
*** HOLE CARDS ***
JayEm82 joins the table at seat #4
$i1ver: calls $2
Zubasa07: checks
*** FLOP *** [5c Js 7d]
Zubasa07: bets $3
$i1ver: calls $3
*** TURN *** [5c Js 7d] [9c]
Zubasa07: bets $6
$i1ver: calls $6
*** RIVER *** [5c Js 7d 9c] [Qs]
Zubasa07: bets $6
$i1ver: raises $6 to $12
Zubasa07: calls $6
*** SHOW DOWN ***
$i1ver: shows [Jd 5s] (two pair, Jacks and Fives)
Zubasa07: mucks hand
$i1ver collected $47.50 from pot
*** SUMMARY ***
Total pot $48 | Rake $0.50
Board [5c Js 7d 9c Qs]
Seat 1: Zubasa07 (big blind) mucked
Seat 3: $i1ver (button) (small blind) showed [Jd 5s] and won ($47.50) with two pair, Jacks and Fives


PokerStars Hand #150372198450:  Hold'em Limit ($3/$6 USD) - 2016/03/14 22:23:07 ET
Table 'Ushakaron' 6-max Seat #3 is the button
Seat 3: thekiing80 ($135.35 in chips)
Seat 4: JayEm82 ($319.22 in chips)
thekiing80: posts small blind $1
JayEm82: posts big blind $3
*** HOLE CARDS ***
thekiing80: folds
Uncalled bet ($2) returned to JayEm82
JayEm82 collected $2 from pot
JayEm82: doesn't show hand
*** SUMMARY ***
Total pot $2 | Rake $0
Seat 3: thekiing80 (button) (small blind) folded before Flop
Seat 4: JayEm82 (big blind) collected ($2)


PokerStars Hand #150372191095:  Hold'em Limit ($3/$6 USD) - 2016/03/14 22:22:49 ET
Table 'Ushakaron' 6-max Seat #4 is the button
Seat 3: thekiing80 ($134.35 in chips)
Seat 4: JayEm82 ($320.22 in chips)
JayEm82: posts small blind $1
thekiing80: posts big blind $3
*** HOLE CARDS ***
JayEm82: folds
Uncalled bet ($2) returned to thekiing80
thekiing80 collected $2 from pot
thekiing80: doesn't show hand
*** SUMMARY ***
Total pot $2 | Rake $0
Seat 3: thekiing80 (big blind) collected ($2)
Seat 4: JayEm82 (button) (small blind) folded before Flop


PokerStars Hand #150372200462:  Hold'em Limit ($3/$6 USD) - 2016/03/14 22:23:12 ET
Table 'Ushakaron' 6-max Seat #4 is the button
Seat 3: thekiing80 ($134.35 in chips)
Seat 4: JayEm82 ($320.22 in chips)
JayEm82: posts small blind $1
thekiing80: posts big blind $3
*** HOLE CARDS ***
JayEm82: folds
Uncalled bet ($2) returned to thekiing80
$i1ver leaves the table
thekiing80 collected $2 from pot
thekiing80: doesn't show hand
*** SUMMARY ***
Total pot $2 | Rake $0
Seat 3: thekiing80 (big blind) collected ($2)
Seat 4: JayEm82 (button) (small blind) folded before Flop


