PokerStars Hand #149087852706:  Hold'em Limit ($3/$6 USD) - 2016/02/19 17:42:06 ET
Table 'Ushakaron' 10-max Seat #10 is the button
Seat 7: Pandakey ($125.64 in chips)
Seat 10: msanyi ($24 in chips)
msanyi: posts small blind $1
Pandakey: posts big blind $3
*** HOLE CARDS ***
msanyi: raises $3 to $6
Pandakey: calls $3
*** FLOP *** [Qh 9h 8h]
Pandakey: checks
msanyi: checks
*** TURN *** [Qh 9h 8h] [Ts]
Pandakey: checks
msanyi: bets $6
Pandakey: calls $6
*** RIVER *** [Qh 9h 8h Ts] [Ah]
Pandakey: bets $6
msanyi: calls $6
*** SHOW DOWN ***
Pandakey: shows [7h 5s] (a flush, Ace high)
msanyi: mucks hand
Pandakey collected $35.50 from pot
*** SUMMARY ***
Total pot $36 | Rake $0.50
Board [Qh 9h 8h Ts Ah]
Seat 7: Pandakey (big blind) showed [7h 5s] and won ($35.50) with a flush, Ace high
Seat 10: msanyi (button) (small blind) mucked


PokerStars Hand #149087872631:  Hold'em Limit ($3/$6 USD) - 2016/02/19 17:42:27 ET
Table 'Ushakaron' 10-max Seat #7 is the button
Seat 7: Pandakey ($143.14 in chips)
Seat 10: msanyi ($6 in chips)
Pandakey: posts small blind $1
msanyi: posts big blind $3
*** HOLE CARDS ***
Pandakey: folds
Uncalled bet ($2) returned to msanyi
msanyi collected $2 from pot
msanyi: doesn't show hand
*** SUMMARY ***
Total pot $2 | Rake $0
Seat 7: Pandakey (button) (small blind) folded before Flop
Seat 10: msanyi (big blind) collected ($2)


PokerStars Hand #149087885845:  Hold'em Limit ($3/$6 USD) - 2016/02/19 17:42:41 ET
Table 'Ushakaron' 10-max Seat #7 is the button
Seat 7: Pandakey ($143.14 in chips)
Seat 10: msanyi ($6 in chips)
Pandakey: posts small blind $1
msanyi: posts big blind $3
*** HOLE CARDS ***
Pandakey: folds
Uncalled bet ($2) returned to msanyi
msanyi collected $2 from pot
msanyi: doesn't show hand
*** SUMMARY ***
Total pot $2 | Rake $0
Seat 7: Pandakey (button) (small blind) folded before Flop
Seat 10: msanyi (big blind) collected ($2)


PokerStars Hand #149087880828:  Hold'em Limit ($3/$6 USD) - 2016/02/19 17:42:36 ET
Table 'Ushakaron' 10-max Seat #10 is the button
Seat 7: Pandakey ($142.14 in chips)
Seat 10: msanyi ($7 in chips)
msanyi: posts small blind $1
Pandakey: posts big blind $3
*** HOLE CARDS ***
msanyi: folds
Uncalled bet ($2) returned to Pandakey
Pandakey collected $2 from pot
Pandakey: doesn't show hand
*** SUMMARY ***
Total pot $2 | Rake $0
Seat 7: Pandakey (big blind) collected ($2)
Seat 10: msanyi (button) (small blind) folded before Flop


PokerStars Hand #149087890985:  Hold'em Limit ($3/$6 USD) - 2016/02/19 17:42:46 ET
Table 'Ushakaron' 10-max Seat #10 is the button
Seat 7: Pandakey ($142.14 in chips)
Seat 10: msanyi ($7 in chips)
msanyi: posts small blind $1
Pandakey: posts big blind $3
*** HOLE CARDS ***
msanyi: folds
Uncalled bet ($2) returned to Pandakey
Pandakey collected $2 from pot
Pandakey: doesn't show hand
*** SUMMARY ***
Total pot $2 | Rake $0
Seat 7: Pandakey (big blind) collected ($2)
Seat 10: msanyi (button) (small blind) folded before Flop


PokerStars Hand #149087895479:  Hold'em Limit ($3/$6 USD) - 2016/02/19 17:42:51 ET
Table 'Ushakaron' 10-max Seat #7 is the button
Seat 7: Pandakey ($143.14 in chips)
Seat 10: msanyi ($6 in chips)
Pandakey: posts small blind $1
msanyi: posts big blind $3
*** HOLE CARDS ***
Pandakey: raises $3 to $6
msanyi: calls $3 and is all-in
*** FLOP *** [7h Kc Tc]
*** TURN *** [7h Kc Tc] [Th]
*** RIVER *** [7h Kc Tc Th] [9h]
*** SHOW DOWN ***
msanyi: shows [6c 2s] (a pair of Tens)
Pandakey: shows [Qh Kh] (a flush, King high)
Pandakey collected $11.76 from pot
*** SUMMARY ***
Total pot $12 | Rake $0.24
Board [7h Kc Tc Th 9h]
Seat 7: Pandakey (button) (small blind) showed [Qh Kh] and won ($11.76) with a flush, King high
Seat 10: msanyi (big blind) showed [6c 2s] and lost with a pair of Tens


