PokerStars Hand #171156546389:  Hold'em Limit ($3/$6 USD) - 2017/05/31 10:28:13 ET
Table 'Ute II' 6-max Seat #1 is the button
Seat 1: LifeisagameX ($84 in chips)
Seat 3: moveoverover ($120 in chips)
LifeisagameX: posts small blind $1
moveoverover: posts big blind $3
*** HOLE CARDS ***
B_loJkl joins the table at seat #4
LifeisagameX: folds
Uncalled bet ($2) returned to moveoverover
moveoverover collected $2 from pot
*** SUMMARY ***
Total pot $2 | Rake $0
Seat 1: LifeisagameX (button) (small blind) folded before Flop
Seat 3: moveoverover (big blind) collected ($2)


PokerStars Hand #171156615391:  Hold'em Limit ($3/$6 USD) - 2017/05/31 10:30:15 ET
Table 'Ute II' 6-max Seat #4 is the button
Seat 3: moveoverover ($118.76 in chips)
Seat 4: B_loJkl ($131 in chips)
B_loJkl: posts small blind $1
moveoverover: posts big blind $3
*** HOLE CARDS ***
B_loJkl: raises $3 to $6
moveoverover: calls $3
*** FLOP *** [5c Ts Kd]
moveoverover: checks
B_loJkl: bets $3
moveoverover: folds
Uncalled bet ($3) returned to B_loJkl
B_loJkl collected $11.76 from pot
B_loJkl: doesn't show hand
*** SUMMARY ***
Total pot $12 | Rake $0.24
Board [5c Ts Kd]
Seat 3: moveoverover (big blind) folded on the Flop
Seat 4: B_loJkl (button) (small blind) collected ($11.76)


PokerStars Hand #171156612696:  Hold'em Limit ($3/$6 USD) - 2017/05/31 10:30:10 ET
Table 'Ute II' 6-max Seat #3 is the button
Seat 3: moveoverover ($119.76 in chips)
Seat 4: B_loJkl ($130 in chips)
moveoverover: posts small blind $1
B_loJkl: posts big blind $3
*** HOLE CARDS ***
moveoverover: folds
Uncalled bet ($2) returned to B_loJkl
B_loJkl collected $2 from pot
B_loJkl: doesn't show hand
*** SUMMARY ***
Total pot $2 | Rake $0
Seat 3: moveoverover (button) (small blind) folded before Flop
Seat 4: B_loJkl (big blind) collected ($2)


PokerStars Hand #171156606715:  Hold'em Limit ($3/$6 USD) - 2017/05/31 10:30:00 ET
Table 'Ute II' 6-max Seat #4 is the button
Seat 3: moveoverover ($122.76 in chips)
Seat 4: B_loJkl ($127 in chips)
B_loJkl: posts small blind $1
moveoverover: posts big blind $3
*** HOLE CARDS ***
B_loJkl: raises $3 to $6
moveoverover: folds
Uncalled bet ($3) returned to B_loJkl
B_loJkl collected $6 from pot
B_loJkl: doesn't show hand
*** SUMMARY ***
Total pot $6 | Rake $0
Seat 3: moveoverover (big blind) folded before Flop
Seat 4: B_loJkl (button) (small blind) collected ($6)


PokerStars Hand #171156595335:  Hold'em Limit ($3/$6 USD) - 2017/05/31 10:29:39 ET
Table 'Ute II' 6-max Seat #3 is the button
Seat 3: moveoverover ($117 in chips)
Seat 4: B_loJkl ($133 in chips)
moveoverover: posts small blind $1
B_loJkl: posts big blind $3
*** HOLE CARDS ***
moveoverover: raises $3 to $6
B_loJkl: calls $3
*** FLOP *** [7h 8s 5s]
B_loJkl: checks
moveoverover: bets $3
B_loJkl: folds
Uncalled bet ($3) returned to moveoverover
moveoverover collected $11.76 from pot
*** SUMMARY ***
Total pot $12 | Rake $0.24
Board [7h 8s 5s]
Seat 3: moveoverover (button) (small blind) collected ($11.76)
Seat 4: B_loJkl (big blind) folded on the Flop


PokerStars Hand #171156644015:  Hold'em Limit ($3/$6 USD) - 2017/05/31 10:31:05 ET
Table 'Ute II' 6-max Seat #4 is the button
Seat 3: moveoverover ($88.76 in chips)
Seat 4: B_loJkl ($160.26 in chips)
B_loJkl: posts small blind $1
moveoverover: posts big blind $3
*** HOLE CARDS ***
B_loJkl: raises $3 to $6
moveoverover: folds
Uncalled bet ($3) returned to B_loJkl
B_loJkl collected $6 from pot
B_loJkl: doesn't show hand
*** SUMMARY ***
Total pot $6 | Rake $0
Seat 3: moveoverover (big blind) folded before Flop
Seat 4: B_loJkl (button) (small blind) collected ($6)


PokerStars Hand #171156628004:  Hold'em Limit ($3/$6 USD) - 2017/05/31 10:30:37 ET
Table 'Ute II' 6-max Seat #3 is the button
Seat 3: moveoverover ($112.76 in chips)
Seat 4: B_loJkl ($136.76 in chips)
moveoverover: posts small blind $1
B_loJkl: posts big blind $3
*** HOLE CARDS ***
moveoverover: raises $3 to $6
B_loJkl: calls $3
*** FLOP *** [Kc Ks 2s]
B_loJkl: checks
moveoverover: bets $3
B_loJkl: raises $3 to $6
moveoverover: calls $3
*** TURN *** [Kc Ks 2s] [As]
B_loJkl: bets $6
moveoverover: calls $6
*** RIVER *** [Kc Ks 2s As] [5h]
B_loJkl: bets $6
moveoverover: calls $6
*** SHOW DOWN ***
B_loJkl: shows [Qs 4s] (a flush, Ace high)
moveoverover: mucks hand
B_loJkl collected $47.50 from pot
*** SUMMARY ***
Total pot $48 | Rake $0.50
Board [Kc Ks 2s As 5h]
Seat 3: moveoverover (button) (small blind) mucked
Seat 4: B_loJkl (big blind) showed [Qs 4s] and won ($47.50) with a flush, Ace high


PokerStars Hand #171156682369:  Hold'em Limit ($3/$6 USD) - 2017/05/31 10:32:13 ET
Table 'Ute II' 6-max Seat #3 is the button
Seat 3: moveoverover ($43.76 in chips)
Seat 4: B_loJkl ($204.26 in chips)
moveoverover: posts small blind $1
B_loJkl: posts big blind $3
*** HOLE CARDS ***
moveoverover: folds
Uncalled bet ($2) returned to B_loJkl
moveoverover leaves the table
B_loJkl collected $2 from pot
B_loJkl: doesn't show hand
*** SUMMARY ***
Total pot $2 | Rake $0
Seat 3: moveoverover (button) (small blind) folded before Flop
Seat 4: B_loJkl (big blind) collected ($2)


PokerStars Hand #171156667024:  Hold'em Limit ($3/$6 USD) - 2017/05/31 10:31:46 ET
Table 'Ute II' 6-max Seat #4 is the button
Seat 3: moveoverover ($67.76 in chips)
Seat 4: B_loJkl ($180.76 in chips)
B_loJkl: posts small blind $1
moveoverover: posts big blind $3
*** HOLE CARDS ***
B_loJkl: raises $3 to $6
moveoverover: raises $3 to $9
B_loJkl: calls $3
*** FLOP *** [4s 6c As]
moveoverover: bets $3
B_loJkl: calls $3
*** TURN *** [4s 6c As] [Qd]
moveoverover: bets $6
B_loJkl: calls $6
*** RIVER *** [4s 6c As Qd] [5c]
moveoverover: checks
B_loJkl: bets $6
moveoverover: calls $6
*** SHOW DOWN ***
B_loJkl: shows [Qc 9d] (a pair of Queens)
moveoverover: mucks hand
B_loJkl collected $47.50 from pot
*** SUMMARY ***
Total pot $48 | Rake $0.50
Board [4s 6c As Qd 5c]
Seat 3: moveoverover (big blind) mucked
Seat 4: B_loJkl (button) (small blind) showed [Qc 9d] and won ($47.50) with a pair of Queens


PokerStars Hand #171156647870:  Hold'em Limit ($3/$6 USD) - 2017/05/31 10:31:12 ET
Table 'Ute II' 6-max Seat #3 is the button
Seat 3: moveoverover ($85.76 in chips)
Seat 4: B_loJkl ($163.26 in chips)
moveoverover: posts small blind $1
B_loJkl: posts big blind $3
*** HOLE CARDS ***
moveoverover: raises $3 to $6
B_loJkl: calls $3
*** FLOP *** [7d 9d 3c]
B_loJkl: checks
moveoverover: bets $3
B_loJkl: raises $3 to $6
moveoverover: calls $3
*** TURN *** [7d 9d 3c] [Th]
B_loJkl: bets $6
moveoverover: calls $6
*** RIVER *** [7d 9d 3c Th] [5c]
B_loJkl: checks
moveoverover: checks
*** SHOW DOWN ***
B_loJkl: shows [Qd 3d] (a pair of Threes)
moveoverover: mucks hand
B_loJkl collected $35.50 from pot
*** SUMMARY ***
Total pot $36 | Rake $0.50
Board [7d 9d 3c Th 5c]
Seat 3: moveoverover (button) (small blind) mucked
Seat 4: B_loJkl (big blind) showed [Qd 3d] and won ($35.50) with a pair of Threes


