PokerStars Hand #172257499349:  Hold'em Limit ($3/$6 USD) - 2017/06/26 7:43:50 ET
Table 'Ute II' 6-max Seat #5 is the button
Seat 5: hassan67 ($141.56 in chips)
Seat 6: RaisemyNut$ ($203.91 in chips)
hassan67: posts small blind $1
RaisemyNut$: posts big blind $3
*** HOLE CARDS ***
canplaypoker is disconnected
hassan67: folds
Uncalled bet ($2) returned to RaisemyNut$
RaisemyNut$ collected $2 from pot
RaisemyNut$: doesn't show hand
*** SUMMARY ***
Total pot $2 | Rake $0
Seat 5: hassan67 (button) (small blind) folded before Flop
Seat 6: RaisemyNut$ (big blind) collected ($2)


PokerStars Hand #172257492946:  Hold'em Limit ($3/$6 USD) - 2017/06/26 7:43:35 ET
Table 'Ute II' 6-max Seat #6 is the button
Seat 5: hassan67 ($147.56 in chips)
Seat 6: RaisemyNut$ ($198.15 in chips)
RaisemyNut$: posts small blind $1
hassan67: posts big blind $3
*** HOLE CARDS ***
RaisemyNut$: raises $3 to $6
hassan67: calls $3
*** FLOP *** [Jd 8s Ah]
hassan67: checks
RaisemyNut$: bets $3
hassan67: folds
Uncalled bet ($3) returned to RaisemyNut$
Bueffel joins the table at seat #4
RaisemyNut$ collected $11.76 from pot
RaisemyNut$: doesn't show hand
*** SUMMARY ***
Total pot $12 | Rake $0.24
Board [Jd 8s Ah]
Seat 5: hassan67 (big blind) folded on the Flop
Seat 6: RaisemyNut$ (button) (small blind) collected ($11.76)


PokerStars Hand #172257768694:  Hold'em Limit ($3/$6 USD) - 2017/06/26 7:54:29 ET
Table 'Ute II' 6-max Seat #6 is the button
Seat 2: canplaypoker ($122.78 in chips)
Seat 6: RaisemyNut$ ($261.73 in chips)
RaisemyNut$: posts small blind $1
canplaypoker: posts big blind $3
*** HOLE CARDS ***
RaisemyNut$: raises $3 to $6
canplaypoker: raises $3 to $9
RaisemyNut$: calls $3
*** FLOP *** [Qh 8c Ad]
canplaypoker: bets $3
RaisemyNut$: calls $3
*** TURN *** [Qh 8c Ad] [7c]
canplaypoker: bets $6
RaisemyNut$: calls $6
*** RIVER *** [Qh 8c Ad 7c] [Jh]
canplaypoker: bets $6
RaisemyNut$: calls $6
*** SHOW DOWN ***
canplaypoker: shows [Ah 4s] (a pair of Aces)
RaisemyNut$: mucks hand
canplaypoker collected $47.50 from pot
*** SUMMARY ***
Total pot $48 | Rake $0.50
Board [Qh 8c Ad 7c Jh]
Seat 2: canplaypoker (big blind) showed [Ah 4s] and won ($47.50) with a pair of Aces
Seat 6: RaisemyNut$ (button) (small blind) mucked


