PokerStars Hand #159585523041:  Hold'em Limit ($3/$6 USD) - 2016/10/07 2:54:44 ET
Table 'Utopia' 6-max Seat #4 is the button
Seat 4: VolkovDmitri ($120 in chips)
Seat 5: ChinaBoy420 ($120 in chips)
VolkovDmitri: posts small blind $1
ChinaBoy420: posts big blind $3
*** HOLE CARDS ***
VolkovDmitri: raises $3 to $6
ChinaBoy420: calls $3
*** FLOP *** [2s 9h 4s]
ChinaBoy420: checks
VolkovDmitri: bets $3
ChinaBoy420: raises $3 to $6
Chessnok joins the table at seat #6
VolkovDmitri: raises $3 to $9
ChinaBoy420: raises $3 to $12
Betting is capped
VolkovDmitri: calls $3
*** TURN *** [2s 9h 4s] [5d]
ChinaBoy420: bets $6
VolkovDmitri: calls $6
*** RIVER *** [2s 9h 4s 5d] [Tc]
ChinaBoy420: bets $6
VolkovDmitri: calls $6
*** SHOW DOWN ***
ChinaBoy420: shows [3c 5h] (a pair of Fives)
VolkovDmitri: shows [Ah Ac] (a pair of Aces)
VolkovDmitri collected $59.50 from pot
*** SUMMARY ***
Total pot $60 | Rake $0.50
Board [2s 9h 4s 5d Tc]
Seat 4: VolkovDmitri (button) (small blind) showed [Ah Ac] and won ($59.50) with a pair of Aces
Seat 5: ChinaBoy420 (big blind) showed [3c 5h] and lost with a pair of Fives


PokerStars Hand #159585573219:  Hold'em Limit ($3/$6 USD) - 2016/10/07 2:58:21 ET
Table 'Utopia' 6-max Seat #6 is the button
Seat 5: ChinaBoy420 ($64.52 in chips)
Seat 6: Chessnok ($114.89 in chips)
Chessnok: posts small blind $1
ChinaBoy420: posts big blind $3
*** HOLE CARDS ***
Chessnok: folds
Uncalled bet ($2) returned to ChinaBoy420
ChinaBoy420 collected $2 from pot
ChinaBoy420: doesn't show hand
*** SUMMARY ***
Total pot $2 | Rake $0
Seat 5: ChinaBoy420 (big blind) collected ($2)
Seat 6: Chessnok (button) (small blind) folded before Flop


PokerStars Hand #159585572043:  Hold'em Limit ($3/$6 USD) - 2016/10/07 2:58:16 ET
Table 'Utopia' 6-max Seat #5 is the button
Seat 5: ChinaBoy420 ($65.52 in chips)
Seat 6: Chessnok ($113.89 in chips)
ChinaBoy420: posts small blind $1
Chessnok: posts big blind $3
*** HOLE CARDS ***
ChinaBoy420: folds
Uncalled bet ($2) returned to Chessnok
Chessnok collected $2 from pot
Chessnok: doesn't show hand
*** SUMMARY ***
Total pot $2 | Rake $0
Seat 5: ChinaBoy420 (button) (small blind) folded before Flop
Seat 6: Chessnok (big blind) collected ($2)


PokerStars Hand #159585570396:  Hold'em Limit ($3/$6 USD) - 2016/10/07 2:58:09 ET
Table 'Utopia' 6-max Seat #6 is the button
Seat 5: ChinaBoy420 ($68.52 in chips)
Seat 6: Chessnok ($110.89 in chips)
Chessnok: posts small blind $1
ChinaBoy420: posts big blind $3
*** HOLE CARDS ***
Chessnok: raises $3 to $6
ChinaBoy420: folds
Uncalled bet ($3) returned to Chessnok
Chessnok collected $6 from pot
Chessnok: doesn't show hand
*** SUMMARY ***
Total pot $6 | Rake $0
Seat 5: ChinaBoy420 (big blind) folded before Flop
Seat 6: Chessnok (button) (small blind) collected ($6)


PokerStars Hand #159585566363:  Hold'em Limit ($3/$6 USD) - 2016/10/07 2:57:51 ET
Table 'Utopia' 6-max Seat #5 is the button
Seat 5: ChinaBoy420 ($57 in chips)
Seat 6: Chessnok ($122.89 in chips)
ChinaBoy420: posts small blind $1
Chessnok: posts big blind $3
*** HOLE CARDS ***
VolkovDmitri leaves the table
ChinaBoy420: raises $3 to $6
Chessnok: calls $3
*** FLOP *** [4c 2d 6c]
Chessnok: checks
ChinaBoy420: checks
*** TURN *** [4c 2d 6c] [8d]
Chessnok: checks
ChinaBoy420: bets $6
Chessnok: calls $6
*** RIVER *** [4c 2d 6c 8d] [Jd]
Chessnok: checks
ChinaBoy420: checks
*** SHOW DOWN ***
Chessnok: shows [Ks Ad] (high card Ace)
ChinaBoy420: shows [8h 9h] (a pair of Eights)
ChinaBoy420 collected $23.52 from pot
*** SUMMARY ***
Total pot $24 | Rake $0.48
Board [4c 2d 6c 8d Jd]
Seat 5: ChinaBoy420 (button) (small blind) showed [8h 9h] and won ($23.52) with a pair of Eights
Seat 6: Chessnok (big blind) showed [Ks Ad] and lost with high card Ace


PokerStars Hand #159585583487:  Hold'em Limit ($3/$6 USD) - 2016/10/07 2:59:06 ET
Table 'Utopia' 6-max Seat #5 is the button
Seat 5: ChinaBoy420 ($79.77 in chips)
Seat 6: Chessnok ($98.64 in chips)
ChinaBoy420: posts small blind $1
Chessnok: posts big blind $3
*** HOLE CARDS ***
ChinaBoy420: raises $3 to $6
Chessnok: calls $3
*** FLOP *** [Jh Th 8h]
Chessnok: checks
ChinaBoy420: bets $3
Chessnok: raises $3 to $6
ChinaBoy420: calls $3
*** TURN *** [Jh Th 8h] [Qh]
Chessnok: checks
ChinaBoy420: checks
*** RIVER *** [Jh Th 8h Qh] [7d]
Chessnok: checks
ChinaBoy420: bets $6
Chessnok: calls $6
*** SHOW DOWN ***
ChinaBoy420: shows [Ah 6h] (a flush, Ace high)
Chessnok: mucks hand
ChinaBoy420 collected $35.50 from pot
*** SUMMARY ***
Total pot $36 | Rake $0.50
Board [Jh Th 8h Qh 7d]
Seat 5: ChinaBoy420 (button) (small blind) showed [Ah 6h] and won ($35.50) with a flush, Ace high
Seat 6: Chessnok (big blind) mucked


PokerStars Hand #159585578640:  Hold'em Limit ($3/$6 USD) - 2016/10/07 2:58:44 ET
Table 'Utopia' 6-max Seat #6 is the button
Seat 5: ChinaBoy420 ($80.02 in chips)
Seat 6: Chessnok ($98.89 in chips)
Chessnok: posts small blind $1
ChinaBoy420: posts big blind $3
*** HOLE CARDS ***
Chessnok: raises $3 to $6
ChinaBoy420: raises $3 to $9
Chessnok: calls $3
*** FLOP *** [Td 7c Jd]
ChinaBoy420: bets $3
Chessnok: calls $3
*** TURN *** [Td 7c Jd] [6s]
ChinaBoy420: bets $6
Chessnok: calls $6
*** RIVER *** [Td 7c Jd 6s] [8s]
ChinaBoy420: bets $6
Chessnok: raises $6 to $12
ChinaBoy420: calls $6
*** SHOW DOWN ***
Chessnok: shows [7s 9s] (a straight, Seven to Jack)
ChinaBoy420: shows [Kc 9d] (a straight, Seven to Jack)
ChinaBoy420 collected $29.75 from pot
Chessnok collected $29.75 from pot
*** SUMMARY ***
Total pot $60 | Rake $0.50
Board [Td 7c Jd 6s 8s]
Seat 5: ChinaBoy420 (big blind) showed [Kc 9d] and won ($29.75) with a straight, Seven to Jack
Seat 6: Chessnok (button) (small blind) showed [7s 9s] and won ($29.75) with a straight, Seven to Jack


PokerStars Hand #159585574442:  Hold'em Limit ($3/$6 USD) - 2016/10/07 2:58:26 ET
Table 'Utopia' 6-max Seat #5 is the button
Seat 5: ChinaBoy420 ($65.52 in chips)
Seat 6: Chessnok ($113.89 in chips)
ChinaBoy420: posts small blind $1
Chessnok: posts big blind $3
*** HOLE CARDS ***
ChinaBoy420: raises $3 to $6
Chessnok: calls $3
*** FLOP *** [Ac 3h 7h]
Chessnok: checks
ChinaBoy420: bets $3
Chessnok: calls $3
*** TURN *** [Ac 3h 7h] [2d]
Chessnok: checks
ChinaBoy420: checks
*** RIVER *** [Ac 3h 7h 2d] [Tc]
Chessnok: bets $6
ChinaBoy420: calls $6
*** SHOW DOWN ***
Chessnok: shows [Jh 6d] (high card Ace)
ChinaBoy420: shows [Kh Ks] (a pair of Kings)
ChinaBoy420 collected $29.50 from pot
*** SUMMARY ***
Total pot $30 | Rake $0.50
Board [Ac 3h 7h 2d Tc]
Seat 5: ChinaBoy420 (button) (small blind) showed [Kh Ks] and won ($29.50) with a pair of Kings
Seat 6: Chessnok (big blind) showed [Jh 6d] and lost with high card Ace


PokerStars Hand #159585601587:  Hold'em Limit ($3/$6 USD) - 2016/10/07 3:00:22 ET
Table 'Utopia' 6-max Seat #6 is the button
Seat 5: ChinaBoy420 ($96.79 in chips)
Seat 6: Chessnok ($80.16 in chips)
Chessnok: posts small blind $1
ChinaBoy420: posts big blind $3
*** HOLE CARDS ***
Chessnok: raises $3 to $6
ChinaBoy420: folds
Uncalled bet ($3) returned to Chessnok
Chessnok collected $6 from pot
Chessnok: doesn't show hand
*** SUMMARY ***
Total pot $6 | Rake $0
Seat 5: ChinaBoy420 (big blind) folded before Flop
Seat 6: Chessnok (button) (small blind) collected ($6)


PokerStars Hand #159585599759:  Hold'em Limit ($3/$6 USD) - 2016/10/07 3:00:15 ET
Table 'Utopia' 6-max Seat #5 is the button
Seat 5: ChinaBoy420 ($93.79 in chips)
Seat 6: Chessnok ($83.16 in chips)
ChinaBoy420: posts small blind $1
Chessnok: posts big blind $3
*** HOLE CARDS ***
ChinaBoy420: raises $3 to $6
Chessnok: folds
Uncalled bet ($3) returned to ChinaBoy420
ChinaBoy420 collected $6 from pot
ChinaBoy420: doesn't show hand
*** SUMMARY ***
Total pot $6 | Rake $0
Seat 5: ChinaBoy420 (button) (small blind) collected ($6)
Seat 6: Chessnok (big blind) folded before Flop


PokerStars Hand #159585598100:  Hold'em Limit ($3/$6 USD) - 2016/10/07 3:00:08 ET
Table 'Utopia' 6-max Seat #6 is the button
Seat 5: ChinaBoy420 ($96.79 in chips)
Seat 6: Chessnok ($80.16 in chips)
Chessnok: posts small blind $1
ChinaBoy420: posts big blind $3
*** HOLE CARDS ***
Chessnok: raises $3 to $6
ChinaBoy420: folds
Uncalled bet ($3) returned to Chessnok
Chessnok collected $6 from pot
Chessnok: doesn't show hand
*** SUMMARY ***
Total pot $6 | Rake $0
Seat 5: ChinaBoy420 (big blind) folded before Flop
Seat 6: Chessnok (button) (small blind) collected ($6)


PokerStars Hand #159585593993:  Hold'em Limit ($3/$6 USD) - 2016/10/07 2:59:50 ET
Table 'Utopia' 6-max Seat #5 is the button
Seat 5: ChinaBoy420 ($108.79 in chips)
Seat 6: Chessnok ($68.64 in chips)
ChinaBoy420: posts small blind $1
Chessnok: posts big blind $3
*** HOLE CARDS ***
ChinaBoy420: raises $3 to $6
Chessnok: raises $3 to $9
ChinaBoy420: calls $3
*** FLOP *** [2s Th 4c]
Chessnok: bets $3
ChinaBoy420: calls $3
*** TURN *** [2s Th 4c] [6h]
Chessnok: bets $6
ChinaBoy420: folds
Uncalled bet ($6) returned to Chessnok
Chessnok collected $23.52 from pot
Chessnok: doesn't show hand
*** SUMMARY ***
Total pot $24 | Rake $0.48
Board [2s Th 4c 6h]
Seat 5: ChinaBoy420 (button) (small blind) folded on the Turn
Seat 6: Chessnok (big blind) collected ($23.52)


PokerStars Hand #159585589749:  Hold'em Limit ($3/$6 USD) - 2016/10/07 2:59:32 ET
Table 'Utopia' 6-max Seat #6 is the button
Seat 5: ChinaBoy420 ($97.27 in chips)
Seat 6: Chessnok ($80.64 in chips)
Chessnok: posts small blind $1
ChinaBoy420: posts big blind $3
*** HOLE CARDS ***
Chessnok: raises $3 to $6
ChinaBoy420: raises $3 to $9
Chessnok: calls $3
*** FLOP *** [Kh Ad Jc]
ChinaBoy420: bets $3
Chessnok: calls $3
*** TURN *** [Kh Ad Jc] [9c]
ChinaBoy420: bets $6
Chessnok: folds
Uncalled bet ($6) returned to ChinaBoy420
ChinaBoy420 collected $23.52 from pot
ChinaBoy420: doesn't show hand
*** SUMMARY ***
Total pot $24 | Rake $0.48
Board [Kh Ad Jc 9c]
Seat 5: ChinaBoy420 (big blind) collected ($23.52)
Seat 6: Chessnok (button) (small blind) folded on the Turn


PokerStars Hand #159585613275:  Hold'em Limit ($3/$6 USD) - 2016/10/07 3:01:10 ET
Table 'Utopia' 6-max Seat #5 is the button
Seat 5: ChinaBoy420 ($112.29 in chips)
Seat 6: Chessnok ($64.16 in chips)
ChinaBoy420: posts small blind $1
Chessnok: posts big blind $3
*** HOLE CARDS ***
ChinaBoy420: folds
Uncalled bet ($2) returned to Chessnok
Chessnok collected $2 from pot
Chessnok: doesn't show hand
*** SUMMARY ***
Total pot $2 | Rake $0
Seat 5: ChinaBoy420 (button) (small blind) folded before Flop
Seat 6: Chessnok (big blind) collected ($2)


PokerStars Hand #159585611920:  Hold'em Limit ($3/$6 USD) - 2016/10/07 3:01:04 ET
Table 'Utopia' 6-max Seat #6 is the button
Seat 5: ChinaBoy420 ($111.29 in chips)
Seat 6: Chessnok ($65.16 in chips)
Chessnok: posts small blind $1
ChinaBoy420: posts big blind $3
*** HOLE CARDS ***
Chessnok: folds
Uncalled bet ($2) returned to ChinaBoy420
ChinaBoy420 collected $2 from pot
ChinaBoy420: doesn't show hand
*** SUMMARY ***
Total pot $2 | Rake $0
Seat 5: ChinaBoy420 (big blind) collected ($2)
Seat 6: Chessnok (button) (small blind) folded before Flop


PokerStars Hand #159585603755:  Hold'em Limit ($3/$6 USD) - 2016/10/07 3:00:31 ET
Table 'Utopia' 6-max Seat #5 is the button
Seat 5: ChinaBoy420 ($93.79 in chips)
Seat 6: Chessnok ($83.16 in chips)
ChinaBoy420: posts small blind $1
Chessnok: posts big blind $3
*** HOLE CARDS ***
ChinaBoy420: raises $3 to $6
Chessnok: raises $3 to $9
ChinaBoy420: calls $3
*** FLOP *** [2d 7h 3c]
Chessnok: bets $3
ChinaBoy420: calls $3
*** TURN *** [2d 7h 3c] [9c]
Chessnok: checks
ChinaBoy420: checks
*** RIVER *** [2d 7h 3c 9c] [8c]
Chessnok: checks
ChinaBoy420: bets $6
Chessnok: calls $6
*** SHOW DOWN ***
ChinaBoy420: shows [8d Jc] (a pair of Eights)
Chessnok: mucks hand
ChinaBoy420 collected $35.50 from pot
*** SUMMARY ***
Total pot $36 | Rake $0.50
Board [2d 7h 3c 9c 8c]
Seat 5: ChinaBoy420 (button) (small blind) showed [8d Jc] and won ($35.50) with a pair of Eights
Seat 6: Chessnok (big blind) mucked


PokerStars Hand #159585628595:  Hold'em Limit ($3/$6 USD) - 2016/10/07 3:02:09 ET
Table 'Utopia' 6-max Seat #6 is the button
Seat 5: ChinaBoy420 ($83.29 in chips)
Seat 6: Chessnok ($92.18 in chips)
Chessnok: posts small blind $1
ChinaBoy420: posts big blind $3
*** HOLE CARDS ***
Chessnok: raises $3 to $6
ChinaBoy420: calls $3
*** FLOP *** [Qs 2d 8s]
ChinaBoy420: checks
Chessnok: bets $3
ChinaBoy420: raises $3 to $6
Chessnok: calls $3
*** TURN *** [Qs 2d 8s] [Qd]
ChinaBoy420: bets $6
Chessnok: raises $6 to $12
ChinaBoy420: calls $6
*** RIVER *** [Qs 2d 8s Qd] [7h]
ChinaBoy420: checks
Chessnok: checks
*** SHOW DOWN ***
ChinaBoy420: shows [8c Ac] (two pair, Queens and Eights)
Chessnok: mucks hand
ChinaBoy420 collected $47.50 from pot
*** SUMMARY ***
Total pot $48 | Rake $0.50
Board [Qs 2d 8s Qd 7h]
Seat 5: ChinaBoy420 (big blind) showed [8c Ac] and won ($47.50) with two pair, Queens and Eights
Seat 6: Chessnok (button) (small blind) mucked


PokerStars Hand #159585626941:  Hold'em Limit ($3/$6 USD) - 2016/10/07 3:02:02 ET
Table 'Utopia' 6-max Seat #5 is the button
Seat 5: ChinaBoy420 ($84.29 in chips)
Seat 6: Chessnok ($91.18 in chips)
ChinaBoy420: posts small blind $1
Chessnok: posts big blind $3
*** HOLE CARDS ***
ChinaBoy420: folds
Uncalled bet ($2) returned to Chessnok
Chessnok collected $2 from pot
Chessnok: doesn't show hand
*** SUMMARY ***
Total pot $2 | Rake $0
Seat 5: ChinaBoy420 (button) (small blind) folded before Flop
Seat 6: Chessnok (big blind) collected ($2)


PokerStars Hand #159585624149:  Hold'em Limit ($3/$6 USD) - 2016/10/07 3:01:52 ET
Table 'Utopia' 6-max Seat #6 is the button
Seat 5: ChinaBoy420 ($90.29 in chips)
Seat 6: Chessnok ($85.42 in chips)
Chessnok: posts small blind $1
ChinaBoy420: posts big blind $3
*** HOLE CARDS ***
Chessnok: raises $3 to $6
ChinaBoy420: calls $3
*** FLOP *** [3s Ad Kd]
ChinaBoy420: checks
Chessnok: bets $3
ChinaBoy420: folds
Uncalled bet ($3) returned to Chessnok
Chessnok collected $11.76 from pot
Chessnok: doesn't show hand
*** SUMMARY ***
Total pot $12 | Rake $0.24
Board [3s Ad Kd]
Seat 5: ChinaBoy420 (big blind) folded on the Flop
Seat 6: Chessnok (button) (small blind) collected ($11.76)


PokerStars Hand #159585620579:  Hold'em Limit ($3/$6 USD) - 2016/10/07 3:01:37 ET
Table 'Utopia' 6-max Seat #5 is the button
Seat 5: ChinaBoy420 ($96.29 in chips)
Seat 6: Chessnok ($79.66 in chips)
ChinaBoy420: posts small blind $1
Chessnok: posts big blind $3
*** HOLE CARDS ***
ChinaBoy420: raises $3 to $6
Chessnok: calls $3
*** FLOP *** [4h 3h Th]
Chessnok: checks
ChinaBoy420: checks
*** TURN *** [4h 3h Th] [9d]
Chessnok: bets $6
ChinaBoy420: folds
Uncalled bet ($6) returned to Chessnok
Chessnok collected $11.76 from pot
Chessnok: doesn't show hand
*** SUMMARY ***
Total pot $12 | Rake $0.24
Board [4h 3h Th 9d]
Seat 5: ChinaBoy420 (button) (small blind) folded on the Turn
Seat 6: Chessnok (big blind) collected ($11.76)


PokerStars Hand #159585614817:  Hold'em Limit ($3/$6 USD) - 2016/10/07 3:01:15 ET
Table 'Utopia' 6-max Seat #6 is the button
Seat 5: ChinaBoy420 ($111.29 in chips)
Seat 6: Chessnok ($65.16 in chips)
Chessnok: posts small blind $1
ChinaBoy420: posts big blind $3
*** HOLE CARDS ***
Chessnok: raises $3 to $6
ChinaBoy420: raises $3 to $9
Chessnok: calls $3
*** FLOP *** [Qc Js 6h]
ChinaBoy420: bets $3
Chessnok: raises $3 to $6
ChinaBoy420: calls $3
*** TURN *** [Qc Js 6h] [4h]
ChinaBoy420: checks
Chessnok: bets $6
ChinaBoy420: folds
Uncalled bet ($6) returned to Chessnok
Chessnok collected $29.50 from pot
Chessnok: doesn't show hand
*** SUMMARY ***
Total pot $30 | Rake $0.50
Board [Qc Js 6h 4h]
Seat 5: ChinaBoy420 (big blind) folded on the Turn
Seat 6: Chessnok (button) (small blind) collected ($29.50)


PokerStars Hand #159585644774:  Hold'em Limit ($3/$6 USD) - 2016/10/07 3:03:12 ET
Table 'Utopia' 6-max Seat #6 is the button
Seat 5: ChinaBoy420 ($70.79 in chips)
Seat 6: Chessnok ($103.68 in chips)
Chessnok: posts small blind $1
ChinaBoy420: posts big blind $3
*** HOLE CARDS ***
Chessnok: folds
Uncalled bet ($2) returned to ChinaBoy420
ChinaBoy420 collected $2 from pot
ChinaBoy420: doesn't show hand
*** SUMMARY ***
Total pot $2 | Rake $0
Seat 5: ChinaBoy420 (big blind) collected ($2)
Seat 6: Chessnok (button) (small blind) folded before Flop


PokerStars Hand #159585637833:  Hold'em Limit ($3/$6 USD) - 2016/10/07 3:02:45 ET
Table 'Utopia' 6-max Seat #5 is the button
Seat 5: ChinaBoy420 ($106.79 in chips)
Seat 6: Chessnok ($68.18 in chips)
ChinaBoy420: posts small blind $1
Chessnok: posts big blind $3
*** HOLE CARDS ***
ChinaBoy420: raises $3 to $6
Chessnok: calls $3
*** FLOP *** [8h Kh 4c]
Chessnok: checks
ChinaBoy420: bets $3
Chessnok: raises $3 to $6
ChinaBoy420: calls $3
*** TURN *** [8h Kh 4c] [3d]
Chessnok: bets $6
ChinaBoy420: raises $6 to $12
Chessnok: raises $6 to $18
ChinaBoy420: calls $6
*** RIVER *** [8h Kh 4c 3d] [6c]
Chessnok: bets $6
ChinaBoy420: calls $6
*** SHOW DOWN ***
Chessnok: shows [Ks Qh] (a pair of Kings)
ChinaBoy420: mucks hand
Chessnok collected $71.50 from pot
*** SUMMARY ***
Total pot $72 | Rake $0.50
Board [8h Kh 4c 3d 6c]
Seat 5: ChinaBoy420 (button) (small blind) mucked
Seat 6: Chessnok (big blind) showed [Ks Qh] and won ($71.50) with a pair of Kings


PokerStars Hand #159585636453:  Hold'em Limit ($3/$6 USD) - 2016/10/07 3:02:40 ET
Table 'Utopia' 6-max Seat #6 is the button
Seat 5: ChinaBoy420 ($105.79 in chips)
Seat 6: Chessnok ($69.18 in chips)
Chessnok: posts small blind $1
ChinaBoy420: posts big blind $3
*** HOLE CARDS ***
Chessnok: folds
Uncalled bet ($2) returned to ChinaBoy420
ChinaBoy420 collected $2 from pot
ChinaBoy420: doesn't show hand
*** SUMMARY ***
Total pot $2 | Rake $0
Seat 5: ChinaBoy420 (big blind) collected ($2)
Seat 6: Chessnok (button) (small blind) folded before Flop


PokerStars Hand #159585635064:  Hold'em Limit ($3/$6 USD) - 2016/10/07 3:02:34 ET
Table 'Utopia' 6-max Seat #5 is the button
Seat 5: ChinaBoy420 ($106.79 in chips)
Seat 6: Chessnok ($68.18 in chips)
ChinaBoy420: posts small blind $1
Chessnok: posts big blind $3
*** HOLE CARDS ***
ChinaBoy420: folds
Uncalled bet ($2) returned to Chessnok
Chessnok collected $2 from pot
Chessnok: doesn't show hand
*** SUMMARY ***
Total pot $2 | Rake $0
Seat 5: ChinaBoy420 (button) (small blind) folded before Flop
Seat 6: Chessnok (big blind) collected ($2)


PokerStars Hand #159585660526:  Hold'em Limit ($3/$6 USD) - 2016/10/07 3:04:13 ET
Table 'Utopia' 6-max Seat #6 is the button
Seat 5: ChinaBoy420 ($59.31 in chips)
Seat 6: Chessnok ($113.94 in chips)
Chessnok: posts small blind $1
ChinaBoy420: posts big blind $3
*** HOLE CARDS ***
Chessnok: raises $3 to $6
ChinaBoy420: calls $3
*** FLOP *** [Js Ts Ac]
ChinaBoy420: checks
Chessnok: bets $3
ChinaBoy420: calls $3
*** TURN *** [Js Ts Ac] [5d]
ChinaBoy420: checks
Chessnok: bets $6
ChinaBoy420: calls $6
*** RIVER *** [Js Ts Ac 5d] [Kc]
ChinaBoy420: checks
Chessnok: checks
*** SHOW DOWN ***
ChinaBoy420: shows [Th 6d] (a pair of Tens)
Chessnok: shows [7c As] (a pair of Aces)
Chessnok collected $29.50 from pot
*** SUMMARY ***
Total pot $30 | Rake $0.50
Board [Js Ts Ac 5d Kc]
Seat 5: ChinaBoy420 (big blind) showed [Th 6d] and lost with a pair of Tens
Seat 6: Chessnok (button) (small blind) showed [7c As] and won ($29.50) with a pair of Aces


PokerStars Hand #159585654847:  Hold'em Limit ($3/$6 USD) - 2016/10/07 3:03:51 ET
Table 'Utopia' 6-max Seat #5 is the button
Seat 5: ChinaBoy420 ($77.31 in chips)
Seat 6: Chessnok ($96.44 in chips)
ChinaBoy420: posts small blind $1
Chessnok: posts big blind $3
*** HOLE CARDS ***
ChinaBoy420: raises $3 to $6
Chessnok: raises $3 to $9
ChinaBoy420: raises $3 to $12
Betting is capped
Chessnok: calls $3
*** FLOP *** [4s 9s 8h]
Chessnok: checks
ChinaBoy420: checks
*** TURN *** [4s 9s 8h] [6d]
Chessnok: checks
ChinaBoy420: checks
*** RIVER *** [4s 9s 8h 6d] [Kh]
Chessnok: bets $6
ChinaBoy420: calls $6
*** SHOW DOWN ***
Chessnok: shows [Kc 9h] (two pair, Kings and Nines)
ChinaBoy420: mucks hand
Chessnok collected $35.50 from pot
*** SUMMARY ***
Total pot $36 | Rake $0.50
Board [4s 9s 8h 6d Kh]
Seat 5: ChinaBoy420 (button) (small blind) mucked
Seat 6: Chessnok (big blind) showed [Kc 9h] and won ($35.50) with two pair, Kings and Nines


PokerStars Hand #159585651445:  Hold'em Limit ($3/$6 USD) - 2016/10/07 3:03:38 ET
Table 'Utopia' 6-max Seat #6 is the button
Seat 5: ChinaBoy420 ($83.31 in chips)
Seat 6: Chessnok ($90.68 in chips)
Chessnok: posts small blind $1
ChinaBoy420: posts big blind $3
*** HOLE CARDS ***
Chessnok: raises $3 to $6
ChinaBoy420: calls $3
*** FLOP *** [2s Qs 4d]
ChinaBoy420: checks
Chessnok: bets $3
ChinaBoy420: folds
Uncalled bet ($3) returned to Chessnok
Chessnok collected $11.76 from pot
Chessnok: doesn't show hand
*** SUMMARY ***
Total pot $12 | Rake $0.24
Board [2s Qs 4d]
Seat 5: ChinaBoy420 (big blind) folded on the Flop
Seat 6: Chessnok (button) (small blind) collected ($11.76)


PokerStars Hand #159585646031:  Hold'em Limit ($3/$6 USD) - 2016/10/07 3:03:17 ET
Table 'Utopia' 6-max Seat #5 is the button
Seat 5: ChinaBoy420 ($71.79 in chips)
Seat 6: Chessnok ($102.68 in chips)
ChinaBoy420: posts small blind $1
Chessnok: posts big blind $3
*** HOLE CARDS ***
ChinaBoy420: raises $3 to $6
Chessnok: calls $3
*** FLOP *** [8d Td 3s]
Chessnok: checks
ChinaBoy420: checks
*** TURN *** [8d Td 3s] [5c]
Chessnok: bets $6
ChinaBoy420: raises $6 to $12
Chessnok: folds
Uncalled bet ($6) returned to ChinaBoy420
ChinaBoy420 collected $23.52 from pot
ChinaBoy420: doesn't show hand
*** SUMMARY ***
Total pot $24 | Rake $0.48
Board [8d Td 3s 5c]
Seat 5: ChinaBoy420 (button) (small blind) collected ($23.52)
Seat 6: Chessnok (big blind) folded on the Turn


PokerStars Hand #159585677006:  Hold'em Limit ($3/$6 USD) - 2016/10/07 3:05:15 ET
Table 'Utopia' 6-max Seat #5 is the button
Seat 5: ChinaBoy420 ($72.31 in chips)
Seat 6: Chessnok ($159.70 in chips)
ChinaBoy420: posts small blind $1
Chessnok: posts big blind $3
*** HOLE CARDS ***
ChinaBoy420: folds
Uncalled bet ($2) returned to Chessnok
Chessnok collected $2 from pot
Chessnok: doesn't show hand
*** SUMMARY ***
Total pot $2 | Rake $0
Seat 5: ChinaBoy420 (button) (small blind) folded before Flop
Seat 6: Chessnok (big blind) collected ($2)


PokerStars Hand #159585674175:  Hold'em Limit ($3/$6 USD) - 2016/10/07 3:05:05 ET
Table 'Utopia' 6-max Seat #6 is the button
Seat 5: ChinaBoy420 ($18.31 in chips)
Seat 6: Chessnok ($153.94 in chips)
Chessnok: posts small blind $1
ChinaBoy420: posts big blind $3
*** HOLE CARDS ***
Chessnok: raises $3 to $6
ChinaBoy420: calls $3
*** FLOP *** [2c 3c Qd]
ChinaBoy420: checks
Chessnok: bets $3
ChinaBoy420: folds
Uncalled bet ($3) returned to Chessnok
Chessnok collected $11.76 from pot
Chessnok: doesn't show hand
*** SUMMARY ***
Total pot $12 | Rake $0.24
Board [2c 3c Qd]
Seat 5: ChinaBoy420 (big blind) folded on the Flop
Seat 6: Chessnok (button) (small blind) collected ($11.76)


PokerStars Hand #159585672927:  Hold'em Limit ($3/$6 USD) - 2016/10/07 3:05:00 ET
Table 'Utopia' 6-max Seat #5 is the button
Seat 5: ChinaBoy420 ($19.31 in chips)
Seat 6: Chessnok ($152.94 in chips)
ChinaBoy420: posts small blind $1
Chessnok: posts big blind $3
*** HOLE CARDS ***
ChinaBoy420: folds
Uncalled bet ($2) returned to Chessnok
Chessnok collected $2 from pot
Chessnok: doesn't show hand
*** SUMMARY ***
Total pot $2 | Rake $0
Seat 5: ChinaBoy420 (button) (small blind) folded before Flop
Seat 6: Chessnok (big blind) collected ($2)


PokerStars Hand #159585667822:  Hold'em Limit ($3/$6 USD) - 2016/10/07 3:04:40 ET
Table 'Utopia' 6-max Seat #6 is the button
Seat 5: ChinaBoy420 ($43.31 in chips)
Seat 6: Chessnok ($129.44 in chips)
Chessnok: posts small blind $1
ChinaBoy420: posts big blind $3
*** HOLE CARDS ***
Chessnok: raises $3 to $6
ChinaBoy420: raises $3 to $9
Chessnok: calls $3
*** FLOP *** [9c Jc 6h]
ChinaBoy420: bets $3
Chessnok: calls $3
*** TURN *** [9c Jc 6h] [9h]
ChinaBoy420: bets $6
Chessnok: calls $6
*** RIVER *** [9c Jc 6h 9h] [3h]
ChinaBoy420: bets $6
Chessnok: calls $6
*** SHOW DOWN ***
ChinaBoy420: shows [5s 8s] (a pair of Nines)
Chessnok: shows [8h 6d] (two pair, Nines and Sixes)
Chessnok collected $47.50 from pot
*** SUMMARY ***
Total pot $48 | Rake $0.50
Board [9c Jc 6h 9h 3h]
Seat 5: ChinaBoy420 (big blind) showed [5s 8s] and lost with a pair of Nines
Seat 6: Chessnok (button) (small blind) showed [8h 6d] and won ($47.50) with two pair, Nines and Sixes


PokerStars Hand #159585666138:  Hold'em Limit ($3/$6 USD) - 2016/10/07 3:04:34 ET
Table 'Utopia' 6-max Seat #5 is the button
Seat 5: ChinaBoy420 ($44.31 in chips)
Seat 6: Chessnok ($128.44 in chips)
ChinaBoy420: posts small blind $1
Chessnok: posts big blind $3
*** HOLE CARDS ***
ChinaBoy420: folds
Uncalled bet ($2) returned to Chessnok
Chessnok collected $2 from pot
Chessnok: doesn't show hand
*** SUMMARY ***
Total pot $2 | Rake $0
Seat 5: ChinaBoy420 (button) (small blind) folded before Flop
Seat 6: Chessnok (big blind) collected ($2)


PokerStars Hand #159585692324:  Hold'em Limit ($3/$6 USD) - 2016/10/07 3:06:14 ET
Table 'Utopia' 6-max Seat #6 is the button
Seat 5: ChinaBoy420 ($85.57 in chips)
Seat 6: Chessnok ($145.20 in chips)
Chessnok: posts small blind $1
ChinaBoy420: posts big blind $3
*** HOLE CARDS ***
Chessnok: folds
Uncalled bet ($2) returned to ChinaBoy420
ChinaBoy420 collected $2 from pot
ChinaBoy420: doesn't show hand
*** SUMMARY ***
Total pot $2 | Rake $0
Seat 5: ChinaBoy420 (big blind) collected ($2)
Seat 6: Chessnok (button) (small blind) folded before Flop


PokerStars Hand #159585689648:  Hold'em Limit ($3/$6 USD) - 2016/10/07 3:06:03 ET
Table 'Utopia' 6-max Seat #5 is the button
Seat 5: ChinaBoy420 ($79.81 in chips)
Seat 6: Chessnok ($151.20 in chips)
ChinaBoy420: posts small blind $1
Chessnok: posts big blind $3
*** HOLE CARDS ***
ChinaBoy420: raises $3 to $6
Chessnok: calls $3
*** FLOP *** [Ks 4h Td]
Chessnok: checks
ChinaBoy420: bets $3
Chessnok: folds
Uncalled bet ($3) returned to ChinaBoy420
ChinaBoy420 collected $11.76 from pot
ChinaBoy420: doesn't show hand
*** SUMMARY ***
Total pot $12 | Rake $0.24
Board [Ks 4h Td]
Seat 5: ChinaBoy420 (button) (small blind) collected ($11.76)
Seat 6: Chessnok (big blind) folded on the Flop


PokerStars Hand #159585687983:  Hold'em Limit ($3/$6 USD) - 2016/10/07 3:05:57 ET
Table 'Utopia' 6-max Seat #6 is the button
Seat 5: ChinaBoy420 ($82.81 in chips)
Seat 6: Chessnok ($148.20 in chips)
Chessnok: posts small blind $1
ChinaBoy420: posts big blind $3
*** HOLE CARDS ***
Chessnok: raises $3 to $6
ChinaBoy420: folds
Uncalled bet ($3) returned to Chessnok
Chessnok collected $6 from pot
Chessnok: doesn't show hand
*** SUMMARY ***
Total pot $6 | Rake $0
Seat 5: ChinaBoy420 (big blind) folded before Flop
Seat 6: Chessnok (button) (small blind) collected ($6)


PokerStars Hand #159585683978:  Hold'em Limit ($3/$6 USD) - 2016/10/07 3:05:42 ET
Table 'Utopia' 6-max Seat #5 is the button
Seat 5: ChinaBoy420 ($100.81 in chips)
Seat 6: Chessnok ($130.70 in chips)
ChinaBoy420: posts small blind $1
Chessnok: posts big blind $3
*** HOLE CARDS ***
ChinaBoy420: raises $3 to $6
Chessnok: calls $3
*** FLOP *** [6s 7h 6h]
Chessnok: checks
ChinaBoy420: checks
*** TURN *** [6s 7h 6h] [Ks]
Chessnok: bets $6
ChinaBoy420: raises $6 to $12
Chessnok: raises $6 to $18
ChinaBoy420: folds
Uncalled bet ($6) returned to Chessnok
Chessnok collected $35.50 from pot
Chessnok: doesn't show hand
*** SUMMARY ***
Total pot $36 | Rake $0.50
Board [6s 7h 6h Ks]
Seat 5: ChinaBoy420 (button) (small blind) folded on the Turn
Seat 6: Chessnok (big blind) collected ($35.50)


PokerStars Hand #159585678416:  Hold'em Limit ($3/$6 USD) - 2016/10/07 3:05:21 ET
Table 'Utopia' 6-max Seat #6 is the button
Seat 5: ChinaBoy420 ($71.31 in chips)
Seat 6: Chessnok ($160.70 in chips)
Chessnok: posts small blind $1
ChinaBoy420: posts big blind $3
*** HOLE CARDS ***
Chessnok: raises $3 to $6
ChinaBoy420: calls $3
*** FLOP *** [4d 8c Jc]
ChinaBoy420: checks
Chessnok: bets $3
ChinaBoy420: raises $3 to $6
Chessnok: calls $3
*** TURN *** [4d 8c Jc] [Ad]
ChinaBoy420: checks
Chessnok: bets $6
ChinaBoy420: raises $6 to $12
Chessnok: calls $6
*** RIVER *** [4d 8c Jc Ad] [3s]
ChinaBoy420: bets $6
Chessnok: calls $6
*** SHOW DOWN ***
ChinaBoy420: shows [Ac 7d] (a pair of Aces)
Chessnok: mucks hand
ChinaBoy420 collected $59.50 from pot
*** SUMMARY ***
Total pot $60 | Rake $0.50
Board [4d 8c Jc Ad 3s]
Seat 5: ChinaBoy420 (big blind) showed [Ac 7d] and won ($59.50) with a pair of Aces
Seat 6: Chessnok (button) (small blind) mucked


PokerStars Hand #159585707271:  Hold'em Limit ($3/$6 USD) - 2016/10/07 3:07:10 ET
Table 'Utopia' 6-max Seat #6 is the button
Seat 5: ChinaBoy420 ($49.57 in chips)
Seat 6: Chessnok ($180.46 in chips)
Chessnok: posts small blind $1
ChinaBoy420: posts big blind $3
*** HOLE CARDS ***
Chessnok: raises $3 to $6
ChinaBoy420: calls $3
*** FLOP *** [9d 6d 8d]
ChinaBoy420: checks
Chessnok: bets $3
ChinaBoy420: raises $3 to $6
Chessnok: calls $3
*** TURN *** [9d 6d 8d] [5h]
ChinaBoy420: bets $6
Chessnok: raises $6 to $12
ChinaBoy420: calls $6
*** RIVER *** [9d 6d 8d 5h] [3h]
ChinaBoy420: checks
Chessnok: bets $6
ChinaBoy420: calls $6
*** SHOW DOWN ***
Chessnok: shows [7c Tc] (a straight, Six to Ten)
ChinaBoy420: mucks hand
Chessnok collected $59.50 from pot
*** SUMMARY ***
Total pot $60 | Rake $0.50
Board [9d 6d 8d 5h 3h]
Seat 5: ChinaBoy420 (big blind) mucked
Seat 6: Chessnok (button) (small blind) showed [7c Tc] and won ($59.50) with a straight, Six to Ten


PokerStars Hand #159585704986:  Hold'em Limit ($3/$6 USD) - 2016/10/07 3:07:02 ET
Table 'Utopia' 6-max Seat #5 is the button
Seat 5: ChinaBoy420 ($50.57 in chips)
Seat 6: Chessnok ($179.46 in chips)
ChinaBoy420: posts small blind $1
Chessnok: posts big blind $3
*** HOLE CARDS ***
ChinaBoy420 said, "u ever hit?"
ChinaBoy420 said, "lol"
ChinaBoy420: folds
Uncalled bet ($2) returned to Chessnok
Chessnok collected $2 from pot
Chessnok: doesn't show hand
*** SUMMARY ***
Total pot $2 | Rake $0
Seat 5: ChinaBoy420 (button) (small blind) folded before Flop
Seat 6: Chessnok (big blind) collected ($2)


PokerStars Hand #159585700390:  Hold'em Limit ($3/$6 USD) - 2016/10/07 3:06:45 ET
Table 'Utopia' 6-max Seat #6 is the button
Seat 5: ChinaBoy420 ($56.57 in chips)
Seat 6: Chessnok ($173.70 in chips)
Chessnok: posts small blind $1
ChinaBoy420: posts big blind $3
*** HOLE CARDS ***
ChinaBoy420 said, "sure"
Chessnok: raises $3 to $6
ChinaBoy420: calls $3
*** FLOP *** [Kh Ts 9d]
ChinaBoy420: checks
Chessnok: bets $3
ChinaBoy420: folds
Uncalled bet ($3) returned to Chessnok
Chessnok collected $11.76 from pot
Chessnok: doesn't show hand
*** SUMMARY ***
Total pot $12 | Rake $0.24
Board [Kh Ts 9d]
Seat 5: ChinaBoy420 (big blind) folded on the Flop
Seat 6: Chessnok (button) (small blind) collected ($11.76)


PokerStars Hand #159585693920:  Hold'em Limit ($3/$6 USD) - 2016/10/07 3:06:20 ET
Table 'Utopia' 6-max Seat #5 is the button
Seat 5: ChinaBoy420 ($86.57 in chips)
Seat 6: Chessnok ($144.20 in chips)
ChinaBoy420: posts small blind $1
Chessnok: posts big blind $3
*** HOLE CARDS ***
ChinaBoy420: raises $3 to $6
Chessnok: calls $3
*** FLOP *** [Qh 3h 9h]
Chessnok: checks
ChinaBoy420: checks
*** TURN *** [Qh 3h 9h] [8c]
Chessnok: bets $6
ChinaBoy420: raises $6 to $12
Chessnok: raises $6 to $18
ChinaBoy420: calls $6
*** RIVER *** [Qh 3h 9h 8c] [Jh]
Chessnok: bets $6
ChinaBoy420: calls $6
*** SHOW DOWN ***
Chessnok: shows [Kh 7h] (a flush, King high)
ChinaBoy420: mucks hand
Chessnok collected $59.50 from pot
*** SUMMARY ***
Total pot $60 | Rake $0.50
Board [Qh 3h 9h 8c Jh]
Seat 5: ChinaBoy420 (button) (small blind) mucked
Seat 6: Chessnok (big blind) showed [Kh 7h] and won ($59.50) with a flush, King high


PokerStars Hand #159585712694:  Hold'em Limit ($3/$6 USD) - 2016/10/07 3:07:31 ET
Table 'Utopia' 6-max Seat #5 is the button
Seat 5: ChinaBoy420 ($19.57 in chips)
Seat 6: Chessnok ($209.96 in chips)
ChinaBoy420: posts small blind $1
Chessnok: posts big blind $3
*** HOLE CARDS ***
ChinaBoy420 said, "ok ok"
ChinaBoy420 said, "i get it"
ChinaBoy420 said, "re tard pity is on... u win"
ChinaBoy420: folds
Uncalled bet ($2) returned to Chessnok
Chessnok collected $2 from pot
Chessnok: doesn't show hand
*** SUMMARY ***
Total pot $2 | Rake $0
Seat 5: ChinaBoy420 (button) (small blind) folded before Flop
Seat 6: Chessnok (big blind) collected ($2)


