PokerStars Hand #144784421578:  Hold'em Limit ($3/$6 USD) - 2015/12/03 19:07:31 ET
Table 'Utopia' 6-max Seat #1 is the button
Seat 1: B_loJkl ($322.42 in chips)
Seat 6: LukaSteel ($146 in chips)
B_loJkl: posts small blind $1
Ziggysguitar: is sitting out
LukaSteel: posts big blind $3
*** HOLE CARDS ***
B_loJkl: raises $3 to $6
Ziggysguitar leaves the table
LukaSteel: folds
Uncalled bet ($3) returned to B_loJkl
B_loJkl collected $6 from pot
B_loJkl: doesn't show hand
*** SUMMARY ***
Total pot $6 | Rake $0
Seat 1: B_loJkl (button) (small blind) collected ($6)
Seat 6: LukaSteel (big blind) folded before Flop


PokerStars Hand #144784499079:  Hold'em Limit ($3/$6 USD) - 2015/12/03 19:09:29 ET
Table 'Utopia' 6-max Seat #2 is the button
Seat 2: rammerjr ($67.57 in chips)
Seat 3: craaa ($120 in chips)
rammerjr: posts small blind $1
craaa: posts big blind $3
*** HOLE CARDS ***
rammerjr: folds
Uncalled bet ($2) returned to craaa
craaa collected $2 from pot
craaa: doesn't show hand
*** SUMMARY ***
Total pot $2 | Rake $0
Seat 2: rammerjr (button) (small blind) folded before Flop
Seat 3: craaa (big blind) collected ($2)


PokerStars Hand #144784540327:  Hold'em Limit ($3/$6 USD) - 2015/12/03 19:10:32 ET
Table 'Utopia' 6-max Seat #2 is the button
Seat 2: rammerjr ($81.07 in chips)
Seat 3: craaa ($106 in chips)
rammerjr: posts small blind $1
craaa: posts big blind $3
*** HOLE CARDS ***
rammerjr: folds
Uncalled bet ($2) returned to craaa
craaa collected $2 from pot
craaa: doesn't show hand
*** SUMMARY ***
Total pot $2 | Rake $0
Seat 2: rammerjr (button) (small blind) folded before Flop
Seat 3: craaa (big blind) collected ($2)


PokerStars Hand #144784502513:  Hold'em Limit ($3/$6 USD) - 2015/12/03 19:09:34 ET
Table 'Utopia' 6-max Seat #3 is the button
Seat 2: rammerjr ($66.57 in chips)
Seat 3: craaa ($121 in chips)
craaa: posts small blind $1
rammerjr: posts big blind $3
*** HOLE CARDS ***
craaa: raises $3 to $6
rammerjr: calls $3
*** FLOP *** [5d Ts 3d]
rammerjr: checks
craaa: bets $3
rammerjr: calls $3
*** TURN *** [5d Ts 3d] [Jd]
rammerjr: checks
craaa: checks
*** RIVER *** [5d Ts 3d Jd] [7s]
rammerjr: bets $6
craaa: calls $6
*** SHOW DOWN ***
rammerjr: shows [Tc Ad] (a pair of Tens)
craaa: mucks hand
rammerjr collected $29.50 from pot
*** SUMMARY ***
Total pot $30 | Rake $0.50
Board [5d Ts 3d Jd 7s]
Seat 2: rammerjr (big blind) showed [Tc Ad] and won ($29.50) with a pair of Tens
Seat 3: craaa (button) (small blind) mucked


PokerStars Hand #144784543794:  Hold'em Limit ($3/$6 USD) - 2015/12/03 19:10:37 ET
Table 'Utopia' 6-max Seat #3 is the button
Seat 2: rammerjr ($80.07 in chips)
Seat 3: craaa ($107 in chips)
craaa: posts small blind $1
rammerjr: posts big blind $3
*** HOLE CARDS ***
craaa: raises $3 to $6
rammerjr: calls $3
*** FLOP *** [2c 9d As]
rammerjr: checks
craaa: bets $3
rammerjr: folds
Uncalled bet ($3) returned to craaa
craaa collected $11.76 from pot
craaa: doesn't show hand
*** SUMMARY ***
Total pot $12 | Rake $0.24
Board [2c 9d As]
Seat 2: rammerjr (big blind) folded on the Flop
Seat 3: craaa (button) (small blind) collected ($11.76)


PokerStars Hand #144784564784:  Hold'em Limit ($3/$6 USD) - 2015/12/03 19:11:09 ET
Table 'Utopia' 6-max Seat #2 is the button
Seat 2: rammerjr ($74.07 in chips)
Seat 3: craaa ($112.76 in chips)
rammerjr: posts small blind $1
craaa: posts big blind $3
*** HOLE CARDS ***
rammerjr: folds
Uncalled bet ($2) returned to craaa
craaa collected $2 from pot
craaa: doesn't show hand
*** SUMMARY ***
Total pot $2 | Rake $0
Seat 2: rammerjr (button) (small blind) folded before Flop
Seat 3: craaa (big blind) collected ($2)


PokerStars Hand #144784585561:  Hold'em Limit ($3/$6 USD) - 2015/12/03 19:11:41 ET
Table 'Utopia' 6-max Seat #2 is the button
Seat 2: rammerjr ($81.71 in chips)
Seat 3: craaa ($104.76 in chips)
rammerjr: posts small blind $1
craaa: posts big blind $3
*** HOLE CARDS ***
rammerjr: calls $2
craaa: checks
*** FLOP *** [7c 8h 3d]
craaa: bets $3
rammerjr: folds
Uncalled bet ($3) returned to craaa
craaa collected $5.88 from pot
craaa: doesn't show hand
*** SUMMARY ***
Total pot $6 | Rake $0.12
Board [7c 8h 3d]
Seat 2: rammerjr (button) (small blind) folded on the Flop
Seat 3: craaa (big blind) collected ($5.88)


PokerStars Hand #144784567663:  Hold'em Limit ($3/$6 USD) - 2015/12/03 19:11:14 ET
Table 'Utopia' 6-max Seat #3 is the button
Seat 2: rammerjr ($73.07 in chips)
Seat 3: craaa ($113.76 in chips)
craaa: posts small blind $1
rammerjr: posts big blind $3
*** HOLE CARDS ***
craaa: raises $3 to $6
rammerjr: calls $3
*** FLOP *** [8d 6h 8h]
rammerjr: checks
craaa: bets $3
rammerjr: calls $3
*** TURN *** [8d 6h 8h] [6s]
rammerjr: checks
craaa: checks
*** RIVER *** [8d 6h 8h 6s] [Ah]
rammerjr: bets $6
craaa: folds
Uncalled bet ($6) returned to rammerjr
rammerjr collected $17.64 from pot
*** SUMMARY ***
Total pot $18 | Rake $0.36
Board [8d 6h 8h 6s Ah]
Seat 2: rammerjr (big blind) collected ($17.64)
Seat 3: craaa (button) (small blind) folded on the River


PokerStars Hand #144784636861:  Hold'em Limit ($3/$6 USD) - 2015/12/03 19:13:01 ET
Table 'Utopia' 6-max Seat #3 is the button
Seat 2: rammerjr ($68.71 in chips)
Seat 3: craaa ($117.28 in chips)
craaa: posts small blind $1
rammerjr: posts big blind $3
*** HOLE CARDS ***
craaa: raises $3 to $6
rammerjr: calls $3
*** FLOP *** [2d 3d 8d]
rammerjr: bets $3
craaa: raises $3 to $6
rammerjr: calls $3
*** TURN *** [2d 3d 8d] [7d]
rammerjr: checks
craaa: checks
*** RIVER *** [2d 3d 8d 7d] [6c]
rammerjr: checks
craaa: checks
*** SHOW DOWN ***
rammerjr: shows [Qs 3c] (a pair of Threes)
craaa: mucks hand
rammerjr collected $23.52 from pot
*** SUMMARY ***
Total pot $24 | Rake $0.48
Board [2d 3d 8d 7d 6c]
Seat 2: rammerjr (big blind) showed [Qs 3c] and won ($23.52) with a pair of Threes
Seat 3: craaa (button) (small blind) mucked


PokerStars Hand #144784633524:  Hold'em Limit ($3/$6 USD) - 2015/12/03 19:12:56 ET
Table 'Utopia' 6-max Seat #2 is the button
Seat 2: rammerjr ($69.71 in chips)
Seat 3: craaa ($116.28 in chips)
rammerjr: posts small blind $1
craaa: posts big blind $3
*** HOLE CARDS ***
rammerjr: folds
Uncalled bet ($2) returned to craaa
craaa collected $2 from pot
craaa: doesn't show hand
*** SUMMARY ***
Total pot $2 | Rake $0
Seat 2: rammerjr (button) (small blind) folded before Flop
Seat 3: craaa (big blind) collected ($2)


PokerStars Hand #144784603347:  Hold'em Limit ($3/$6 USD) - 2015/12/03 19:12:08 ET
Table 'Utopia' 6-max Seat #3 is the button
Seat 2: rammerjr ($78.71 in chips)
Seat 3: craaa ($107.64 in chips)
craaa: posts small blind $1
rammerjr: posts big blind $3
*** HOLE CARDS ***
craaa: raises $3 to $6
rammerjr: calls $3
*** FLOP *** [Qh 4s 6c]
rammerjr: checks
craaa: bets $3
rammerjr: calls $3
*** TURN *** [Qh 4s 6c] [7c]
rammerjr: checks
craaa: bets $6
rammerjr: folds
Uncalled bet ($6) returned to craaa
craaa collected $17.64 from pot
craaa: doesn't show hand
*** SUMMARY ***
Total pot $18 | Rake $0.36
Board [Qh 4s 6c 7c]
Seat 2: rammerjr (big blind) folded on the Turn
Seat 3: craaa (button) (small blind) collected ($17.64)


PokerStars Hand #144784668962:  Hold'em Limit ($3/$6 USD) - 2015/12/03 19:13:51 ET
Table 'Utopia' 6-max Seat #3 is the button
Seat 2: rammerjr ($85.99 in chips)
Seat 3: craaa ($99.28 in chips)
craaa: posts small blind $1
rammerjr: posts big blind $3
*** HOLE CARDS ***
craaa: folds
Uncalled bet ($2) returned to rammerjr
rammerjr collected $2 from pot
*** SUMMARY ***
Total pot $2 | Rake $0
Seat 2: rammerjr (big blind) collected ($2)
Seat 3: craaa (button) (small blind) folded before Flop


PokerStars Hand #144784653140:  Hold'em Limit ($3/$6 USD) - 2015/12/03 19:13:26 ET
Table 'Utopia' 6-max Seat #2 is the button
Seat 2: rammerjr ($80.23 in chips)
Seat 3: craaa ($105.28 in chips)
rammerjr: posts small blind $1
craaa: posts big blind $3
*** HOLE CARDS ***
rammerjr: raises $3 to $6
craaa: calls $3
*** FLOP *** [5d As 3h]
craaa: checks
rammerjr: bets $3
craaa: folds
Uncalled bet ($3) returned to rammerjr
rammerjr collected $11.76 from pot
*** SUMMARY ***
Total pot $12 | Rake $0.24
Board [5d As 3h]
Seat 2: rammerjr (button) (small blind) collected ($11.76)
Seat 3: craaa (big blind) folded on the Flop


PokerStars Hand #144784672838:  Hold'em Limit ($3/$6 USD) - 2015/12/03 19:13:57 ET
Table 'Utopia' 6-max Seat #2 is the button
Seat 2: rammerjr ($86.99 in chips)
Seat 3: craaa ($98.28 in chips)
rammerjr: posts small blind $1
craaa: posts big blind $3
*** HOLE CARDS ***
rammerjr: raises $3 to $6
craaa: calls $3
*** FLOP *** [Jh 6c 3d]
craaa: checks
rammerjr: checks
*** TURN *** [Jh 6c 3d] [2s]
craaa: bets $6
rammerjr: calls $6
*** RIVER *** [Jh 6c 3d 2s] [Kd]
craaa: bets $6
rammerjr: calls $6
*** SHOW DOWN ***
craaa: shows [7c Kc] (a pair of Kings)
rammerjr: mucks hand
craaa collected $35.50 from pot
*** SUMMARY ***
Total pot $36 | Rake $0.50
Board [Jh 6c 3d 2s Kd]
Seat 2: rammerjr (button) (small blind) mucked
Seat 3: craaa (big blind) showed [7c Kc] and won ($35.50) with a pair of Kings


PokerStars Hand #144784714045:  Hold'em Limit ($3/$6 USD) - 2015/12/03 19:15:01 ET
Table 'Utopia' 6-max Seat #3 is the button
Seat 2: rammerjr ($37.99 in chips)
Seat 3: craaa ($146.28 in chips)
craaa: posts small blind $1
rammerjr: posts big blind $3
*** HOLE CARDS ***
craaa: raises $3 to $6
rammerjr: folds
Uncalled bet ($3) returned to craaa
craaa collected $6 from pot
craaa: doesn't show hand
*** SUMMARY ***
Total pot $6 | Rake $0
Seat 2: rammerjr (big blind) folded before Flop
Seat 3: craaa (button) (small blind) collected ($6)


PokerStars Hand #144784709854:  Hold'em Limit ($3/$6 USD) - 2015/12/03 19:14:54 ET
Table 'Utopia' 6-max Seat #2 is the button
Seat 2: rammerjr ($38.99 in chips)
Seat 3: craaa ($145.28 in chips)
rammerjr: posts small blind $1
craaa: posts big blind $3
*** HOLE CARDS ***
rammerjr: folds
Uncalled bet ($2) returned to craaa
craaa collected $2 from pot
craaa: doesn't show hand
*** SUMMARY ***
Total pot $2 | Rake $0
Seat 2: rammerjr (button) (small blind) folded before Flop
Seat 3: craaa (big blind) collected ($2)


PokerStars Hand #144784725312:  Hold'em Limit ($3/$6 USD) - 2015/12/03 19:15:18 ET
Table 'Utopia' 6-max Seat #3 is the button
Seat 2: rammerjr ($28.99 in chips)
Seat 3: craaa ($155.04 in chips)
craaa: posts small blind $1
rammerjr: posts big blind $3
*** HOLE CARDS ***
craaa: raises $3 to $6
rammerjr: folds
Uncalled bet ($3) returned to craaa
craaa collected $6 from pot
craaa: doesn't show hand
*** SUMMARY ***
Total pot $6 | Rake $0
Seat 2: rammerjr (big blind) folded before Flop
Seat 3: craaa (button) (small blind) collected ($6)


PokerStars Hand #144784717914:  Hold'em Limit ($3/$6 USD) - 2015/12/03 19:15:06 ET
Table 'Utopia' 6-max Seat #2 is the button
Seat 2: rammerjr ($34.99 in chips)
Seat 3: craaa ($149.28 in chips)
rammerjr: posts small blind $1
craaa: posts big blind $3
*** HOLE CARDS ***
rammerjr: calls $2
craaa: raises $3 to $6
rammerjr: calls $3
*** FLOP *** [Qh As 8c]
craaa: bets $3
rammerjr: folds
Uncalled bet ($3) returned to craaa
craaa collected $11.76 from pot
craaa: doesn't show hand
*** SUMMARY ***
Total pot $12 | Rake $0.24
Board [Qh As 8c]
Seat 2: rammerjr (button) (small blind) folded on the Flop
Seat 3: craaa (big blind) collected ($11.76)


PokerStars Hand #144784729199:  Hold'em Limit ($3/$6 USD) - 2015/12/03 19:15:24 ET
Table 'Utopia' 6-max Seat #2 is the button
Seat 2: rammerjr ($25.99 in chips)
Seat 3: craaa ($158.04 in chips)
rammerjr: posts small blind $1
craaa: posts big blind $3
*** HOLE CARDS ***
rammerjr: folds
Uncalled bet ($2) returned to craaa
craaa collected $2 from pot
craaa: doesn't show hand
*** SUMMARY ***
Total pot $2 | Rake $0
Seat 2: rammerjr (button) (small blind) folded before Flop
Seat 3: craaa (big blind) collected ($2)


PokerStars Hand #144784693177:  Hold'em Limit ($3/$6 USD) - 2015/12/03 19:14:28 ET
Table 'Utopia' 6-max Seat #3 is the button
Seat 2: rammerjr ($68.99 in chips)
Seat 3: craaa ($115.78 in chips)
craaa: posts small blind $1
rammerjr: posts big blind $3
*** HOLE CARDS ***
craaa: raises $3 to $6
rammerjr: raises $3 to $9
craaa: calls $3
*** FLOP *** [Js 5c Qc]
rammerjr: bets $3
craaa: calls $3
*** TURN *** [Js 5c Qc] [5s]
rammerjr: bets $6
craaa: raises $6 to $12
rammerjr: calls $6
*** RIVER *** [Js 5c Qc 5s] [2s]
rammerjr: checks
craaa: bets $6
rammerjr: calls $6
*** SHOW DOWN ***
craaa: shows [4h 5h] (three of a kind, Fives)
rammerjr: mucks hand
craaa collected $59.50 from pot
*** SUMMARY ***
Total pot $60 | Rake $0.50
Board [Js 5c Qc 5s 2s]
Seat 2: rammerjr (big blind) mucked
Seat 3: craaa (button) (small blind) showed [4h 5h] and won ($59.50) with three of a kind, Fives


PokerStars Hand #144784742928:  Hold'em Limit ($3/$6 USD) - 2015/12/03 19:15:45 ET
Table 'Utopia' 6-max Seat #2 is the button
Seat 2: rammerjr ($15.99 in chips)
Seat 3: craaa ($167.68 in chips)
rammerjr: posts small blind $1
craaa: posts big blind $3
*** HOLE CARDS ***
rammerjr: calls $2
craaa: raises $3 to $6
rammerjr: calls $3
*** FLOP *** [Kd 4h 2h]
craaa: bets $3
rammerjr: raises $3 to $6
craaa: raises $3 to $9
rammerjr: calls $3
*** TURN *** [Kd 4h 2h] [Qc]
craaa: bets $6
rammerjr: calls $0.99 and is all-in
Uncalled bet ($5.01) returned to craaa
*** RIVER *** [Kd 4h 2h Qc] [8h]
*** SHOW DOWN ***
craaa: shows [Jh 9s] (high card King)
rammerjr: shows [Qh 7c] (a pair of Queens)
rammerjr collected $31.48 from pot
*** SUMMARY ***
Total pot $31.98 | Rake $0.50
Board [Kd 4h 2h Qc 8h]
Seat 2: rammerjr (button) (small blind) showed [Qh 7c] and won ($31.48) with a pair of Queens
Seat 3: craaa (big blind) showed [Jh 9s] and lost with high card King


PokerStars Hand #144784733197:  Hold'em Limit ($3/$6 USD) - 2015/12/03 19:15:30 ET
Table 'Utopia' 6-max Seat #3 is the button
Seat 2: rammerjr ($24.99 in chips)
Seat 3: craaa ($159.04 in chips)
craaa: posts small blind $1
rammerjr: posts big blind $3
*** HOLE CARDS ***
craaa: raises $3 to $6
rammerjr: calls $3
*** FLOP *** [9c 3s Kc]
rammerjr: checks
craaa: bets $3
rammerjr: calls $3
*** TURN *** [9c 3s Kc] [Ah]
rammerjr: checks
craaa: bets $6
rammerjr: folds
Uncalled bet ($6) returned to craaa
craaa collected $17.64 from pot
craaa: doesn't show hand
*** SUMMARY ***
Total pot $18 | Rake $0.36
Board [9c 3s Kc Ah]
Seat 2: rammerjr (big blind) folded on the Turn
Seat 3: craaa (button) (small blind) collected ($17.64)


PokerStars Hand #144784759834:  Hold'em Limit ($3/$6 USD) - 2015/12/03 19:16:11 ET
Table 'Utopia' 6-max Seat #3 is the button
Seat 2: rammerjr ($31.48 in chips)
Seat 3: craaa ($151.69 in chips)
craaa: posts small blind $1
rammerjr: posts big blind $3
*** HOLE CARDS ***
craaa: raises $3 to $6
rammerjr: calls $3
*** FLOP *** [5h Js 3h]
rammerjr: checks
craaa: bets $3
rammerjr: calls $3
*** TURN *** [5h Js 3h] [Qd]
rammerjr: checks
craaa: checks
*** RIVER *** [5h Js 3h Qd] [4c]
rammerjr: bets $6
craaa: calls $6
*** SHOW DOWN ***
rammerjr: shows [Td Jd] (a pair of Jacks)
craaa: mucks hand
rammerjr collected $29.50 from pot
*** SUMMARY ***
Total pot $30 | Rake $0.50
Board [5h Js 3h Qd 4c]
Seat 2: rammerjr (big blind) showed [Td Jd] and won ($29.50) with a pair of Jacks
Seat 3: craaa (button) (small blind) mucked


PokerStars Hand #144785978328:  Hold'em Limit ($3/$6 USD) - 2015/12/03 19:49:46 ET
Table 'Utopia' 6-max Seat #3 is the button
Seat 1: mdif ($120 in chips)
Seat 3: lunaatjejans ($120 in chips)
lunaatjejans: posts small blind $1
mdif: posts big blind $3
*** HOLE CARDS ***
lunaatjejans: raises $3 to $6
mdif: calls $3
*** FLOP *** [2c Ts 7c]
mdif: checks
lunaatjejans: bets $3
mdif: raises $3 to $6
lunaatjejans: calls $3
*** TURN *** [2c Ts 7c] [Tc]
mdif: bets $6
lunaatjejans: raises $6 to $12
mdif: calls $6
*** RIVER *** [2c Ts 7c Tc] [2d]
mdif: bets $6
lunaatjejans: raises $6 to $12
mdif: raises $6 to $18
lunaatjejans: raises $6 to $24
Betting is capped
mdif: calls $6
*** SHOW DOWN ***
lunaatjejans: shows [Ac 3c] (a flush, Ace high)
mdif: shows [Th 5s] (a full house, Tens full of Deuces)
GRAILKO joins the table at seat #4
mdif collected $95.50 from pot
*** SUMMARY ***
Total pot $96 | Rake $0.50
Board [2c Ts 7c Tc 2d]
Seat 1: mdif (big blind) showed [Th 5s] and won ($95.50) with a full house, Tens full of Deuces
Seat 3: lunaatjejans (button) (small blind) showed [Ac 3c] and lost with a flush, Ace high


PokerStars Hand #144786756200:  Hold'em Limit ($3/$6 USD) - 2015/12/03 20:14:24 ET
Table 'Utopia' 6-max Seat #4 is the button
Seat 1: mdif ($131.50 in chips)
Seat 4: Moneyfold'n ($110.01 in chips)
Moneyfold'n: posts small blind $1
mdif: posts big blind $3
*** HOLE CARDS ***
Moneyfold'n: raises $3 to $6
mdif: folds
Uncalled bet ($3) returned to Moneyfold'n
Moneyfold'n collected $6 from pot
Moneyfold'n: doesn't show hand
*** SUMMARY ***
Total pot $6 | Rake $0
Seat 1: mdif (big blind) folded before Flop
Seat 4: Moneyfold'n (button) (small blind) collected ($6)


PokerStars Hand #144786733573:  Hold'em Limit ($3/$6 USD) - 2015/12/03 20:13:41 ET
Table 'Utopia' 6-max Seat #1 is the button
Seat 1: mdif ($167.50 in chips)
Seat 4: Moneyfold'n ($74.51 in chips)
mdif: posts small blind $1
Moneyfold'n: posts big blind $3
*** HOLE CARDS ***
mdif: raises $3 to $6
Moneyfold'n: raises $3 to $9
mdif: calls $3
*** FLOP *** [6d 5c 2h]
Moneyfold'n: bets $3
mdif: calls $3
*** TURN *** [6d 5c 2h] [Ts]
Moneyfold'n: bets $6
mdif: raises $6 to $12
Moneyfold'n: raises $6 to $18
mdif: calls $6
*** RIVER *** [6d 5c 2h Ts] [3s]
Moneyfold'n: bets $6
mdif: calls $6
*** SHOW DOWN ***
Moneyfold'n: shows [5h 5d] (three of a kind, Fives)
mdif: mucks hand
Moneyfold'n collected $71.50 from pot
*** SUMMARY ***
Total pot $72 | Rake $0.50
Board [6d 5c 2h Ts 3s]
Seat 1: mdif (button) (small blind) mucked
Seat 4: Moneyfold'n (big blind) showed [5h 5d] and won ($71.50) with three of a kind, Fives


PokerStars Hand #144786776806:  Hold'em Limit ($3/$6 USD) - 2015/12/03 20:15:02 ET
Table 'Utopia' 6-max Seat #1 is the button
Seat 1: mdif ($157.76 in chips)
Seat 4: Moneyfold'n ($83.01 in chips)
mdif: posts small blind $1
Moneyfold'n: posts big blind $3
*** HOLE CARDS ***
mdif: raises $3 to $6
Moneyfold'n: calls $3
*** FLOP *** [9c 4s Kd]
Moneyfold'n: checks
mdif: bets $3
Moneyfold'n: calls $3
*** TURN *** [9c 4s Kd] [Tc]
Moneyfold'n: checks
mdif: checks
*** RIVER *** [9c 4s Kd Tc] [Ah]
Moneyfold'n: bets $6
mdif: folds
Uncalled bet ($6) returned to Moneyfold'n
Moneyfold'n collected $17.64 from pot
Moneyfold'n: doesn't show hand
*** SUMMARY ***
Total pot $18 | Rake $0.36
Board [9c 4s Kd Tc Ah]
Seat 1: mdif (button) (small blind) folded on the River
Seat 4: Moneyfold'n (big blind) collected ($17.64)


PokerStars Hand #144786765498:  Hold'em Limit ($3/$6 USD) - 2015/12/03 20:14:41 ET
Table 'Utopia' 6-max Seat #4 is the button
Seat 1: mdif ($134.26 in chips)
Seat 4: Moneyfold'n ($107.01 in chips)
Moneyfold'n: posts small blind $1
mdif: posts big blind $3
*** HOLE CARDS ***
Moneyfold'n: raises $3 to $6
mdif: calls $3
*** FLOP *** [2s 4s 2c]
mdif: checks
Moneyfold'n: bets $3
mdif: raises $3 to $6
Moneyfold'n: calls $3
*** TURN *** [2s 4s 2c] [Qh]
mdif: bets $6
Moneyfold'n: calls $6
*** RIVER *** [2s 4s 2c Qh] [Ks]
mdif: bets $6
Moneyfold'n: calls $6
*** SHOW DOWN ***
mdif: shows [Kc 2d] (a full house, Deuces full of Kings)
Moneyfold'n: mucks hand
mdif collected $47.50 from pot
*** SUMMARY ***
Total pot $48 | Rake $0.50
Board [2s 4s 2c Qh Ks]
Seat 1: mdif (big blind) showed [Kc 2d] and won ($47.50) with a full house, Deuces full of Kings
Seat 4: Moneyfold'n (button) (small blind) mucked


PokerStars Hand #144786759679:  Hold'em Limit ($3/$6 USD) - 2015/12/03 20:14:30 ET
Table 'Utopia' 6-max Seat #1 is the button
Seat 1: mdif ($128.50 in chips)
Seat 4: Moneyfold'n ($113.01 in chips)
mdif: posts small blind $1
Moneyfold'n: posts big blind $3
*** HOLE CARDS ***
mdif: raises $3 to $6
Moneyfold'n: calls $3
*** FLOP *** [Qc 3c Js]
Moneyfold'n: checks
mdif: bets $3
Moneyfold'n: folds
Uncalled bet ($3) returned to mdif
mdif collected $11.76 from pot
mdif: doesn't show hand
*** SUMMARY ***
Total pot $12 | Rake $0.24
Board [Qc 3c Js]
Seat 1: mdif (button) (small blind) collected ($11.76)
Seat 4: Moneyfold'n (big blind) folded on the Flop


PokerStars Hand #144786813483:  Hold'em Limit ($3/$6 USD) - 2015/12/03 20:16:11 ET
Table 'Utopia' 6-max Seat #4 is the button
Seat 1: mdif ($124 in chips)
Seat 4: Moneyfold'n ($119.65 in chips)
Moneyfold'n: posts small blind $1
mdif: posts big blind $3
*** HOLE CARDS ***
Moneyfold'n: raises $3 to $6
mdif: folds
Uncalled bet ($3) returned to Moneyfold'n
Moneyfold'n collected $6 from pot
Moneyfold'n: doesn't show hand
*** SUMMARY ***
Total pot $6 | Rake $0
Seat 1: mdif (big blind) folded before Flop
Seat 4: Moneyfold'n (button) (small blind) collected ($6)


PokerStars Hand #144786810935:  Hold'em Limit ($3/$6 USD) - 2015/12/03 20:16:06 ET
Table 'Utopia' 6-max Seat #1 is the button
Seat 1: mdif ($121 in chips)
Seat 4: Moneyfold'n ($122.65 in chips)
mdif: posts small blind $1
Moneyfold'n: posts big blind $3
*** HOLE CARDS ***
mdif: raises $3 to $6
Moneyfold'n: folds
Uncalled bet ($3) returned to mdif
mdif collected $6 from pot
mdif: doesn't show hand
*** SUMMARY ***
Total pot $6 | Rake $0
Seat 1: mdif (button) (small blind) collected ($6)
Seat 4: Moneyfold'n (big blind) folded before Flop


PokerStars Hand #144786808750:  Hold'em Limit ($3/$6 USD) - 2015/12/03 20:16:02 ET
Table 'Utopia' 6-max Seat #4 is the button
Seat 1: mdif ($120 in chips)
Seat 4: Moneyfold'n ($123.65 in chips)
Moneyfold'n: posts small blind $1
mdif: posts big blind $3
*** HOLE CARDS ***
Moneyfold'n: folds
Uncalled bet ($2) returned to mdif
mdif collected $2 from pot
mdif: doesn't show hand
*** SUMMARY ***
Total pot $2 | Rake $0
Seat 1: mdif (big blind) collected ($2)
Seat 4: Moneyfold'n (button) (small blind) folded before Flop


PokerStars Hand #144786799226:  Hold'em Limit ($3/$6 USD) - 2015/12/03 20:15:44 ET
Table 'Utopia' 6-max Seat #1 is the button
Seat 1: mdif ($130.76 in chips)
Seat 4: Moneyfold'n ($109.15 in chips)
mdif: posts small blind $1
Moneyfold'n: posts big blind $3
*** HOLE CARDS ***
mdif: raises $3 to $6
Moneyfold'n: calls $3
*** FLOP *** [Jc 5c Qs]
Moneyfold'n: checks
mdif: bets $3
Moneyfold'n: calls $3
*** TURN *** [Jc 5c Qs] [3c]
Moneyfold'n: checks
mdif: checks
*** RIVER *** [Jc 5c Qs 3c] [6s]
Moneyfold'n: bets $6
mdif: calls $6
*** SHOW DOWN ***
Moneyfold'n: shows [Jd 8h] (a pair of Jacks)
mdif: mucks hand
Moneyfold'n collected $29.50 from pot
*** SUMMARY ***
Total pot $30 | Rake $0.50
Board [Jc 5c Qs 3c 6s]
Seat 1: mdif (button) (small blind) mucked
Seat 4: Moneyfold'n (big blind) showed [Jd 8h] and won ($29.50) with a pair of Jacks


PokerStars Hand #144786788497:  Hold'em Limit ($3/$6 USD) - 2015/12/03 20:15:24 ET
Table 'Utopia' 6-max Seat #4 is the button
Seat 1: mdif ($148.76 in chips)
Seat 4: Moneyfold'n ($91.65 in chips)
Moneyfold'n: posts small blind $1
mdif: posts big blind $3
*** HOLE CARDS ***
Moneyfold'n: raises $3 to $6
mdif: calls $3
*** FLOP *** [7h Jd 6c]
mdif: checks
Moneyfold'n: checks
*** TURN *** [7h Jd 6c] [Th]
mdif: bets $6
Moneyfold'n: calls $6
*** RIVER *** [7h Jd 6c Th] [Qh]
mdif: bets $6
Moneyfold'n: raises $6 to $12
mdif: folds
Uncalled bet ($6) returned to Moneyfold'n
Moneyfold'n collected $35.50 from pot
Moneyfold'n: doesn't show hand
*** SUMMARY ***
Total pot $36 | Rake $0.50
Board [7h Jd 6c Th Qh]
Seat 1: mdif (big blind) folded on the River
Seat 4: Moneyfold'n (button) (small blind) collected ($35.50)


PokerStars Hand #144786853588:  Hold'em Limit ($3/$6 USD) - 2015/12/03 20:17:27 ET
Table 'Utopia' 6-max Seat #4 is the button
Seat 1: mdif ($129.64 in chips)
Seat 4: Moneyfold'n ($128.05 in chips)
Moneyfold'n: posts small blind $1
mdif: posts big blind $3
*** HOLE CARDS ***
Moneyfold'n: folds
Uncalled bet ($2) returned to mdif
mdif collected $2 from pot
mdif: doesn't show hand
*** SUMMARY ***
Total pot $2 | Rake $0
Seat 1: mdif (big blind) collected ($2)
Seat 4: Moneyfold'n (button) (small blind) folded before Flop


PokerStars Hand #144786843205:  Hold'em Limit ($3/$6 USD) - 2015/12/03 20:17:07 ET
Table 'Utopia' 6-max Seat #1 is the button
Seat 1: mdif ($121 in chips)
Seat 4: Moneyfold'n ($137.05 in chips)
mdif: posts small blind $1
Moneyfold'n: posts big blind $3
*** HOLE CARDS ***
mdif: raises $3 to $6
Moneyfold'n: calls $3
*** FLOP *** [Jh 9s Ah]
Moneyfold'n: checks
mdif: bets $3
Moneyfold'n: calls $3
*** TURN *** [Jh 9s Ah] [9h]
Moneyfold'n: checks
mdif: checks
*** RIVER *** [Jh 9s Ah 9h] [Kd]
Moneyfold'n: checks
mdif: checks
*** SHOW DOWN ***
Moneyfold'n: shows [7h 8s] (a pair of Nines)
mdif: shows [Qs 6s] (a pair of Nines - Ace+King+Queen kicker)
mdif collected $17.64 from pot
*** SUMMARY ***
Total pot $18 | Rake $0.36
Board [Jh 9s Ah 9h Kd]
Seat 1: mdif (button) (small blind) showed [Qs 6s] and won ($17.64) with a pair of Nines
Seat 4: Moneyfold'n (big blind) showed [7h 8s] and lost with a pair of Nines


PokerStars Hand #144786840976:  Hold'em Limit ($3/$6 USD) - 2015/12/03 20:17:03 ET
Table 'Utopia' 6-max Seat #4 is the button
Seat 1: mdif ($120 in chips)
Seat 4: Moneyfold'n ($138.05 in chips)
Moneyfold'n: posts small blind $1
mdif: posts big blind $3
*** HOLE CARDS ***
Moneyfold'n: folds
Uncalled bet ($2) returned to mdif
mdif collected $2 from pot
mdif: doesn't show hand
*** SUMMARY ***
Total pot $2 | Rake $0
Seat 1: mdif (big blind) collected ($2)
Seat 4: Moneyfold'n (button) (small blind) folded before Flop


PokerStars Hand #144786838184:  Hold'em Limit ($3/$6 USD) - 2015/12/03 20:16:57 ET
Table 'Utopia' 6-max Seat #1 is the button
Seat 1: mdif ($121 in chips)
Seat 4: Moneyfold'n ($137.05 in chips)
mdif: posts small blind $1
Moneyfold'n: posts big blind $3
*** HOLE CARDS ***
mdif: folds
Uncalled bet ($2) returned to Moneyfold'n
Moneyfold'n collected $2 from pot
Moneyfold'n: doesn't show hand
*** SUMMARY ***
Total pot $2 | Rake $0
Seat 1: mdif (button) (small blind) folded before Flop
Seat 4: Moneyfold'n (big blind) collected ($2)


PokerStars Hand #144786835886:  Hold'em Limit ($3/$6 USD) - 2015/12/03 20:16:53 ET
Table 'Utopia' 6-max Seat #4 is the button
Seat 1: mdif ($120 in chips)
Seat 4: Moneyfold'n ($138.05 in chips)
Moneyfold'n: posts small blind $1
mdif: posts big blind $3
*** HOLE CARDS ***
Moneyfold'n: folds
Uncalled bet ($2) returned to mdif
mdif collected $2 from pot
mdif: doesn't show hand
*** SUMMARY ***
Total pot $2 | Rake $0
Seat 1: mdif (big blind) collected ($2)
Seat 4: Moneyfold'n (button) (small blind) folded before Flop


PokerStars Hand #144786826407:  Hold'em Limit ($3/$6 USD) - 2015/12/03 20:16:35 ET
Table 'Utopia' 6-max Seat #4 is the button
Seat 1: mdif ($120 in chips)
Seat 4: Moneyfold'n ($131.29 in chips)
Moneyfold'n: posts small blind $1
mdif: posts big blind $3
*** HOLE CARDS ***
Moneyfold'n: raises $3 to $6
mdif: calls $3
*** FLOP *** [8d Td Ks]
mdif: checks
Moneyfold'n: bets $3
mdif: folds
Uncalled bet ($3) returned to Moneyfold'n
Moneyfold'n collected $11.76 from pot
Moneyfold'n: doesn't show hand
*** SUMMARY ***
Total pot $12 | Rake $0.24
Board [8d Td Ks]
Seat 1: mdif (big blind) folded on the Flop
Seat 4: Moneyfold'n (button) (small blind) collected ($11.76)


PokerStars Hand #144786816827:  Hold'em Limit ($3/$6 USD) - 2015/12/03 20:16:17 ET
Table 'Utopia' 6-max Seat #1 is the button
Seat 1: mdif ($121 in chips)
Seat 4: Moneyfold'n ($122.65 in chips)
mdif: posts small blind $1
Moneyfold'n: posts big blind $3
*** HOLE CARDS ***
mdif: raises $3 to $6
Moneyfold'n: calls $3
*** FLOP *** [Js 9d 2s]
Moneyfold'n: checks
mdif: bets $3
Moneyfold'n: calls $3
*** TURN *** [Js 9d 2s] [6d]
Moneyfold'n: checks
mdif: checks
*** RIVER *** [Js 9d 2s 6d] [Kd]
Moneyfold'n: checks
mdif: checks
*** SHOW DOWN ***
Moneyfold'n: shows [7s Qc] (high card King)
mdif: mucks hand
Moneyfold'n collected $17.64 from pot
*** SUMMARY ***
Total pot $18 | Rake $0.36
Board [Js 9d 2s 6d Kd]
Seat 1: mdif (button) (small blind) mucked
Seat 4: Moneyfold'n (big blind) showed [7s Qc] and won ($17.64) with high card King


PokerStars Hand #144786873449:  Hold'em Limit ($3/$6 USD) - 2015/12/03 20:18:04 ET
Table 'Utopia' 6-max Seat #1 is the button
Seat 1: mdif ($155.14 in chips)
Seat 4: Moneyfold'n ($102.05 in chips)
mdif: posts small blind $1
Moneyfold'n: posts big blind $3
*** HOLE CARDS ***
mdif: raises $3 to $6
Moneyfold'n: calls $3
*** FLOP *** [5d As 7h]
Moneyfold'n: checks
mdif: bets $3
Moneyfold'n: calls $3
*** TURN *** [5d As 7h] [Ac]
Moneyfold'n: checks
mdif: checks
*** RIVER *** [5d As 7h Ac] [2s]
Moneyfold'n: bets $6
mdif: folds
Uncalled bet ($6) returned to Moneyfold'n
Moneyfold'n collected $17.64 from pot
Moneyfold'n: doesn't show hand
*** SUMMARY ***
Total pot $18 | Rake $0.36
Board [5d As 7h Ac 2s]
Seat 1: mdif (button) (small blind) folded on the River
Seat 4: Moneyfold'n (big blind) collected ($17.64)


PokerStars Hand #144786871430:  Hold'em Limit ($3/$6 USD) - 2015/12/03 20:18:00 ET
Table 'Utopia' 6-max Seat #4 is the button
Seat 1: mdif ($154.14 in chips)
Seat 4: Moneyfold'n ($103.05 in chips)
Moneyfold'n: posts small blind $1
mdif: posts big blind $3
*** HOLE CARDS ***
Moneyfold'n: folds
Uncalled bet ($2) returned to mdif
mdif collected $2 from pot
mdif: doesn't show hand
*** SUMMARY ***
Total pot $2 | Rake $0
Seat 1: mdif (big blind) collected ($2)
Seat 4: Moneyfold'n (button) (small blind) folded before Flop


PokerStars Hand #144786866558:  Hold'em Limit ($3/$6 USD) - 2015/12/03 20:17:51 ET
Table 'Utopia' 6-max Seat #4 is the button
Seat 1: mdif ($154.14 in chips)
Seat 4: Moneyfold'n ($103.05 in chips)
Moneyfold'n: posts small blind $1
mdif: posts big blind $3
*** HOLE CARDS ***
Moneyfold'n: folds
Uncalled bet ($2) returned to mdif
mdif collected $2 from pot
mdif: doesn't show hand
*** SUMMARY ***
Total pot $2 | Rake $0
Seat 1: mdif (big blind) collected ($2)
Seat 4: Moneyfold'n (button) (small blind) folded before Flop


PokerStars Hand #144786855827:  Hold'em Limit ($3/$6 USD) - 2015/12/03 20:17:31 ET
Table 'Utopia' 6-max Seat #1 is the button
Seat 1: mdif ($130.64 in chips)
Seat 4: Moneyfold'n ($127.05 in chips)
mdif: posts small blind $1
Moneyfold'n: posts big blind $3
*** HOLE CARDS ***
mdif: raises $3 to $6
Moneyfold'n: raises $3 to $9
mdif: calls $3
*** FLOP *** [Jh 4c 3d]
Moneyfold'n: bets $3
mdif: calls $3
*** TURN *** [Jh 4c 3d] [4d]
Moneyfold'n: bets $6
mdif: calls $6
*** RIVER *** [Jh 4c 3d 4d] [6c]
Moneyfold'n: bets $6
mdif: calls $6
*** SHOW DOWN ***
Moneyfold'n: shows [Qs Ks] (a pair of Fours)
mdif: shows [5d Ad] (a pair of Fours - Ace kicker)
mdif collected $47.50 from pot
*** SUMMARY ***
Total pot $48 | Rake $0.50
Board [Jh 4c 3d 4d 6c]
Seat 1: mdif (button) (small blind) showed [5d Ad] and won ($47.50) with a pair of Fours
Seat 4: Moneyfold'n (big blind) showed [Qs Ks] and lost with a pair of Fours


PokerStars Hand #144786833349:  Hold'em Limit ($3/$6 USD) - 2015/12/03 20:16:48 ET
Table 'Utopia' 6-max Seat #1 is the button
Seat 1: mdif ($120 in chips)
Seat 4: Moneyfold'n ($137.05 in chips)
mdif: posts small blind $1
Moneyfold'n: posts big blind $3
*** HOLE CARDS ***
mdif: folds
Uncalled bet ($2) returned to Moneyfold'n
Moneyfold'n collected $2 from pot
Moneyfold'n: doesn't show hand
*** SUMMARY ***
Total pot $2 | Rake $0
Seat 1: mdif (button) (small blind) folded before Flop
Seat 4: Moneyfold'n (big blind) collected ($2)


PokerStars Hand #144786889409:  Hold'em Limit ($3/$6 USD) - 2015/12/03 20:18:35 ET
Table 'Utopia' 6-max Seat #1 is the button
Seat 1: mdif ($140.14 in chips)
Seat 4: Moneyfold'n ($116.45 in chips)
mdif: posts small blind $1
Moneyfold'n: posts big blind $3
*** HOLE CARDS ***
mdif: raises $3 to $6
Moneyfold'n: folds
Uncalled bet ($3) returned to mdif
mdif collected $6 from pot
mdif: doesn't show hand
*** SUMMARY ***
Total pot $6 | Rake $0
Seat 1: mdif (button) (small blind) collected ($6)
Seat 4: Moneyfold'n (big blind) folded before Flop


PokerStars Hand #144786915697:  Hold'em Limit ($3/$6 USD) - 2015/12/03 20:19:25 ET
Table 'Utopia' 6-max Seat #4 is the button
Seat 1: mdif ($120 in chips)
Seat 4: Moneyfold'n ($140.95 in chips)
Moneyfold'n: posts small blind $1
mdif: posts big blind $3
*** HOLE CARDS ***
Moneyfold'n: raises $3 to $6
mdif: folds
Uncalled bet ($3) returned to Moneyfold'n
Moneyfold'n collected $6 from pot
Moneyfold'n: doesn't show hand
*** SUMMARY ***
Total pot $6 | Rake $0
Seat 1: mdif (big blind) folded before Flop
Seat 4: Moneyfold'n (button) (small blind) collected ($6)


PokerStars Hand #144786913056:  Hold'em Limit ($3/$6 USD) - 2015/12/03 20:19:20 ET
Table 'Utopia' 6-max Seat #1 is the button
Seat 1: mdif ($121 in chips)
Seat 4: Moneyfold'n ($139.95 in chips)
mdif: posts small blind $1
Moneyfold'n: posts big blind $3
*** HOLE CARDS ***
mdif: folds
Uncalled bet ($2) returned to Moneyfold'n
Moneyfold'n collected $2 from pot
Moneyfold'n: doesn't show hand
*** SUMMARY ***
Total pot $2 | Rake $0
Seat 1: mdif (button) (small blind) folded before Flop
Seat 4: Moneyfold'n (big blind) collected ($2)


PokerStars Hand #144786910624:  Hold'em Limit ($3/$6 USD) - 2015/12/03 20:19:15 ET
Table 'Utopia' 6-max Seat #4 is the button
Seat 1: mdif ($120 in chips)
Seat 4: Moneyfold'n ($140.95 in chips)
Moneyfold'n: posts small blind $1
mdif: posts big blind $3
*** HOLE CARDS ***
Moneyfold'n: folds
Uncalled bet ($2) returned to mdif
mdif collected $2 from pot
mdif: doesn't show hand
*** SUMMARY ***
Total pot $2 | Rake $0
Seat 1: mdif (big blind) collected ($2)
Seat 4: Moneyfold'n (button) (small blind) folded before Flop


PokerStars Hand #144786908175:  Hold'em Limit ($3/$6 USD) - 2015/12/03 20:19:11 ET
Table 'Utopia' 6-max Seat #1 is the button
Seat 1: mdif ($121 in chips)
Seat 4: Moneyfold'n ($139.95 in chips)
mdif: posts small blind $1
Moneyfold'n: posts big blind $3
*** HOLE CARDS ***
mdif: folds
Uncalled bet ($2) returned to Moneyfold'n
Moneyfold'n collected $2 from pot
Moneyfold'n: doesn't show hand
*** SUMMARY ***
Total pot $2 | Rake $0
Seat 1: mdif (button) (small blind) folded before Flop
Seat 4: Moneyfold'n (big blind) collected ($2)


PokerStars Hand #144786905545:  Hold'em Limit ($3/$6 USD) - 2015/12/03 20:19:06 ET
Table 'Utopia' 6-max Seat #4 is the button
Seat 1: mdif ($120 in chips)
Seat 4: Moneyfold'n ($140.95 in chips)
Moneyfold'n: posts small blind $1
mdif: posts big blind $3
*** HOLE CARDS ***
Moneyfold'n: folds
Uncalled bet ($2) returned to mdif
mdif collected $2 from pot
mdif: doesn't show hand
*** SUMMARY ***
Total pot $2 | Rake $0
Seat 1: mdif (big blind) collected ($2)
Seat 4: Moneyfold'n (button) (small blind) folded before Flop


PokerStars Hand #144786902700:  Hold'em Limit ($3/$6 USD) - 2015/12/03 20:19:00 ET
Table 'Utopia' 6-max Seat #1 is the button
Seat 1: mdif ($120 in chips)
Seat 4: Moneyfold'n ($139.95 in chips)
mdif: posts small blind $1
Moneyfold'n: posts big blind $3
*** HOLE CARDS ***
mdif: folds
Uncalled bet ($2) returned to Moneyfold'n
Moneyfold'n collected $2 from pot
Moneyfold'n: doesn't show hand
*** SUMMARY ***
Total pot $2 | Rake $0
Seat 1: mdif (button) (small blind) folded before Flop
Seat 4: Moneyfold'n (big blind) collected ($2)


PokerStars Hand #144786892110:  Hold'em Limit ($3/$6 USD) - 2015/12/03 20:18:40 ET
Table 'Utopia' 6-max Seat #4 is the button
Seat 1: mdif ($143.14 in chips)
Seat 4: Moneyfold'n ($113.45 in chips)
Moneyfold'n: posts small blind $1
mdif: posts big blind $3
*** HOLE CARDS ***
Moneyfold'n: calls $2
mdif: raises $3 to $6
Moneyfold'n: calls $3
*** FLOP *** [9s 3d 7c]
mdif: bets $3
Moneyfold'n: calls $3
*** TURN *** [9s 3d 7c] [Qh]
mdif: bets $6
Moneyfold'n: calls $6
*** RIVER *** [9s 3d 7c Qh] [3h]
mdif: bets $6
Moneyfold'n: raises $6 to $12
mdif: calls $6
*** SHOW DOWN ***
Moneyfold'n: shows [5c 3c] (three of a kind, Threes)
mdif: mucks hand
Moneyfold'n collected $53.50 from pot
*** SUMMARY ***
Total pot $54 | Rake $0.50
Board [9s 3d 7c Qh 3h]
Seat 1: mdif (big blind) mucked
Seat 4: Moneyfold'n (button) (small blind) showed [5c 3c] and won ($53.50) with three of a kind, Threes


PokerStars Hand #144786868921:  Hold'em Limit ($3/$6 USD) - 2015/12/03 20:17:56 ET
Table 'Utopia' 6-max Seat #1 is the button
Seat 1: mdif ($155.14 in chips)
Seat 4: Moneyfold'n ($102.05 in chips)
mdif: posts small blind $1
Moneyfold'n: posts big blind $3
*** HOLE CARDS ***
mdif: folds
Uncalled bet ($2) returned to Moneyfold'n
Moneyfold'n collected $2 from pot
Moneyfold'n: doesn't show hand
*** SUMMARY ***
Total pot $2 | Rake $0
Seat 1: mdif (button) (small blind) folded before Flop
Seat 4: Moneyfold'n (big blind) collected ($2)


PokerStars Hand #144786882840:  Hold'em Limit ($3/$6 USD) - 2015/12/03 20:18:22 ET
Table 'Utopia' 6-max Seat #4 is the button
Seat 1: mdif ($146.14 in chips)
Seat 4: Moneyfold'n ($110.69 in chips)
Moneyfold'n: posts small blind $1
mdif: posts big blind $3
*** HOLE CARDS ***
Moneyfold'n: raises $3 to $6
mdif: calls $3
*** FLOP *** [7s 2c 5s]
mdif: checks
Moneyfold'n: bets $3
mdif: folds
Uncalled bet ($3) returned to Moneyfold'n
Moneyfold'n collected $11.76 from pot
Moneyfold'n: doesn't show hand
*** SUMMARY ***
Total pot $12 | Rake $0.24
Board [7s 2c 5s]
Seat 1: mdif (big blind) folded on the Flop
Seat 4: Moneyfold'n (button) (small blind) collected ($11.76)


PokerStars Hand #144786918830:  Hold'em Limit ($3/$6 USD) - 2015/12/03 20:19:31 ET
Table 'Utopia' 6-max Seat #1 is the button
Seat 1: mdif ($120 in chips)
Seat 4: Moneyfold'n ($143.95 in chips)
mdif: posts small blind $1
Moneyfold'n: posts big blind $3
*** HOLE CARDS ***
mdif: folds
Uncalled bet ($2) returned to Moneyfold'n
Moneyfold'n collected $2 from pot
Moneyfold'n: doesn't show hand
*** SUMMARY ***
Total pot $2 | Rake $0
Seat 1: mdif (button) (small blind) folded before Flop
Seat 4: Moneyfold'n (big blind) collected ($2)


PokerStars Hand #144786941201:  Hold'em Limit ($3/$6 USD) - 2015/12/03 20:20:14 ET
Table 'Utopia' 6-max Seat #4 is the button
Seat 1: mdif ($136.28 in chips)
Seat 4: Moneyfold'n ($127.95 in chips)
Moneyfold'n: posts small blind $1
mdif: posts big blind $3
*** HOLE CARDS ***
Moneyfold'n: folds
Uncalled bet ($2) returned to mdif
mdif collected $2 from pot
mdif: doesn't show hand
*** SUMMARY ***
Total pot $2 | Rake $0
Seat 1: mdif (big blind) collected ($2)
Seat 4: Moneyfold'n (button) (small blind) folded before Flop


PokerStars Hand #144786936103:  Hold'em Limit ($3/$6 USD) - 2015/12/03 20:20:05 ET
Table 'Utopia' 6-max Seat #1 is the button
Seat 1: mdif ($130.52 in chips)
Seat 4: Moneyfold'n ($133.95 in chips)
mdif: posts small blind $1
Moneyfold'n: posts big blind $3
*** HOLE CARDS ***
mdif: raises $3 to $6
Moneyfold'n: calls $3
*** FLOP *** [Kd 6c 6d]
Moneyfold'n: checks
mdif: bets $3
Moneyfold'n: folds
Uncalled bet ($3) returned to mdif
mdif collected $11.76 from pot
mdif: doesn't show hand
*** SUMMARY ***
Total pot $12 | Rake $0.24
Board [Kd 6c 6d]
Seat 1: mdif (button) (small blind) collected ($11.76)
Seat 4: Moneyfold'n (big blind) folded on the Flop


PokerStars Hand #144786946517:  Hold'em Limit ($3/$6 USD) - 2015/12/03 20:20:24 ET
Table 'Utopia' 6-max Seat #4 is the button
Seat 1: mdif ($140.28 in chips)
Seat 4: Moneyfold'n ($123.95 in chips)
Moneyfold'n: posts small blind $1
mdif: posts big blind $3
*** HOLE CARDS ***
Moneyfold'n: folds
Uncalled bet ($2) returned to mdif
mdif collected $2 from pot
mdif: doesn't show hand
*** SUMMARY ***
Total pot $2 | Rake $0
Seat 1: mdif (big blind) collected ($2)
Seat 4: Moneyfold'n (button) (small blind) folded before Flop


PokerStars Hand #144786943638:  Hold'em Limit ($3/$6 USD) - 2015/12/03 20:20:19 ET
Table 'Utopia' 6-max Seat #1 is the button
Seat 1: mdif ($137.28 in chips)
Seat 4: Moneyfold'n ($126.95 in chips)
mdif: posts small blind $1
Moneyfold'n: posts big blind $3
*** HOLE CARDS ***
mdif: raises $3 to $6
Balu100000 joins the table at seat #3
Moneyfold'n: folds
Uncalled bet ($3) returned to mdif
mdif collected $6 from pot
mdif: doesn't show hand
*** SUMMARY ***
Total pot $6 | Rake $0
Seat 1: mdif (button) (small blind) collected ($6)
Seat 4: Moneyfold'n (big blind) folded before Flop


PokerStars Hand #144786929337:  Hold'em Limit ($3/$6 USD) - 2015/12/03 20:19:51 ET
Table 'Utopia' 6-max Seat #4 is the button
Seat 1: mdif ($127.64 in chips)
Seat 4: Moneyfold'n ($136.95 in chips)
Moneyfold'n: posts small blind $1
mdif: posts big blind $3
*** HOLE CARDS ***
Moneyfold'n: calls $2
mdif: checks
*** FLOP *** [9s 4s Th]
mdif: checks
Moneyfold'n: checks
*** TURN *** [9s 4s Th] [Kc]
mdif: bets $6
Moneyfold'n: folds
Uncalled bet ($6) returned to mdif
mdif collected $5.88 from pot
mdif: doesn't show hand
*** SUMMARY ***
Total pot $6 | Rake $0.12
Board [9s 4s Th Kc]
Seat 1: mdif (big blind) collected ($5.88)
Seat 4: Moneyfold'n (button) (small blind) folded on the Turn


PokerStars Hand #144786926678:  Hold'em Limit ($3/$6 USD) - 2015/12/03 20:19:46 ET
Table 'Utopia' 6-max Seat #1 is the button
Seat 1: mdif ($128.64 in chips)
Seat 4: Moneyfold'n ($135.95 in chips)
mdif: posts small blind $1
Moneyfold'n: posts big blind $3
*** HOLE CARDS ***
mdif: folds
Uncalled bet ($2) returned to Moneyfold'n
Moneyfold'n collected $2 from pot
Moneyfold'n: doesn't show hand
*** SUMMARY ***
Total pot $2 | Rake $0
Seat 1: mdif (button) (small blind) folded before Flop
Seat 4: Moneyfold'n (big blind) collected ($2)


PokerStars Hand #144786921503:  Hold'em Limit ($3/$6 USD) - 2015/12/03 20:19:36 ET
Table 'Utopia' 6-max Seat #4 is the button
Seat 1: mdif ($120 in chips)
Seat 4: Moneyfold'n ($144.95 in chips)
Moneyfold'n: posts small blind $1
mdif: posts big blind $3
*** HOLE CARDS ***
Moneyfold'n: raises $3 to $6
mdif: raises $3 to $9
Moneyfold'n: calls $3
*** FLOP *** [4d Jd 8h]
mdif: bets $3
Moneyfold'n: folds
Uncalled bet ($3) returned to mdif
mdif collected $17.64 from pot
mdif: doesn't show hand
*** SUMMARY ***
Total pot $18 | Rake $0.36
Board [4d Jd 8h]
Seat 1: mdif (big blind) collected ($17.64)
Seat 4: Moneyfold'n (button) (small blind) folded on the Flop


PokerStars Hand #144787465048:  Hold'em Limit ($3/$6 USD) - 2015/12/03 20:37:41 ET
Table 'Utopia' 6-max Seat #2 is the button
Seat 2: Peterand11 ($105.18 in chips)
Seat 5: LukaSteel ($167.53 in chips)
Peterand11: posts small blind $1
GRAILKO: is sitting out
LukaSteel: posts big blind $3
*** HOLE CARDS ***
GRAILKO leaves the table
Peterand11: calls $2
LukaSteel: raises $3 to $6
Peterand11: calls $3
*** FLOP *** [2c 6c 4s]
LukaSteel: bets $3
Peterand11: folds
Uncalled bet ($3) returned to LukaSteel
LukaSteel collected $11.76 from pot
LukaSteel: doesn't show hand
*** SUMMARY ***
Total pot $12 | Rake $0.24
Board [2c 6c 4s]
Seat 2: Peterand11 (button) (small blind) folded on the Flop
Seat 5: LukaSteel (big blind) collected ($11.76)


