PokerStars Hand #168845662126:  Hold'em Limit ($3/$6 USD) - 2017/04/10 12:06:02 ET
Table 'Utra II' 6-max Seat #4 is the button
Seat 4: MTails ($121 in chips)
Seat 6: HAOYUN88888 ($47.38 in chips)
MTails: posts small blind $1
HAOYUN88888: posts big blind $3
*** HOLE CARDS ***
MTails: raises $3 to $6
HAOYUN88888: calls $3
*** FLOP *** [7s 6h 4c]
HAOYUN88888: checks
MTails: bets $3
HAOYUN88888: raises $3 to $6
MTails: calls $3
*** TURN *** [7s 6h 4c] [Tc]
HAOYUN88888: bets $6
MTails: raises $6 to $12
HAOYUN88888: calls $6
*** RIVER *** [7s 6h 4c Tc] [Jc]
HAOYUN88888: checks
MTails: bets $6
HAOYUN88888: calls $6
*** SHOW DOWN ***
MTails: shows [5h 8c] (a straight, Four to Eight)
HAOYUN88888: mucks hand
MTails collected $59.50 from pot
*** SUMMARY ***
Total pot $60 | Rake $0.50
Board [7s 6h 4c Tc Jc]
Seat 4: MTails (button) (small blind) showed [5h 8c] and won ($59.50) with a straight, Four to Eight
Seat 6: HAOYUN88888 (big blind) mucked


PokerStars Hand #168845657115:  Hold'em Limit ($3/$6 USD) - 2017/04/10 12:05:55 ET
Table 'Utra II' 6-max Seat #6 is the button
Seat 4: MTails ($120 in chips)
Seat 6: HAOYUN88888 ($48.38 in chips)
HAOYUN88888: posts small blind $1
MTails: posts big blind $3
*** HOLE CARDS ***
HAOYUN88888: folds
Uncalled bet ($2) returned to MTails
MTails collected $2 from pot
*** SUMMARY ***
Total pot $2 | Rake $0
Seat 4: MTails (big blind) collected ($2)
Seat 6: HAOYUN88888 (button) (small blind) folded before Flop


PokerStars Hand #168845691314:  Hold'em Limit ($3/$6 USD) - 2017/04/10 12:06:46 ET
Table 'Utra II' 6-max Seat #4 is the button
Seat 4: MTails ($141.50 in chips)
Seat 6: HAOYUN88888 ($26.02 in chips)
MTails: posts small blind $1
HAOYUN88888: posts big blind $3
*** HOLE CARDS ***
**Geka**555 joins the table at seat #3
MTails: raises $3 to $6
HAOYUN88888: calls $3
*** FLOP *** [Ad 6c Td]
HAOYUN88888: checks
MTails: bets $3
HAOYUN88888: folds
Uncalled bet ($3) returned to MTails
MTails collected $11.76 from pot
*** SUMMARY ***
Total pot $12 | Rake $0.24
Board [Ad 6c Td]
Seat 4: MTails (button) (small blind) collected ($11.76)
Seat 6: HAOYUN88888 (big blind) folded on the Flop


PokerStars Hand #168845681348:  Hold'em Limit ($3/$6 USD) - 2017/04/10 12:06:31 ET
Table 'Utra II' 6-max Seat #6 is the button
Seat 4: MTails ($150.50 in chips)
Seat 6: HAOYUN88888 ($17.38 in chips)
HAOYUN88888: posts small blind $1
MTails: posts big blind $3
*** HOLE CARDS ***
HAOYUN88888: raises $3 to $6
MTails: calls $3
*** FLOP *** [6s 9d 3h]
MTails: checks
HAOYUN88888: bets $3
MTails: calls $3
*** TURN *** [6s 9d 3h] [6h]
MTails: checks
HAOYUN88888: bets $6
MTails: folds
Uncalled bet ($6) returned to HAOYUN88888
HAOYUN88888 collected $17.64 from pot
HAOYUN88888: doesn't show hand
*** SUMMARY ***
Total pot $18 | Rake $0.36
Board [6s 9d 3h 6h]
Seat 4: MTails (big blind) folded on the Turn
Seat 6: HAOYUN88888 (button) (small blind) collected ($17.64)


PokerStars Hand #168846692310:  Hold'em Limit ($3/$6 USD) - 2017/04/10 12:31:03 ET
Table 'Utra II' 6-max Seat #5 is the button
Seat 2: nicmct ($175.23 in chips)
Seat 5: krossguard ($315.77 in chips)
krossguard: posts small blind $1
kolaz03: is sitting out
nicmct: posts big blind $3
*** HOLE CARDS ***
krossguard: raises $3 to $6
nicmct: calls $3
*** FLOP *** [Kd Tc Th]
**Geka**555 leaves the table
kolaz03 leaves the table
nicmct: checks
krossguard: bets $3
nicmct: folds
Uncalled bet ($3) returned to krossguard
krossguard collected $11.76 from pot
krossguard: doesn't show hand
*** SUMMARY ***
Total pot $12 | Rake $0.24
Board [Kd Tc Th]
Seat 2: nicmct (big blind) folded on the Flop
Seat 5: krossguard (button) (small blind) collected ($11.76)


