PokerStars Hand #154404249271:  Hold'em Limit ($3/$6 USD) - 2016/06/07 3:42:32 ET
Table 'Utra' 6-max Seat #4 is the button
Seat 3: tante_matild ($27.84 in chips)
Seat 4: Agrotait ($90.50 in chips)
Agrotait: posts small blind $1
Pelurile: is sitting out
tante_matild: posts big blind $3
*** HOLE CARDS ***
Agrotait: raises $3 to $6
tante_matild: raises $3 to $9
Agrotait: calls $3
*** FLOP *** [7d 6s Tc]
tante_matild: bets $3
fire852181 joins the table at seat #2
Agrotait: folds
Uncalled bet ($3) returned to tante_matild
tante_matild collected $17.64 from pot
*** SUMMARY ***
Total pot $18 | Rake $0.36
Board [7d 6s Tc]
Seat 3: tante_matild (big blind) collected ($17.64)
Seat 4: Agrotait (button) (small blind) folded on the Flop


PokerStars Hand #154404260671:  Hold'em Limit ($3/$6 USD) - 2016/06/07 3:43:13 ET
Table 'Utra' 6-max Seat #3 is the button
Seat 3: tante_matild ($36.48 in chips)
Seat 4: Agrotait ($81.50 in chips)
tante_matild: posts small blind $1
Agrotait: posts big blind $3
*** HOLE CARDS ***
tante_matild: folds
Uncalled bet ($2) returned to Agrotait
tomte999 joins the table at seat #6
Agrotait collected $2 from pot
Agrotait: doesn't show hand
*** SUMMARY ***
Total pot $2 | Rake $0
Seat 3: tante_matild (button) (small blind) folded before Flop
Seat 4: Agrotait (big blind) collected ($2)


