PokerStars Hand #165404457686:  Hold'em Limit ($3/$6 USD) - 2017/01/30 10:11:18 ET
Table 'Vaino' 6-max Seat #6 is the button
Seat 5: krytalex ($135.24 in chips)
Seat 6: Mirkoo68 ($127.64 in chips)
Mirkoo68: posts small blind $1
DePokeraap: is sitting out
krytalex: posts big blind $3
*** HOLE CARDS ***
Mirkoo68: raises $3 to $6
DePokeraap leaves the table
krytalex: folds
Uncalled bet ($3) returned to Mirkoo68
Mirkoo68 collected $6 from pot
Mirkoo68: doesn't show hand
*** SUMMARY ***
Total pot $6 | Rake $0
Seat 5: krytalex (big blind) folded before Flop
Seat 6: Mirkoo68 (button) (small blind) collected ($6)


PokerStars Hand #165404466926:  Hold'em Limit ($3/$6 USD) - 2017/01/30 10:11:32 ET
Table 'Vaino' 6-max Seat #5 is the button
Seat 5: krytalex ($132.24 in chips)
Seat 6: Mirkoo68 ($130.64 in chips)
krytalex: posts small blind $1
Mirkoo68: posts big blind $3
*** HOLE CARDS ***
krytalex: raises $3 to $6
Mirkoo68: calls $3
*** FLOP *** [3s Qd Js]
Mirkoo68: checks
krytalex: bets $3
Mirkoo68: folds
Uncalled bet ($3) returned to krytalex
krytalex collected $11.76 from pot
*** SUMMARY ***
Total pot $12 | Rake $0.24
Board [3s Qd Js]
Seat 5: krytalex (button) (small blind) collected ($11.76)
Seat 6: Mirkoo68 (big blind) folded on the Flop


PokerStars Hand #165404475932:  Hold'em Limit ($3/$6 USD) - 2017/01/30 10:11:45 ET
Table 'Vaino' 6-max Seat #6 is the button
Seat 5: krytalex ($138 in chips)
Seat 6: Mirkoo68 ($124.64 in chips)
Mirkoo68: posts small blind $1
krytalex: posts big blind $3
*** HOLE CARDS ***
Mirkoo68: raises $3 to $6
krytalex: calls $3
*** FLOP *** [7s 6s Tc]
krytalex: checks
Mirkoo68: bets $3
krytalex: raises $3 to $6
Mirkoo68: calls $3
*** TURN *** [7s 6s Tc] [Kc]
krytalex: bets $6
Mirkoo68: calls $6
*** RIVER *** [7s 6s Tc Kc] [9d]
krytalex: bets $6
Mirkoo68: calls $6
*** SHOW DOWN ***
krytalex: shows [Td 7d] (two pair, Tens and Sevens)
Mirkoo68: mucks hand
krytalex collected $47.50 from pot
*** SUMMARY ***
Total pot $48 | Rake $0.50
Board [7s 6s Tc Kc 9d]
Seat 5: krytalex (big blind) showed [Td 7d] and won ($47.50) with two pair, Tens and Sevens
Seat 6: Mirkoo68 (button) (small blind) mucked


PokerStars Hand #165404512082:  Hold'em Limit ($3/$6 USD) - 2017/01/30 10:12:36 ET
Table 'Vaino' 6-max Seat #6 is the button
Seat 5: krytalex ($167.26 in chips)
Seat 6: Mirkoo68 ($94.64 in chips)
Mirkoo68: posts small blind $1
krytalex: posts big blind $3
*** HOLE CARDS ***
Mirkoo68: raises $3 to $6
krytalex: calls $3
*** FLOP *** [5d 8h 7c]
krytalex: checks
Mirkoo68: bets $3
krytalex: raises $3 to $6
Mirkoo68: raises $3 to $9
krytalex: calls $3
*** TURN *** [5d 8h 7c] [9h]
krytalex: checks
Mirkoo68: bets $6
krytalex: calls $6
*** RIVER *** [5d 8h 7c 9h] [4h]
krytalex: checks
Mirkoo68: checks
*** SHOW DOWN ***
krytalex: shows [3d 8d] (a pair of Eights)
Mirkoo68: shows [Ad 9c] (a pair of Nines)
Mirkoo68 collected $41.50 from pot
*** SUMMARY ***
Total pot $42 | Rake $0.50
Board [5d 8h 7c 9h 4h]
Seat 5: krytalex (big blind) showed [3d 8d] and lost with a pair of Eights
Seat 6: Mirkoo68 (button) (small blind) showed [Ad 9c] and won ($41.50) with a pair of Nines


PokerStars Hand #165404497834:  Hold'em Limit ($3/$6 USD) - 2017/01/30 10:12:16 ET
Table 'Vaino' 6-max Seat #5 is the button
Seat 5: krytalex ($161.50 in chips)
Seat 6: Mirkoo68 ($100.64 in chips)
krytalex: posts small blind $1
Mirkoo68: posts big blind $3
*** HOLE CARDS ***
krytalex: raises $3 to $6
Mirkoo68: calls $3
*** FLOP *** [Js 8s Kc]
Mirkoo68: checks
krytalex: bets $3
Mirkoo68: folds
Uncalled bet ($3) returned to krytalex
krytalex collected $11.76 from pot
*** SUMMARY ***
Total pot $12 | Rake $0.24
Board [Js 8s Kc]
Seat 5: krytalex (button) (small blind) collected ($11.76)
Seat 6: Mirkoo68 (big blind) folded on the Flop


PokerStars Hand #165404539000:  Hold'em Limit ($3/$6 USD) - 2017/01/30 10:13:15 ET
Table 'Vaino' 6-max Seat #5 is the button
Seat 5: krytalex ($146.26 in chips)
Seat 6: Mirkoo68 ($115.14 in chips)
krytalex: posts small blind $1
Mirkoo68: posts big blind $3
*** HOLE CARDS ***
krytalex: raises $3 to $6
Mirkoo68: raises $3 to $9
krytalex: calls $3
*** FLOP *** [5d Jh 5c]
Mirkoo68: bets $3
krytalex: calls $3
*** TURN *** [5d Jh 5c] [2c]
Mirkoo68: bets $6
krytalex: calls $6
*** RIVER *** [5d Jh 5c 2c] [6s]
Mirkoo68: bets $6
krytalex: folds
Uncalled bet ($6) returned to Mirkoo68
Mirkoo68 collected $35.50 from pot
Mirkoo68: doesn't show hand
*** SUMMARY ***
Total pot $36 | Rake $0.50
Board [5d Jh 5c 2c 6s]
Seat 5: krytalex (button) (small blind) folded on the River
Seat 6: Mirkoo68 (big blind) collected ($35.50)


PokerStars Hand #165404577595:  Hold'em Limit ($3/$6 USD) - 2017/01/30 10:14:10 ET
Table 'Vaino' 6-max Seat #6 is the button
Seat 5: krytalex ($128.26 in chips)
Seat 6: Mirkoo68 ($132.64 in chips)
Mirkoo68: posts small blind $1
krytalex: posts big blind $3
*** HOLE CARDS ***
Mirkoo68: folds
Uncalled bet ($2) returned to krytalex
krytalex collected $2 from pot
*** SUMMARY ***
Total pot $2 | Rake $0
Seat 5: krytalex (big blind) collected ($2)
Seat 6: Mirkoo68 (button) (small blind) folded before Flop


PokerStars Hand #165404581719:  Hold'em Limit ($3/$6 USD) - 2017/01/30 10:14:16 ET
Table 'Vaino' 6-max Seat #5 is the button
Seat 5: krytalex ($129.26 in chips)
Seat 6: Mirkoo68 ($131.64 in chips)
krytalex: posts small blind $1
Mirkoo68: posts big blind $3
*** HOLE CARDS ***
krytalex: raises $3 to $6
Mirkoo68: raises $3 to $9
krytalex: calls $3
*** FLOP *** [Kh 4c 5s]
Mirkoo68: bets $3
krytalex: calls $3
*** TURN *** [Kh 4c 5s] [Kc]
Mirkoo68: bets $6
krytalex: calls $6
*** RIVER *** [Kh 4c 5s Kc] [6d]
Mirkoo68: bets $6
krytalex: folds
Uncalled bet ($6) returned to Mirkoo68
Mirkoo68 collected $35.50 from pot
Mirkoo68: doesn't show hand
*** SUMMARY ***
Total pot $36 | Rake $0.50
Board [Kh 4c 5s Kc 6d]
Seat 5: krytalex (button) (small blind) folded on the River
Seat 6: Mirkoo68 (big blind) collected ($35.50)


PokerStars Hand #165404612404:  Hold'em Limit ($3/$6 USD) - 2017/01/30 10:15:00 ET
Table 'Vaino' 6-max Seat #6 is the button
Seat 5: krytalex ($111.26 in chips)
Seat 6: Mirkoo68 ($149.14 in chips)
Mirkoo68: posts small blind $1
krytalex: posts big blind $3
*** HOLE CARDS ***
Mirkoo68: raises $3 to $6
krytalex: calls $3
*** FLOP *** [Js 5c 2h]
krytalex: checks
Mirkoo68: bets $3
krytalex: calls $3
*** TURN *** [Js 5c 2h] [5h]
krytalex: checks
Mirkoo68: checks
*** RIVER *** [Js 5c 2h 5h] [Ks]
krytalex: checks
Mirkoo68: checks
*** SHOW DOWN ***
krytalex: shows [Ts 9c] (a pair of Fives)
Mirkoo68: shows [Tc 3c] (a pair of Fives)
krytalex collected $8.82 from pot
Mirkoo68 collected $8.82 from pot
*** SUMMARY ***
Total pot $18 | Rake $0.36
Board [Js 5c 2h 5h Ks]
Seat 5: krytalex (big blind) showed [Ts 9c] and won ($8.82) with a pair of Fives
Seat 6: Mirkoo68 (button) (small blind) showed [Tc 3c] and won ($8.82) with a pair of Fives


PokerStars Hand #165404634047:  Hold'em Limit ($3/$6 USD) - 2017/01/30 10:15:31 ET
Table 'Vaino' 6-max Seat #5 is the button
Seat 5: krytalex ($111.08 in chips)
Seat 6: Mirkoo68 ($148.96 in chips)
krytalex: posts small blind $1
Mirkoo68: posts big blind $3
*** HOLE CARDS ***
krytalex: raises $3 to $6
Mirkoo68: calls $3
*** FLOP *** [Ah 4d 6h]
Mirkoo68: checks
krytalex: bets $3
Mirkoo68: raises $3 to $6
krytalex: calls $3
*** TURN *** [Ah 4d 6h] [2c]
Mirkoo68: bets $6
krytalex: calls $6
*** RIVER *** [Ah 4d 6h 2c] [Td]
Mirkoo68: checks
krytalex: bets $6
Mirkoo68: folds
Uncalled bet ($6) returned to krytalex
krytalex collected $35.50 from pot
*** SUMMARY ***
Total pot $36 | Rake $0.50
Board [Ah 4d 6h 2c Td]
Seat 5: krytalex (button) (small blind) collected ($35.50)
Seat 6: Mirkoo68 (big blind) folded on the River


PokerStars Hand #165404674849:  Hold'em Limit ($3/$6 USD) - 2017/01/30 10:16:29 ET
Table 'Vaino' 6-max Seat #6 is the button
Seat 5: krytalex ($128.58 in chips)
Seat 6: Mirkoo68 ($130.96 in chips)
Mirkoo68: posts small blind $1
krytalex: posts big blind $3
*** HOLE CARDS ***
Mirkoo68: raises $3 to $6
krytalex: calls $3
*** FLOP *** [7d 8d Kc]
krytalex: checks
Mirkoo68: bets $3
krytalex: folds
Uncalled bet ($3) returned to Mirkoo68
Mirkoo68 collected $11.76 from pot
Mirkoo68: doesn't show hand
*** SUMMARY ***
Total pot $12 | Rake $0.24
Board [7d 8d Kc]
Seat 5: krytalex (big blind) folded on the Flop
Seat 6: Mirkoo68 (button) (small blind) collected ($11.76)


PokerStars Hand #165404683089:  Hold'em Limit ($3/$6 USD) - 2017/01/30 10:16:41 ET
Table 'Vaino' 6-max Seat #5 is the button
Seat 5: krytalex ($122.58 in chips)
Seat 6: Mirkoo68 ($136.72 in chips)
krytalex: posts small blind $1
Mirkoo68: posts big blind $3
*** HOLE CARDS ***
krytalex: raises $3 to $6
Mirkoo68: calls $3
*** FLOP *** [Th Tc 9s]
Mirkoo68: bets $3
krytalex: calls $3
*** TURN *** [Th Tc 9s] [Ts]
Mirkoo68: bets $6
krytalex: raises $6 to $12
Mirkoo68: calls $6
*** RIVER *** [Th Tc 9s Ts] [Qs]
Mirkoo68: checks
krytalex: bets $6
Mirkoo68: folds
Uncalled bet ($6) returned to krytalex
krytalex collected $41.50 from pot
*** SUMMARY ***
Total pot $42 | Rake $0.50
Board [Th Tc 9s Ts Qs]
Seat 5: krytalex (button) (small blind) collected ($41.50)
Seat 6: Mirkoo68 (big blind) folded on the River


PokerStars Hand #165404701919:  Hold'em Limit ($3/$6 USD) - 2017/01/30 10:17:07 ET
Table 'Vaino' 6-max Seat #6 is the button
Seat 5: krytalex ($143.08 in chips)
Seat 6: Mirkoo68 ($115.72 in chips)
Mirkoo68: posts small blind $1
krytalex: posts big blind $3
*** HOLE CARDS ***
Mirkoo68: raises $3 to $6
krytalex: raises $3 to $9
Mirkoo68: calls $3
*** FLOP *** [Ts Jd 8s]
krytalex: bets $3
Mirkoo68: calls $3
*** TURN *** [Ts Jd 8s] [5d]
krytalex: bets $6
Mirkoo68: calls $6
*** RIVER *** [Ts Jd 8s 5d] [Ah]
krytalex: bets $6
Mirkoo68: folds
Uncalled bet ($6) returned to krytalex
krytalex collected $35.50 from pot
*** SUMMARY ***
Total pot $36 | Rake $0.50
Board [Ts Jd 8s 5d Ah]
Seat 5: krytalex (big blind) collected ($35.50)
Seat 6: Mirkoo68 (button) (small blind) folded on the River


PokerStars Hand #165404731557:  Hold'em Limit ($3/$6 USD) - 2017/01/30 10:17:49 ET
Table 'Vaino' 6-max Seat #6 is the button
Seat 5: krytalex ($169.22 in chips)
Seat 6: Mirkoo68 ($88.72 in chips)
Mirkoo68: posts small blind $1
krytalex: posts big blind $3
*** HOLE CARDS ***
Mirkoo68: raises $3 to $6
krytalex: calls $3
*** FLOP *** [5d As Kc]
krytalex: checks
Mirkoo68: bets $3
krytalex: folds
Uncalled bet ($3) returned to Mirkoo68
Mirkoo68 collected $11.76 from pot
Mirkoo68: doesn't show hand
*** SUMMARY ***
Total pot $12 | Rake $0.24
Board [5d As Kc]
Seat 5: krytalex (big blind) folded on the Flop
Seat 6: Mirkoo68 (button) (small blind) collected ($11.76)


PokerStars Hand #165404716931:  Hold'em Limit ($3/$6 USD) - 2017/01/30 10:17:29 ET
Table 'Vaino' 6-max Seat #5 is the button
Seat 5: krytalex ($160.58 in chips)
Seat 6: Mirkoo68 ($97.72 in chips)
krytalex: posts small blind $1
Mirkoo68: posts big blind $3
*** HOLE CARDS ***
krytalex: raises $3 to $6
Mirkoo68: calls $3
*** FLOP *** [Ac Kd Tc]
Mirkoo68: checks
krytalex: bets $3
Mirkoo68: calls $3
*** TURN *** [Ac Kd Tc] [3s]
Mirkoo68: checks
krytalex: bets $6
Mirkoo68: folds
Uncalled bet ($6) returned to krytalex
krytalex collected $17.64 from pot
*** SUMMARY ***
Total pot $18 | Rake $0.36
Board [Ac Kd Tc 3s]
Seat 5: krytalex (button) (small blind) collected ($17.64)
Seat 6: Mirkoo68 (big blind) folded on the Turn


PokerStars Hand #165404772336:  Hold'em Limit ($3/$6 USD) - 2017/01/30 10:18:46 ET
Table 'Vaino' 6-max Seat #6 is the button
Seat 5: krytalex ($154.22 in chips)
Seat 6: Mirkoo68 ($103.12 in chips)
Mirkoo68: posts small blind $1
krytalex: posts big blind $3
*** HOLE CARDS ***
Mirkoo68: raises $3 to $6
krytalex: calls $3
*** FLOP *** [Jd Kh Jc]
krytalex: checks
Mirkoo68: bets $3
krytalex: calls $3
*** TURN *** [Jd Kh Jc] [2d]
krytalex: checks
Mirkoo68: checks
*** RIVER *** [Jd Kh Jc 2d] [Qc]
krytalex: bets $6
Mirkoo68: folds
Uncalled bet ($6) returned to krytalex
krytalex collected $17.64 from pot
*** SUMMARY ***
Total pot $18 | Rake $0.36
Board [Jd Kh Jc 2d Qc]
Seat 5: krytalex (big blind) collected ($17.64)
Seat 6: Mirkoo68 (button) (small blind) folded on the River


PokerStars Hand #165404750415:  Hold'em Limit ($3/$6 USD) - 2017/01/30 10:18:16 ET
Table 'Vaino' 6-max Seat #5 is the button
Seat 5: krytalex ($163.22 in chips)
Seat 6: Mirkoo68 ($94.48 in chips)
krytalex: posts small blind $1
Mirkoo68: posts big blind $3
*** HOLE CARDS ***
krytalex: raises $3 to $6
Mirkoo68: calls $3
*** FLOP *** [As 5c Ad]
Mirkoo68: checks
krytalex: bets $3
Mirkoo68: calls $3
*** TURN *** [As 5c Ad] [6h]
Mirkoo68: checks
krytalex: checks
*** RIVER *** [As 5c Ad 6h] [7h]
Mirkoo68: checks
krytalex: checks
*** SHOW DOWN ***
Mirkoo68: shows [Qc 8s] (a pair of Aces)
krytalex: mucks hand
Mirkoo68 collected $17.64 from pot
*** SUMMARY ***
Total pot $18 | Rake $0.36
Board [As 5c Ad 6h 7h]
Seat 5: krytalex (button) (small blind) mucked
Seat 6: Mirkoo68 (big blind) showed [Qc 8s] and won ($17.64) with a pair of Aces


PokerStars Hand #165404793352:  Hold'em Limit ($3/$6 USD) - 2017/01/30 10:19:16 ET
Table 'Vaino' 6-max Seat #5 is the button
Seat 5: krytalex ($162.86 in chips)
Seat 6: Mirkoo68 ($94.12 in chips)
krytalex: posts small blind $1
Mirkoo68: posts big blind $3
*** HOLE CARDS ***
krytalex: raises $3 to $6
Mirkoo68: calls $3
*** FLOP *** [3d Qh 6c]
Mirkoo68: checks
krytalex: bets $3
Mirkoo68: calls $3
*** TURN *** [3d Qh 6c] [2h]
Mirkoo68: checks
krytalex: checks
*** RIVER *** [3d Qh 6c 2h] [9h]
Mirkoo68: bets $6
krytalex: folds
Uncalled bet ($6) returned to Mirkoo68
Mirkoo68 collected $17.64 from pot
Mirkoo68: doesn't show hand
*** SUMMARY ***
Total pot $18 | Rake $0.36
Board [3d Qh 6c 2h 9h]
Seat 5: krytalex (button) (small blind) folded on the River
Seat 6: Mirkoo68 (big blind) collected ($17.64)


PokerStars Hand #165404872149:  Hold'em Limit ($3/$6 USD) - 2017/01/30 10:21:08 ET
Table 'Vaino' 6-max Seat #5 is the button
Seat 5: krytalex ($165.36 in chips)
Seat 6: Mirkoo68 ($90.52 in chips)
krytalex: posts small blind $1
Mirkoo68: posts big blind $3
*** HOLE CARDS ***
krytalex: raises $3 to $6
Mirkoo68: folds
Uncalled bet ($3) returned to krytalex
krytalex collected $6 from pot
*** SUMMARY ***
Total pot $6 | Rake $0
Seat 5: krytalex (button) (small blind) collected ($6)
Seat 6: Mirkoo68 (big blind) folded before Flop


PokerStars Hand #165404867509:  Hold'em Limit ($3/$6 USD) - 2017/01/30 10:21:02 ET
Table 'Vaino' 6-max Seat #6 is the button
Seat 5: krytalex ($168.36 in chips)
Seat 6: Mirkoo68 ($87.52 in chips)
Mirkoo68: posts small blind $1
krytalex: posts big blind $3
*** HOLE CARDS ***
Mirkoo68: raises $3 to $6
krytalex: folds
Uncalled bet ($3) returned to Mirkoo68
Mirkoo68 collected $6 from pot
Mirkoo68: doesn't show hand
*** SUMMARY ***
Total pot $6 | Rake $0
Seat 5: krytalex (big blind) folded before Flop
Seat 6: Mirkoo68 (button) (small blind) collected ($6)


PokerStars Hand #165404852991:  Hold'em Limit ($3/$6 USD) - 2017/01/30 10:20:41 ET
Table 'Vaino' 6-max Seat #5 is the button
Seat 5: krytalex ($147.86 in chips)
Seat 6: Mirkoo68 ($108.52 in chips)
krytalex: posts small blind $1
Mirkoo68: posts big blind $3
*** HOLE CARDS ***
krytalex: raises $3 to $6
Mirkoo68: calls $3
*** FLOP *** [Jc 6d 2d]
Mirkoo68: bets $3
krytalex: calls $3
*** TURN *** [Jc 6d 2d] [Tc]
Mirkoo68: bets $6
krytalex: calls $6
*** RIVER *** [Jc 6d 2d Tc] [Th]
Mirkoo68: bets $6
krytalex: calls $6
*** SHOW DOWN ***
Mirkoo68: shows [6h 8h] (two pair, Tens and Sixes)
krytalex: shows [7c 7s] (two pair, Tens and Sevens)
krytalex collected $41.50 from pot
*** SUMMARY ***
Total pot $42 | Rake $0.50
Board [Jc 6d 2d Tc Th]
Seat 5: krytalex (button) (small blind) showed [7c 7s] and won ($41.50) with two pair, Tens and Sevens
Seat 6: Mirkoo68 (big blind) showed [6h 8h] and lost with two pair, Tens and Sixes


PokerStars Hand #165404836930:  Hold'em Limit ($3/$6 USD) - 2017/01/30 10:20:18 ET
Table 'Vaino' 6-max Seat #6 is the button
Seat 5: krytalex ($153.86 in chips)
Seat 6: Mirkoo68 ($102.76 in chips)
Mirkoo68: posts small blind $1
krytalex: posts big blind $3
*** HOLE CARDS ***
Mirkoo68: raises $3 to $6
krytalex: calls $3
*** FLOP *** [Qc 8h 4d]
krytalex: checks
Mirkoo68: bets $3
krytalex: folds
Uncalled bet ($3) returned to Mirkoo68
Mirkoo68 collected $11.76 from pot
Mirkoo68: doesn't show hand
*** SUMMARY ***
Total pot $12 | Rake $0.24
Board [Qc 8h 4d]
Seat 5: krytalex (big blind) folded on the Flop
Seat 6: Mirkoo68 (button) (small blind) collected ($11.76)


PokerStars Hand #165404876918:  Hold'em Limit ($3/$6 USD) - 2017/01/30 10:21:15 ET
Table 'Vaino' 6-max Seat #6 is the button
Seat 5: krytalex ($168.36 in chips)
Seat 6: Mirkoo68 ($87.52 in chips)
Mirkoo68: posts small blind $1
krytalex: posts big blind $3
*** HOLE CARDS ***
Mirkoo68: raises $3 to $6
krytalex: calls $3
*** FLOP *** [Qc Jd Ac]
krytalex: checks
Mirkoo68: bets $3
krytalex: calls $3
*** TURN *** [Qc Jd Ac] [3h]
krytalex: checks
Mirkoo68: bets $6
krytalex: folds
Uncalled bet ($6) returned to Mirkoo68
Mirkoo68 collected $17.64 from pot
Mirkoo68: doesn't show hand
*** SUMMARY ***
Total pot $18 | Rake $0.36
Board [Qc Jd Ac 3h]
Seat 5: krytalex (big blind) folded on the Turn
Seat 6: Mirkoo68 (button) (small blind) collected ($17.64)


PokerStars Hand #165404928972:  Hold'em Limit ($3/$6 USD) - 2017/01/30 10:22:28 ET
Table 'Vaino' 6-max Seat #5 is the button
Seat 5: krytalex ($147.36 in chips)
Seat 6: Mirkoo68 ($107.66 in chips)
krytalex: posts small blind $1
Mirkoo68: posts big blind $3
*** HOLE CARDS ***
skogsbarn joins the table at seat #2
krytalex: folds
Uncalled bet ($2) returned to Mirkoo68
Mirkoo68 collected $2 from pot
Mirkoo68: doesn't show hand
*** SUMMARY ***
Total pot $2 | Rake $0
Seat 5: krytalex (button) (small blind) folded before Flop
Seat 6: Mirkoo68 (big blind) collected ($2)


PokerStars Hand #165404896789:  Hold'em Limit ($3/$6 USD) - 2017/01/30 10:21:43 ET
Table 'Vaino' 6-max Seat #6 is the button
Seat 5: krytalex ($162.36 in chips)
Seat 6: Mirkoo68 ($93.16 in chips)
Mirkoo68: posts small blind $1
krytalex: posts big blind $3
*** HOLE CARDS ***
Mirkoo68: raises $3 to $6
krytalex: calls $3
*** FLOP *** [7d 3c 3h]
krytalex: checks
Mirkoo68: bets $3
krytalex: raises $3 to $6
Mirkoo68: raises $3 to $9
krytalex: calls $3
*** TURN *** [7d 3c 3h] [5h]
krytalex: checks
Mirkoo68: bets $6
krytalex: folds
Uncalled bet ($6) returned to Mirkoo68
Mirkoo68 collected $29.50 from pot
Mirkoo68: doesn't show hand
*** SUMMARY ***
Total pot $30 | Rake $0.50
Board [7d 3c 3h 5h]
Seat 5: krytalex (big blind) folded on the Turn
Seat 6: Mirkoo68 (button) (small blind) collected ($29.50)


PokerStars Hand #165404890957:  Hold'em Limit ($3/$6 USD) - 2017/01/30 10:21:35 ET
Table 'Vaino' 6-max Seat #5 is the button
Seat 5: krytalex ($159.36 in chips)
Seat 6: Mirkoo68 ($96.16 in chips)
krytalex: posts small blind $1
Mirkoo68: posts big blind $3
*** HOLE CARDS ***
krytalex: raises $3 to $6
Mirkoo68: folds
Uncalled bet ($3) returned to krytalex
krytalex collected $6 from pot
*** SUMMARY ***
Total pot $6 | Rake $0
Seat 5: krytalex (button) (small blind) collected ($6)
Seat 6: Mirkoo68 (big blind) folded before Flop


PokerStars Hand #165405118926:  Hold'em Limit ($3/$6 USD) - 2017/01/30 10:26:55 ET
Table 'Vaino' 6-max Seat #5 is the button
Seat 5: krytalex ($194.59 in chips)
Seat 6: Mirkoo68 ($110.72 in chips)
krytalex: posts small blind $1
Mirkoo68: posts big blind $3
*** HOLE CARDS ***
krytalex: folds
Uncalled bet ($2) returned to Mirkoo68
Mirkoo68 collected $2 from pot
Mirkoo68: doesn't show hand
*** SUMMARY ***
Total pot $2 | Rake $0
Seat 5: krytalex (button) (small blind) folded before Flop
Seat 6: Mirkoo68 (big blind) collected ($2)


PokerStars Hand #165405122745:  Hold'em Limit ($3/$6 USD) - 2017/01/30 10:27:01 ET
Table 'Vaino' 6-max Seat #6 is the button
Seat 5: krytalex ($193.59 in chips)
Seat 6: Mirkoo68 ($111.72 in chips)
Mirkoo68: posts small blind $1
krytalex: posts big blind $3
*** HOLE CARDS ***
Mirkoo68: folds
Uncalled bet ($2) returned to krytalex
krytalex collected $2 from pot
*** SUMMARY ***
Total pot $2 | Rake $0
Seat 5: krytalex (big blind) collected ($2)
Seat 6: Mirkoo68 (button) (small blind) folded before Flop


PokerStars Hand #165405105601:  Hold'em Limit ($3/$6 USD) - 2017/01/30 10:26:37 ET
Table 'Vaino' 6-max Seat #6 is the button
Seat 5: krytalex ($200.59 in chips)
Seat 6: Mirkoo68 ($104.96 in chips)
Mirkoo68: posts small blind $1
krytalex: posts big blind $3
*** HOLE CARDS ***
Mirkoo68: raises $3 to $6
krytalex: calls $3
*** FLOP *** [Jd Ah 3d]
krytalex: checks
Mirkoo68: bets $3
krytalex: folds
Uncalled bet ($3) returned to Mirkoo68
Mirkoo68 collected $11.76 from pot
Mirkoo68: doesn't show hand
*** SUMMARY ***
Total pot $12 | Rake $0.24
Board [Jd Ah 3d]
Seat 5: krytalex (big blind) folded on the Flop
Seat 6: Mirkoo68 (button) (small blind) collected ($11.76)


PokerStars Hand #165405128415:  Hold'em Limit ($3/$6 USD) - 2017/01/30 10:27:09 ET
Table 'Vaino' 6-max Seat #5 is the button
Seat 5: krytalex ($194.59 in chips)
Seat 6: Mirkoo68 ($110.72 in chips)
krytalex: posts small blind $1
Mirkoo68: posts big blind $3
*** HOLE CARDS ***
krytalex: raises $3 to $6
Mirkoo68: calls $3
*** FLOP *** [Js 7h Qs]
Mirkoo68: checks
krytalex: bets $3
Mirkoo68: raises $3 to $6
krytalex: calls $3
*** TURN *** [Js 7h Qs] [9c]
Mirkoo68: bets $6
krytalex: calls $6
*** RIVER *** [Js 7h Qs 9c] [Tc]
Mirkoo68: bets $6
krytalex: folds
Uncalled bet ($6) returned to Mirkoo68
Mirkoo68 collected $35.50 from pot
Mirkoo68: doesn't show hand
*** SUMMARY ***
Total pot $36 | Rake $0.50
Board [Js 7h Qs 9c Tc]
Seat 5: krytalex (button) (small blind) folded on the River
Seat 6: Mirkoo68 (big blind) collected ($35.50)


PokerStars Hand #165410900752:  Hold'em Limit ($3/$6 USD) - 2017/01/30 12:31:36 ET
Table 'Vaino' 6-max Seat #4 is the button
Seat 4: zarazzzza ($27 in chips)
Seat 5: B_loJkl ($179.27 in chips)
zarazzzza: posts small blind $1
B_loJkl: posts big blind $3
*** HOLE CARDS ***
zarazzzza: raises $3 to $6
B_loJkl: calls $3
*** FLOP *** [Jc Qd 4c]
B_loJkl: checks
zarazzzza: checks
*** TURN *** [Jc Qd 4c] [4h]
B_loJkl: checks
zarazzzza: checks
*** RIVER *** [Jc Qd 4c 4h] [7h]
B_loJkl: bets $6
zarazzzza: calls $6
*** SHOW DOWN ***
B_loJkl: shows [9c 7d] (two pair, Sevens and Fours)
zarazzzza: mucks hand
B_loJkl collected $23.52 from pot
*** SUMMARY ***
Total pot $24 | Rake $0.48
Board [Jc Qd 4c 4h 7h]
Seat 4: zarazzzza (button) (small blind) mucked
Seat 5: B_loJkl (big blind) showed [9c 7d] and won ($23.52) with two pair, Sevens and Fours


PokerStars Hand #165410931144:  Hold'em Limit ($3/$6 USD) - 2017/01/30 12:32:11 ET
Table 'Vaino' 6-max Seat #5 is the button
Seat 4: zarazzzza ($15 in chips)
Seat 5: B_loJkl ($190.79 in chips)
B_loJkl: posts small blind $1
zarazzzza: posts big blind $3
*** HOLE CARDS ***
B_loJkl: raises $3 to $6
zarazzzza: calls $3
*** FLOP *** [8h Js 2c]
zarazzzza: checks
B_loJkl: bets $3
fsreibnitz joins the table at seat #3
zarazzzza: folds
Uncalled bet ($3) returned to B_loJkl
B_loJkl collected $11.76 from pot
B_loJkl: doesn't show hand
*** SUMMARY ***
Total pot $12 | Rake $0.24
Board [8h Js 2c]
Seat 4: zarazzzza (big blind) folded on the Flop
Seat 5: B_loJkl (button) (small blind) collected ($11.76)


PokerStars Hand #165410956768:  Hold'em Limit ($3/$6 USD) - 2017/01/30 12:32:41 ET
Table 'Vaino' 6-max Seat #4 is the button
Seat 4: zarazzzza ($9 in chips)
Seat 5: B_loJkl ($196.55 in chips)
zarazzzza: posts small blind $1
B_loJkl: posts big blind $3
*** HOLE CARDS ***
zarazzzza: raises $3 to $6
B_loJkl: calls $3
*** FLOP *** [5c 2h Ks]
B_loJkl: checks
zarazzzza: bets $3 and is all-in
B_loJkl: folds
Uncalled bet ($3) returned to zarazzzza
zarazzzza collected $11.76 from pot
zarazzzza: doesn't show hand
*** SUMMARY ***
Total pot $12 | Rake $0.24
Board [5c 2h Ks]
Seat 4: zarazzzza (button) (small blind) collected ($11.76)
Seat 5: B_loJkl (big blind) folded on the Flop


PokerStars Hand #165411091232:  Hold'em Limit ($3/$6 USD) - 2017/01/30 12:35:17 ET
Table 'Vaino' 6-max Seat #3 is the button
Seat 2: izzyzzy ($98.61 in chips)
Seat 3: fsreibnitz ($117 in chips)
fsreibnitz: posts small blind $1
B_loJkl: is sitting out
izzyzzy: posts big blind $3
*** HOLE CARDS ***
fsreibnitz: raises $3 to $6
izzyzzy: folds
Uncalled bet ($3) returned to fsreibnitz
fsreibnitz collected $6 from pot
fsreibnitz: doesn't show hand
*** SUMMARY ***
Total pot $6 | Rake $0
Seat 2: izzyzzy (big blind) folded before Flop
Seat 3: fsreibnitz (button) (small blind) collected ($6)


PokerStars Hand #165411111952:  Hold'em Limit ($3/$6 USD) - 2017/01/30 12:35:40 ET
Table 'Vaino' 6-max Seat #3 is the button
Seat 2: izzyzzy ($80.61 in chips)
Seat 3: fsreibnitz ($134.50 in chips)
fsreibnitz: posts small blind $1
izzyzzy: posts big blind $3
*** HOLE CARDS ***
fsreibnitz: folds
Uncalled bet ($2) returned to izzyzzy
izzyzzy collected $2 from pot
*** SUMMARY ***
Total pot $2 | Rake $0
Seat 2: izzyzzy (big blind) collected ($2)
Seat 3: fsreibnitz (button) (small blind) folded before Flop


PokerStars Hand #165411098571:  Hold'em Limit ($3/$6 USD) - 2017/01/30 12:35:25 ET
Table 'Vaino' 6-max Seat #2 is the button
Seat 2: izzyzzy ($95.61 in chips)
Seat 3: fsreibnitz ($120 in chips)
izzyzzy: posts small blind $1
fsreibnitz: posts big blind $3
*** HOLE CARDS ***
izzyzzy: raises $3 to $6
fsreibnitz: calls $3
*** FLOP *** [9d Ad Jd]
B_loJkl leaves the table
fsreibnitz: checks
izzyzzy: bets $3
fsreibnitz: calls $3
*** TURN *** [9d Ad Jd] [5h]
fsreibnitz: checks
izzyzzy: bets $6
fsreibnitz: raises $6 to $12
izzyzzy: folds
Uncalled bet ($6) returned to fsreibnitz
fsreibnitz collected $29.50 from pot
fsreibnitz: doesn't show hand
*** SUMMARY ***
Total pot $30 | Rake $0.50
Board [9d Ad Jd 5h]
Seat 2: izzyzzy (button) (small blind) folded on the Turn
Seat 3: fsreibnitz (big blind) collected ($29.50)


PokerStars Hand #165411116702:  Hold'em Limit ($3/$6 USD) - 2017/01/30 12:35:46 ET
Table 'Vaino' 6-max Seat #2 is the button
Seat 2: izzyzzy ($81.61 in chips)
Seat 3: fsreibnitz ($133.50 in chips)
izzyzzy: posts small blind $1
fsreibnitz: posts big blind $3
*** HOLE CARDS ***
izzyzzy: folds
Uncalled bet ($2) returned to fsreibnitz
fsreibnitz collected $2 from pot
fsreibnitz: doesn't show hand
*** SUMMARY ***
Total pot $2 | Rake $0
Seat 2: izzyzzy (button) (small blind) folded before Flop
Seat 3: fsreibnitz (big blind) collected ($2)


PokerStars Hand #165411137954:  Hold'em Limit ($3/$6 USD) - 2017/01/30 12:36:11 ET
Table 'Vaino' 6-max Seat #2 is the button
Seat 2: izzyzzy ($73.61 in chips)
Seat 3: fsreibnitz ($141.50 in chips)
izzyzzy: posts small blind $1
fsreibnitz: posts big blind $3
*** HOLE CARDS ***
izzyzzy: raises $3 to $6
fsreibnitz: raises $3 to $9
izzyzzy: calls $3
*** FLOP *** [3d Ad 8s]
fsreibnitz: bets $3
izzyzzy: calls $3
*** TURN *** [3d Ad 8s] [9s]
fsreibnitz: bets $6
izzyzzy: folds
Uncalled bet ($6) returned to fsreibnitz
fsreibnitz collected $23.52 from pot
fsreibnitz: doesn't show hand
*** SUMMARY ***
Total pot $24 | Rake $0.48
Board [3d Ad 8s 9s]
Seat 2: izzyzzy (button) (small blind) folded on the Turn
Seat 3: fsreibnitz (big blind) collected ($23.52)


PokerStars Hand #165411127859:  Hold'em Limit ($3/$6 USD) - 2017/01/30 12:35:59 ET
Table 'Vaino' 6-max Seat #2 is the button
Seat 2: izzyzzy ($77.61 in chips)
Seat 3: fsreibnitz ($137.50 in chips)
izzyzzy: posts small blind $1
fsreibnitz: posts big blind $3
*** HOLE CARDS ***
izzyzzy: folds
Uncalled bet ($2) returned to fsreibnitz
fsreibnitz collected $2 from pot
fsreibnitz: doesn't show hand
*** SUMMARY ***
Total pot $2 | Rake $0
Seat 2: izzyzzy (button) (small blind) folded before Flop
Seat 3: fsreibnitz (big blind) collected ($2)


PokerStars Hand #165411121370:  Hold'em Limit ($3/$6 USD) - 2017/01/30 12:35:52 ET
Table 'Vaino' 6-max Seat #3 is the button
Seat 2: izzyzzy ($80.61 in chips)
Seat 3: fsreibnitz ($134.50 in chips)
fsreibnitz: posts small blind $1
izzyzzy: posts big blind $3
*** HOLE CARDS ***
fsreibnitz: raises $3 to $6
izzyzzy: folds
Uncalled bet ($3) returned to fsreibnitz
fsreibnitz collected $6 from pot
fsreibnitz: doesn't show hand
*** SUMMARY ***
Total pot $6 | Rake $0
Seat 2: izzyzzy (big blind) folded before Flop
Seat 3: fsreibnitz (button) (small blind) collected ($6)


PokerStars Hand #165411132584:  Hold'em Limit ($3/$6 USD) - 2017/01/30 12:36:04 ET
Table 'Vaino' 6-max Seat #3 is the button
Seat 2: izzyzzy ($76.61 in chips)
Seat 3: fsreibnitz ($138.50 in chips)
fsreibnitz: posts small blind $1
izzyzzy: posts big blind $3
*** HOLE CARDS ***
fsreibnitz: raises $3 to $6
izzyzzy: folds
Uncalled bet ($3) returned to fsreibnitz
fsreibnitz collected $6 from pot
fsreibnitz: doesn't show hand
*** SUMMARY ***
Total pot $6 | Rake $0
Seat 2: izzyzzy (big blind) folded before Flop
Seat 3: fsreibnitz (button) (small blind) collected ($6)


PokerStars Hand #165411167591:  Hold'em Limit ($3/$6 USD) - 2017/01/30 12:36:46 ET
Table 'Vaino' 6-max Seat #2 is the button
Seat 2: izzyzzy ($61.36 in chips)
Seat 3: fsreibnitz ($152.77 in chips)
izzyzzy: posts small blind $1
fsreibnitz: posts big blind $3
*** HOLE CARDS ***
izzyzzy: folds
Uncalled bet ($2) returned to fsreibnitz
fsreibnitz collected $2 from pot
fsreibnitz: doesn't show hand
*** SUMMARY ***
Total pot $2 | Rake $0
Seat 2: izzyzzy (button) (small blind) folded before Flop
Seat 3: fsreibnitz (big blind) collected ($2)


PokerStars Hand #165411149452:  Hold'em Limit ($3/$6 USD) - 2017/01/30 12:36:24 ET
Table 'Vaino' 6-max Seat #3 is the button
Seat 2: izzyzzy ($61.61 in chips)
Seat 3: fsreibnitz ($153.02 in chips)
fsreibnitz: posts small blind $1
izzyzzy: posts big blind $3
*** HOLE CARDS ***
fsreibnitz: raises $3 to $6
izzyzzy: raises $3 to $9
fsreibnitz: calls $3
*** FLOP *** [4h Tc Kd]
izzyzzy: bets $3
fsreibnitz: calls $3
*** TURN *** [4h Tc Kd] [Td]
izzyzzy: bets $6
fsreibnitz: calls $6
*** RIVER *** [4h Tc Kd Td] [Jd]
izzyzzy: bets $6
fsreibnitz: calls $6
*** SHOW DOWN ***
izzyzzy: shows [5c Ad] (a pair of Tens)
fsreibnitz: shows [2c Ah] (a pair of Tens)
izzyzzy collected $23.75 from pot
fsreibnitz collected $23.75 from pot
*** SUMMARY ***
Total pot $48 | Rake $0.50
Board [4h Tc Kd Td Jd]
Seat 2: izzyzzy (big blind) showed [5c Ad] and won ($23.75) with a pair of Tens
Seat 3: fsreibnitz (button) (small blind) showed [2c Ah] and won ($23.75) with a pair of Tens


PokerStars Hand #165411172164:  Hold'em Limit ($3/$6 USD) - 2017/01/30 12:36:51 ET
Table 'Vaino' 6-max Seat #3 is the button
Seat 2: izzyzzy ($60.36 in chips)
Seat 3: fsreibnitz ($153.77 in chips)
fsreibnitz: posts small blind $1
izzyzzy: posts big blind $3
*** HOLE CARDS ***
fsreibnitz: raises $3 to $6
izzyzzy: raises $3 to $9
fsreibnitz: calls $3
*** FLOP *** [Ts 8d 5d]
izzyzzy: bets $3
fsreibnitz: calls $3
*** TURN *** [Ts 8d 5d] [8s]
izzyzzy: bets $6
fsreibnitz: calls $6
*** RIVER *** [Ts 8d 5d 8s] [3c]
izzyzzy: bets $6
fsreibnitz: calls $6
*** SHOW DOWN ***
izzyzzy: shows [Js Jc] (two pair, Jacks and Eights)
fsreibnitz: mucks hand
izzyzzy collected $47.50 from pot
*** SUMMARY ***
Total pot $48 | Rake $0.50
Board [Ts 8d 5d 8s 3c]
Seat 2: izzyzzy (big blind) showed [Js Jc] and won ($47.50) with two pair, Jacks and Eights
Seat 3: fsreibnitz (button) (small blind) mucked


PokerStars Hand #165411208575:  Hold'em Limit ($3/$6 USD) - 2017/01/30 12:37:33 ET
Table 'Vaino' 6-max Seat #3 is the button
Seat 2: izzyzzy ($93.38 in chips)
Seat 3: fsreibnitz ($119.77 in chips)
fsreibnitz: posts small blind $1
izzyzzy: posts big blind $3
*** HOLE CARDS ***
fsreibnitz: raises $3 to $6
izzyzzy: raises $3 to $9
fsreibnitz: calls $3
*** FLOP *** [Kc 3d 4d]
izzyzzy: bets $3
fsreibnitz: calls $3
*** TURN *** [Kc 3d 4d] [6c]
izzyzzy: bets $6
fsreibnitz: calls $6
*** RIVER *** [Kc 3d 4d 6c] [3s]
izzyzzy: bets $6
fsreibnitz: raises $6 to $12
izzyzzy: folds
Uncalled bet ($6) returned to fsreibnitz
fsreibnitz collected $47.50 from pot
fsreibnitz: doesn't show hand
*** SUMMARY ***
Total pot $48 | Rake $0.50
Board [Kc 3d 4d 6c 3s]
Seat 2: izzyzzy (big blind) folded on the River
Seat 3: fsreibnitz (button) (small blind) collected ($47.50)


PokerStars Hand #165411191543:  Hold'em Limit ($3/$6 USD) - 2017/01/30 12:37:13 ET
Table 'Vaino' 6-max Seat #3 is the button
Seat 2: izzyzzy ($82.86 in chips)
Seat 3: fsreibnitz ($130.77 in chips)
fsreibnitz: posts small blind $1
izzyzzy: posts big blind $3
*** HOLE CARDS ***
fsreibnitz: raises $3 to $6
izzyzzy: raises $3 to $9
fsreibnitz: calls $3
*** FLOP *** [5h 9h 2d]
izzyzzy: bets $3
fsreibnitz: calls $3
*** TURN *** [5h 9h 2d] [2s]
zarazzzza leaves the table
izzyzzy: bets $6
fsreibnitz: folds
Uncalled bet ($6) returned to izzyzzy
izzyzzy collected $23.52 from pot
*** SUMMARY ***
Total pot $24 | Rake $0.48
Board [5h 9h 2d 2s]
Seat 2: izzyzzy (big blind) collected ($23.52)
Seat 3: fsreibnitz (button) (small blind) folded on the Turn


PokerStars Hand #165411204192:  Hold'em Limit ($3/$6 USD) - 2017/01/30 12:37:28 ET
Table 'Vaino' 6-max Seat #2 is the button
Seat 2: izzyzzy ($94.38 in chips)
Seat 3: fsreibnitz ($118.77 in chips)
izzyzzy: posts small blind $1
fsreibnitz: posts big blind $3
*** HOLE CARDS ***
izzyzzy: folds
Uncalled bet ($2) returned to fsreibnitz
fsreibnitz collected $2 from pot
fsreibnitz: doesn't show hand
*** SUMMARY ***
Total pot $2 | Rake $0
Seat 2: izzyzzy (button) (small blind) folded before Flop
Seat 3: fsreibnitz (big blind) collected ($2)


PokerStars Hand #165411187104:  Hold'em Limit ($3/$6 USD) - 2017/01/30 12:37:08 ET
Table 'Vaino' 6-max Seat #2 is the button
Seat 2: izzyzzy ($83.86 in chips)
Seat 3: fsreibnitz ($129.77 in chips)
izzyzzy: posts small blind $1
fsreibnitz: posts big blind $3
*** HOLE CARDS ***
izzyzzy: folds
Uncalled bet ($2) returned to fsreibnitz
fsreibnitz collected $2 from pot
fsreibnitz: doesn't show hand
*** SUMMARY ***
Total pot $2 | Rake $0
Seat 2: izzyzzy (button) (small blind) folded before Flop
Seat 3: fsreibnitz (big blind) collected ($2)


PokerStars Hand #165411247004:  Hold'em Limit ($3/$6 USD) - 2017/01/30 12:38:18 ET
Table 'Vaino' 6-max Seat #2 is the button
Seat 2: izzyzzy ($54.38 in chips)
Seat 3: fsreibnitz ($157.79 in chips)
izzyzzy: posts small blind $1
fsreibnitz: posts big blind $3
*** HOLE CARDS ***
izzyzzy: folds
Uncalled bet ($2) returned to fsreibnitz
fsreibnitz collected $2 from pot
fsreibnitz: doesn't show hand
*** SUMMARY ***
Total pot $2 | Rake $0
Seat 2: izzyzzy (button) (small blind) folded before Flop
Seat 3: fsreibnitz (big blind) collected ($2)


PokerStars Hand #165411266591:  Hold'em Limit ($3/$6 USD) - 2017/01/30 12:38:40 ET
Table 'Vaino' 6-max Seat #2 is the button
Seat 2: izzyzzy ($70.88 in chips)
Seat 3: fsreibnitz ($140.79 in chips)
izzyzzy: posts small blind $1
fsreibnitz: posts big blind $3
*** HOLE CARDS ***
izzyzzy: folds
Uncalled bet ($2) returned to fsreibnitz
LuckyScal joins the table at seat #5
fsreibnitz collected $2 from pot
fsreibnitz: doesn't show hand
*** SUMMARY ***
Total pot $2 | Rake $0
Seat 2: izzyzzy (button) (small blind) folded before Flop
Seat 3: fsreibnitz (big blind) collected ($2)


PokerStars Hand #165411251390:  Hold'em Limit ($3/$6 USD) - 2017/01/30 12:38:23 ET
Table 'Vaino' 6-max Seat #3 is the button
Seat 2: izzyzzy ($53.38 in chips)
Seat 3: fsreibnitz ($158.79 in chips)
fsreibnitz: posts small blind $1
izzyzzy: posts big blind $3
*** HOLE CARDS ***
fsreibnitz: raises $3 to $6
izzyzzy: calls $3
*** FLOP *** [Ah 3s 7c]
izzyzzy: checks
fsreibnitz: checks
*** TURN *** [Ah 3s 7c] [2c]
izzyzzy: bets $6
fsreibnitz: raises $6 to $12
RabbitNrAS joins the table at seat #4
izzyzzy: calls $6
*** RIVER *** [Ah 3s 7c 2c] [8c]
izzyzzy: checks
fsreibnitz: checks
*** SHOW DOWN ***
izzyzzy: shows [7h Ac] (two pair, Aces and Sevens)
fsreibnitz: mucks hand
izzyzzy collected $35.50 from pot
*** SUMMARY ***
Total pot $36 | Rake $0.50
Board [Ah 3s 7c 2c 8c]
Seat 2: izzyzzy (big blind) showed [7h Ac] and won ($35.50) with two pair, Aces and Sevens
Seat 3: fsreibnitz (button) (small blind) mucked


PokerStars Hand #165411240362:  Hold'em Limit ($3/$6 USD) - 2017/01/30 12:38:10 ET
Table 'Vaino' 6-max Seat #3 is the button
Seat 2: izzyzzy ($57.38 in chips)
Seat 3: fsreibnitz ($154.79 in chips)
fsreibnitz: posts small blind $1
izzyzzy: posts big blind $3
*** HOLE CARDS ***
fsreibnitz: raises $3 to $6
izzyzzy: folds
Uncalled bet ($3) returned to fsreibnitz
fsreibnitz collected $6 from pot
fsreibnitz: doesn't show hand
*** SUMMARY ***
Total pot $6 | Rake $0
Seat 2: izzyzzy (big blind) folded before Flop
Seat 3: fsreibnitz (button) (small blind) collected ($6)


PokerStars Hand #165411224306:  Hold'em Limit ($3/$6 USD) - 2017/01/30 12:37:51 ET
Table 'Vaino' 6-max Seat #2 is the button
Seat 2: izzyzzy ($69.38 in chips)
Seat 3: fsreibnitz ($143.27 in chips)
izzyzzy: posts small blind $1
fsreibnitz: posts big blind $3
*** HOLE CARDS ***
izzyzzy: raises $3 to $6
fsreibnitz: calls $3
*** FLOP *** [Tc 5s 7h]
fsreibnitz: checks
izzyzzy: checks
*** TURN *** [Tc 5s 7h] [Kc]
fsreibnitz: checks
izzyzzy: bets $6
fsreibnitz: calls $6
*** RIVER *** [Tc 5s 7h Kc] [6s]
fsreibnitz: checks
izzyzzy: checks
*** SHOW DOWN ***
fsreibnitz: shows [2d Kh] (a pair of Kings)
izzyzzy: mucks hand
fsreibnitz collected $23.52 from pot
*** SUMMARY ***
Total pot $24 | Rake $0.48
Board [Tc 5s 7h Kc 6s]
Seat 2: izzyzzy (button) (small blind) mucked
Seat 3: fsreibnitz (big blind) showed [2d Kh] and won ($23.52) with a pair of Kings


PokerStars Hand #165415670785:  Hold'em Limit ($3/$6 USD) - 2017/01/30 13:59:28 ET
Table 'Vaino' 6-max Seat #1 is the button
Seat 1: Lowey277 ($108.54 in chips)
Seat 6: tchal1974 ($84.56 in chips)
Lowey277: posts small blind $1
Kasperla: is sitting out
tchal1974: posts big blind $3
*** HOLE CARDS ***
Lowey277: folds
Uncalled bet ($2) returned to tchal1974
tchal1974 collected $2 from pot
tchal1974: doesn't show hand
*** SUMMARY ***
Total pot $2 | Rake $0
Seat 1: Lowey277 (button) (small blind) folded before Flop
Seat 6: tchal1974 (big blind) collected ($2)


