PokerStars Hand #151584549342:  Hold'em Limit ($3/$6 USD) - 2016/04/07 17:16:16 ET
Table 'Vaino II' 6-max Seat #4 is the button
Seat 3: heiler69 ($119 in chips)
Seat 4: MissEKAmouse ($120.88 in chips)
MissEKAmouse: posts small blind $1
heiler69: posts big blind $3
*** HOLE CARDS ***
MissEKAmouse: folds
Uncalled bet ($2) returned to heiler69
heiler69 collected $2 from pot
heiler69: doesn't show hand
*** SUMMARY ***
Total pot $2 | Rake $0
Seat 3: heiler69 (big blind) collected ($2)
Seat 4: MissEKAmouse (button) (small blind) folded before Flop


PokerStars Hand #151584537711:  Hold'em Limit ($3/$6 USD) - 2016/04/07 17:16:03 ET
Table 'Vaino II' 6-max Seat #3 is the button
Seat 3: heiler69 ($116 in chips)
Seat 4: MissEKAmouse ($123.88 in chips)
heiler69: posts small blind $1
MissEKAmouse: posts big blind $3
*** HOLE CARDS ***
heiler69: raises $3 to $6
MissEKAmouse: folds
Uncalled bet ($3) returned to heiler69
heiler69 collected $6 from pot
heiler69: doesn't show hand
*** SUMMARY ***
Total pot $6 | Rake $0
Seat 3: heiler69 (button) (small blind) collected ($6)
Seat 4: MissEKAmouse (big blind) folded before Flop


PokerStars Hand #151584588767:  Hold'em Limit ($3/$6 USD) - 2016/04/07 17:16:59 ET
Table 'Vaino II' 6-max Seat #4 is the button
Seat 3: heiler69 ($128.64 in chips)
Seat 4: MissEKAmouse ($120 in chips)
MissEKAmouse: posts small blind $1
heiler69: posts big blind $3
*** HOLE CARDS ***
MissEKAmouse: raises $3 to $6
heiler69: calls $3
*** FLOP *** [4h 4c Ah]
heiler69: checks
MissEKAmouse: bets $3
heiler69: calls $3
*** TURN *** [4h 4c Ah] [Tc]
heiler69: checks
MissEKAmouse: bets $6
heiler69: raises $6 to $12
MissEKAmouse: calls $6
*** RIVER *** [4h 4c Ah Tc] [Kd]
heiler69: bets $6
MissEKAmouse: raises $6 to $12
heiler69: raises $6 to $18
MissEKAmouse: raises $6 to $24
Betting is capped
heiler69: calls $6
*** SHOW DOWN ***
MissEKAmouse: shows [Kh Kc] (a full house, Kings full of Fours)
heiler69: mucks hand
MissEKAmouse collected $89.50 from pot
*** SUMMARY ***
Total pot $90 | Rake $0.50
Board [4h 4c Ah Tc Kd]
Seat 3: heiler69 (big blind) mucked
Seat 4: MissEKAmouse (button) (small blind) showed [Kh Kc] and won ($89.50) with a full house, Kings full of Fours


PokerStars Hand #151584555384:  Hold'em Limit ($3/$6 USD) - 2016/04/07 17:16:22 ET
Table 'Vaino II' 6-max Seat #3 is the button
Seat 3: heiler69 ($120 in chips)
Seat 4: MissEKAmouse ($120 in chips)
heiler69: posts small blind $1
MissEKAmouse: posts big blind $3
*** HOLE CARDS ***
heiler69: calls $2
MissEKAmouse: raises $3 to $6
heiler69: calls $3
*** FLOP *** [Ah 6d 8c]
MissEKAmouse: bets $3
heiler69: calls $3
*** TURN *** [Ah 6d 8c] [5d]
MissEKAmouse: checks
heiler69: bets $6
MissEKAmouse: folds
Uncalled bet ($6) returned to heiler69
heiler69 collected $17.64 from pot
heiler69: doesn't show hand
*** SUMMARY ***
Total pot $18 | Rake $0.36
Board [Ah 6d 8c 5d]
Seat 3: heiler69 (button) (small blind) collected ($17.64)
Seat 4: MissEKAmouse (big blind) folded on the Turn


PokerStars Hand #151584632187:  Hold'em Limit ($3/$6 USD) - 2016/04/07 17:17:46 ET
Table 'Vaino II' 6-max Seat #3 is the button
Seat 3: heiler69 ($83.64 in chips)
Seat 4: MissEKAmouse ($164.50 in chips)
heiler69: posts small blind $1
MissEKAmouse: posts big blind $3
*** HOLE CARDS ***
heiler69: raises $3 to $6
MissEKAmouse: folds
Uncalled bet ($3) returned to heiler69
heiler69 collected $6 from pot
heiler69: doesn't show hand
*** SUMMARY ***
Total pot $6 | Rake $0
Seat 3: heiler69 (button) (small blind) collected ($6)
Seat 4: MissEKAmouse (big blind) folded before Flop


PokerStars Hand #151584717197:  Hold'em Limit ($3/$6 USD) - 2016/04/07 17:19:19 ET
Table 'Vaino II' 6-max Seat #3 is the button
Seat 3: heiler69 ($110.14 in chips)
Seat 4: MissEKAmouse ($137.50 in chips)
heiler69: posts small blind $1
MissEKAmouse: posts big blind $3
*** HOLE CARDS ***
heiler69: folds
Uncalled bet ($2) returned to MissEKAmouse
MissEKAmouse collected $2 from pot
MissEKAmouse: doesn't show hand
*** SUMMARY ***
Total pot $2 | Rake $0
Seat 3: heiler69 (button) (small blind) folded before Flop
Seat 4: MissEKAmouse (big blind) collected ($2)


PokerStars Hand #151584710347:  Hold'em Limit ($3/$6 USD) - 2016/04/07 17:19:12 ET
Table 'Vaino II' 6-max Seat #4 is the button
Seat 3: heiler69 ($113.14 in chips)
Seat 4: MissEKAmouse ($134.50 in chips)
MissEKAmouse: posts small blind $1
heiler69: posts big blind $3
*** HOLE CARDS ***
MissEKAmouse: raises $3 to $6
heiler69: folds
Uncalled bet ($3) returned to MissEKAmouse
MissEKAmouse collected $6 from pot
MissEKAmouse: doesn't show hand
*** SUMMARY ***
Total pot $6 | Rake $0
Seat 3: heiler69 (big blind) folded before Flop
Seat 4: MissEKAmouse (button) (small blind) collected ($6)


PokerStars Hand #151584705929:  Hold'em Limit ($3/$6 USD) - 2016/04/07 17:19:07 ET
Table 'Vaino II' 6-max Seat #3 is the button
Seat 3: heiler69 ($114.14 in chips)
Seat 4: MissEKAmouse ($133.50 in chips)
heiler69: posts small blind $1
MissEKAmouse: posts big blind $3
*** HOLE CARDS ***
heiler69: folds
Uncalled bet ($2) returned to MissEKAmouse
MissEKAmouse collected $2 from pot
MissEKAmouse: doesn't show hand
*** SUMMARY ***
Total pot $2 | Rake $0
Seat 3: heiler69 (button) (small blind) folded before Flop
Seat 4: MissEKAmouse (big blind) collected ($2)


PokerStars Hand #151584699724:  Hold'em Limit ($3/$6 USD) - 2016/04/07 17:19:00 ET
Table 'Vaino II' 6-max Seat #4 is the button
Seat 3: heiler69 ($113.14 in chips)
Seat 4: MissEKAmouse ($134.50 in chips)
MissEKAmouse: posts small blind $1
heiler69: posts big blind $3
*** HOLE CARDS ***
MissEKAmouse: folds
Uncalled bet ($2) returned to heiler69
heiler69 collected $2 from pot
heiler69: doesn't show hand
*** SUMMARY ***
Total pot $2 | Rake $0
Seat 3: heiler69 (big blind) collected ($2)
Seat 4: MissEKAmouse (button) (small blind) folded before Flop


PokerStars Hand #151584687407:  Hold'em Limit ($3/$6 USD) - 2016/04/07 17:18:46 ET
Table 'Vaino II' 6-max Seat #3 is the button
Seat 3: heiler69 ($110.14 in chips)
Seat 4: MissEKAmouse ($137.50 in chips)
heiler69: posts small blind $1
MissEKAmouse: posts big blind $3
*** HOLE CARDS ***
heiler69: raises $3 to $6
MissEKAmouse: folds
Uncalled bet ($3) returned to heiler69
heiler69 collected $6 from pot
heiler69: doesn't show hand
*** SUMMARY ***
Total pot $6 | Rake $0
Seat 3: heiler69 (button) (small blind) collected ($6)
Seat 4: MissEKAmouse (big blind) folded before Flop


PokerStars Hand #151584644593:  Hold'em Limit ($3/$6 USD) - 2016/04/07 17:18:00 ET
Table 'Vaino II' 6-max Seat #4 is the button
Seat 3: heiler69 ($86.64 in chips)
Seat 4: MissEKAmouse ($161.50 in chips)
MissEKAmouse: posts small blind $1
heiler69: posts big blind $3
*** HOLE CARDS ***
MissEKAmouse: calls $2
heiler69: raises $3 to $6
MissEKAmouse: calls $3
*** FLOP *** [7h 3h 7c]
heiler69: bets $3
MissEKAmouse: raises $3 to $6
heiler69: calls $3
*** TURN *** [7h 3h 7c] [2s]
heiler69: checks
MissEKAmouse: bets $6
heiler69: calls $6
*** RIVER *** [7h 3h 7c 2s] [9d]
heiler69: checks
MissEKAmouse: bets $6
heiler69: calls $6
*** SHOW DOWN ***
MissEKAmouse: shows [4d 6d] (a pair of Sevens)
heiler69: shows [Qh As] (a pair of Sevens - Ace kicker)
heiler69 collected $47.50 from pot
*** SUMMARY ***
Total pot $48 | Rake $0.50
Board [7h 3h 7c 2s 9d]
Seat 3: heiler69 (big blind) showed [Qh As] and won ($47.50) with a pair of Sevens
Seat 4: MissEKAmouse (button) (small blind) showed [4d 6d] and lost with a pair of Sevens


PokerStars Hand #151584769031:  Hold'em Limit ($3/$6 USD) - 2016/04/07 17:20:16 ET
Table 'Vaino II' 6-max Seat #3 is the button
Seat 3: heiler69 ($85.14 in chips)
Seat 4: MissEKAmouse ($161.76 in chips)
heiler69: posts small blind $1
MissEKAmouse: posts big blind $3
*** HOLE CARDS ***
heiler69: calls $2
MissEKAmouse: raises $3 to $6
heiler69: calls $3
*** FLOP *** [7c 4s 3s]
MissEKAmouse: bets $3
heiler69: calls $3
*** TURN *** [7c 4s 3s] [5d]
MissEKAmouse: checks
heiler69: bets $6
MissEKAmouse: calls $6
*** RIVER *** [7c 4s 3s 5d] [Jc]
MissEKAmouse: checks
heiler69: checks
*** SHOW DOWN ***
MissEKAmouse: shows [8c Ah] (high card Ace)
heiler69: shows [9c 3c] (a pair of Threes)
heiler69 collected $29.50 from pot
*** SUMMARY ***
Total pot $30 | Rake $0.50
Board [7c 4s 3s 5d Jc]
Seat 3: heiler69 (button) (small blind) showed [9c 3c] and won ($29.50) with a pair of Threes
Seat 4: MissEKAmouse (big blind) showed [8c Ah] and lost with high card Ace


PokerStars Hand #151584756555:  Hold'em Limit ($3/$6 USD) - 2016/04/07 17:20:03 ET
Table 'Vaino II' 6-max Seat #4 is the button
Seat 3: heiler69 ($91.14 in chips)
Seat 4: MissEKAmouse ($156 in chips)
MissEKAmouse: posts small blind $1
heiler69: posts big blind $3
*** HOLE CARDS ***
MissEKAmouse: raises $3 to $6
heiler69: calls $3
*** FLOP *** [4h Jc 5c]
heiler69: checks
MissEKAmouse: bets $3
heiler69: folds
Uncalled bet ($3) returned to MissEKAmouse
MissEKAmouse collected $11.76 from pot
MissEKAmouse: doesn't show hand
*** SUMMARY ***
Total pot $12 | Rake $0.24
Board [4h Jc 5c]
Seat 3: heiler69 (big blind) folded on the Flop
Seat 4: MissEKAmouse (button) (small blind) collected ($11.76)


PokerStars Hand #151584749389:  Hold'em Limit ($3/$6 USD) - 2016/04/07 17:19:55 ET
Table 'Vaino II' 6-max Seat #3 is the button
Seat 3: heiler69 ($88.14 in chips)
Seat 4: MissEKAmouse ($159 in chips)
heiler69: posts small blind $1
MissEKAmouse: posts big blind $3
*** HOLE CARDS ***
heiler69: raises $3 to $6
MissEKAmouse: folds
Uncalled bet ($3) returned to heiler69
heiler69 collected $6 from pot
heiler69: doesn't show hand
*** SUMMARY ***
Total pot $6 | Rake $0
Seat 3: heiler69 (button) (small blind) collected ($6)
Seat 4: MissEKAmouse (big blind) folded before Flop


PokerStars Hand #151584722400:  Hold'em Limit ($3/$6 USD) - 2016/04/07 17:19:25 ET
Table 'Vaino II' 6-max Seat #4 is the button
Seat 3: heiler69 ($109.14 in chips)
Seat 4: MissEKAmouse ($138.50 in chips)
MissEKAmouse: posts small blind $1
heiler69: posts big blind $3
*** HOLE CARDS ***
MissEKAmouse: raises $3 to $6
heiler69: calls $3
*** FLOP *** [3h 2s 3s]
heiler69: checks
MissEKAmouse: bets $3
heiler69: calls $3
*** TURN *** [3h 2s 3s] [9s]
heiler69: checks
MissEKAmouse: bets $6
heiler69: calls $6
*** RIVER *** [3h 2s 3s 9s] [As]
heiler69: checks
MissEKAmouse: bets $6
heiler69: calls $6
*** SHOW DOWN ***
MissEKAmouse: shows [Th Qs] (a flush, Ace high)
heiler69: mucks hand
MissEKAmouse collected $41.50 from pot
*** SUMMARY ***
Total pot $42 | Rake $0.50
Board [3h 2s 3s 9s As]
Seat 3: heiler69 (big blind) mucked
Seat 4: MissEKAmouse (button) (small blind) showed [Th Qs] and won ($41.50) with a flush, Ace high


PokerStars Hand #151584809865:  Hold'em Limit ($3/$6 USD) - 2016/04/07 17:21:02 ET
Table 'Vaino II' 6-max Seat #3 is the button
Seat 3: heiler69 ($93.64 in chips)
Seat 4: MissEKAmouse ($152.52 in chips)
heiler69: posts small blind $1
MissEKAmouse: posts big blind $3
*** HOLE CARDS ***
heiler69: calls $2
MissEKAmouse: raises $3 to $6
heiler69: calls $3
*** FLOP *** [8s Ac 7c]
MissEKAmouse: bets $3
heiler69: calls $3
*** TURN *** [8s Ac 7c] [Tc]
MissEKAmouse: bets $6
plummgg joins the table at seat #2
heiler69: calls $6
*** RIVER *** [8s Ac 7c Tc] [Kh]
MissEKAmouse: bets $6
heiler69: calls $6
*** SHOW DOWN ***
MissEKAmouse: shows [As 5h] (a pair of Aces)
heiler69: mucks hand
MissEKAmouse collected $41.50 from pot
*** SUMMARY ***
Total pot $42 | Rake $0.50
Board [8s Ac 7c Tc Kh]
Seat 3: heiler69 (button) (small blind) mucked
Seat 4: MissEKAmouse (big blind) showed [As 5h] and won ($41.50) with a pair of Aces


PokerStars Hand #151584795230:  Hold'em Limit ($3/$6 USD) - 2016/04/07 17:20:46 ET
Table 'Vaino II' 6-max Seat #4 is the button
Seat 3: heiler69 ($99.64 in chips)
Seat 4: MissEKAmouse ($146.76 in chips)
MissEKAmouse: posts small blind $1
heiler69: posts big blind $3
*** HOLE CARDS ***
MissEKAmouse: raises $3 to $6
heiler69: calls $3
*** FLOP *** [Ah Ks Qs]
heiler69: checks
MissEKAmouse: bets $3
heiler69: folds
Uncalled bet ($3) returned to MissEKAmouse
MissEKAmouse collected $11.76 from pot
*** SUMMARY ***
Total pot $12 | Rake $0.24
Board [Ah Ks Qs]
Seat 3: heiler69 (big blind) folded on the Flop
Seat 4: MissEKAmouse (button) (small blind) collected ($11.76)


PokerStars Hand #151585133845:  Hold'em Limit ($3/$6 USD) - 2016/04/07 17:26:23 ET
Table 'Vaino II' 6-max Seat #4 is the button
Seat 3: heiler69 ($91.73 in chips)
Seat 4: MissEKAmouse ($166.98 in chips)
MissEKAmouse: posts small blind $1
heiler69: posts big blind $3
*** HOLE CARDS ***
MissEKAmouse: raises $3 to $6
heiler69: raises $3 to $9
MissEKAmouse: calls $3
*** FLOP *** [Th Ks 5h]
heiler69: checks
MissEKAmouse: checks
*** TURN *** [Th Ks 5h] [5s]
heiler69: bets $6
MissEKAmouse: folds
Uncalled bet ($6) returned to heiler69
heiler69 collected $17.64 from pot
heiler69: doesn't show hand
*** SUMMARY ***
Total pot $18 | Rake $0.36
Board [Th Ks 5h 5s]
Seat 3: heiler69 (big blind) collected ($17.64)
Seat 4: MissEKAmouse (button) (small blind) folded on the Turn


PokerStars Hand #151585110857:  Hold'em Limit ($3/$6 USD) - 2016/04/07 17:26:03 ET
Table 'Vaino II' 6-max Seat #3 is the button
Seat 3: heiler69 ($115.73 in chips)
Seat 4: MissEKAmouse ($143.48 in chips)
heiler69: posts small blind $1
MissEKAmouse: posts big blind $3
*** HOLE CARDS ***
heiler69: raises $3 to $6
MissEKAmouse: raises $3 to $9
heiler69: calls $3
*** FLOP *** [Jd 2d 7d]
MissEKAmouse: bets $3
heiler69: calls $3
*** TURN *** [Jd 2d 7d] [Kc]
MissEKAmouse: bets $6
heiler69: calls $6
*** RIVER *** [Jd 2d 7d Kc] [8h]
MissEKAmouse: bets $6
heiler69: calls $6
*** SHOW DOWN ***
MissEKAmouse: shows [Js Ks] (two pair, Kings and Jacks)
heiler69: mucks hand
MissEKAmouse collected $47.50 from pot
*** SUMMARY ***
Total pot $48 | Rake $0.50
Board [Jd 2d 7d Kc 8h]
Seat 3: heiler69 (button) (small blind) mucked
Seat 4: MissEKAmouse (big blind) showed [Js Ks] and won ($47.50) with two pair, Kings and Jacks


PokerStars Hand #151585080530:  Hold'em Limit ($3/$6 USD) - 2016/04/07 17:25:35 ET
Table 'Vaino II' 6-max Seat #4 is the button
Seat 3: heiler69 ($124.73 in chips)
Seat 4: MissEKAmouse ($134.84 in chips)
MissEKAmouse: posts small blind $1
heiler69: posts big blind $3
*** HOLE CARDS ***
MissEKAmouse: raises $3 to $6
heiler69: calls $3
*** FLOP *** [6c 2c Kh]
heiler69: checks
MissEKAmouse: bets $3
heiler69: calls $3
*** TURN *** [6c 2c Kh] [7c]
heiler69: checks
MissEKAmouse: checks
*** RIVER *** [6c 2c Kh 7c] [Ad]
heiler69: checks
MissEKAmouse: checks
*** SHOW DOWN ***
heiler69: shows [Jd 8c] (high card Ace)
MissEKAmouse: shows [Qd 6h] (a pair of Sixes)
MissEKAmouse collected $17.64 from pot
*** SUMMARY ***
Total pot $18 | Rake $0.36
Board [6c 2c Kh 7c Ad]
Seat 3: heiler69 (big blind) showed [Jd 8c] and lost with high card Ace
Seat 4: MissEKAmouse (button) (small blind) showed [Qd 6h] and won ($17.64) with a pair of Sixes


PokerStars Hand #151585153838:  Hold'em Limit ($3/$6 USD) - 2016/04/07 17:26:42 ET
Table 'Vaino II' 6-max Seat #3 is the button
Seat 3: heiler69 ($100.37 in chips)
Seat 4: MissEKAmouse ($157.98 in chips)
heiler69: posts small blind $1
MissEKAmouse: posts big blind $3
*** HOLE CARDS ***
heiler69: calls $2
MissEKAmouse: checks
*** FLOP *** [Qc 5c Qh]
MissEKAmouse: checks
heiler69: checks
*** TURN *** [Qc 5c Qh] [As]
MissEKAmouse: checks
heiler69: bets $6
MissEKAmouse: raises $6 to $12
heiler69: calls $6
*** RIVER *** [Qc 5c Qh As] [Jc]
holdi12 joins the table at seat #2
MissEKAmouse: checks
heiler69: bets $6
MissEKAmouse: folds
Uncalled bet ($6) returned to heiler69
heiler69 collected $29.50 from pot
heiler69: doesn't show hand
*** SUMMARY ***
Total pot $30 | Rake $0.50
Board [Qc 5c Qh As Jc]
Seat 3: heiler69 (button) (small blind) collected ($29.50)
Seat 4: MissEKAmouse (big blind) folded on the River


PokerStars Hand #151585758021:  Hold'em Limit ($3/$6 USD) - 2016/04/07 17:36:53 ET
Table 'Vaino II' 6-max Seat #4 is the button
Seat 2: holdi12 ($187.12 in chips)
Seat 4: MissEKAmouse ($121 in chips)
MissEKAmouse: posts small blind $1
holdi12: posts big blind $3
*** HOLE CARDS ***
MissEKAmouse: raises $3 to $6
heiler69 is disconnected
holdi12: raises $3 to $9
MissEKAmouse: calls $3
*** FLOP *** [2h Qh 3c]
holdi12: bets $3
MissEKAmouse: raises $3 to $6
holdi12: calls $3
*** TURN *** [2h Qh 3c] [9h]
holdi12: checks
MissEKAmouse: bets $6
holdi12: folds
Uncalled bet ($6) returned to MissEKAmouse
MissEKAmouse collected $29.50 from pot
MissEKAmouse: doesn't show hand
*** SUMMARY ***
Total pot $30 | Rake $0.50
Board [2h Qh 3c 9h]
Seat 2: holdi12 (big blind) folded on the Turn
Seat 4: MissEKAmouse (button) (small blind) collected ($29.50)


PokerStars Hand #151585836218:  Hold'em Limit ($3/$6 USD) - 2016/04/07 17:38:21 ET
Table 'Vaino II' 6-max Seat #4 is the button
Seat 2: holdi12 ($192.62 in chips)
Seat 4: MissEKAmouse ($120 in chips)
MissEKAmouse: posts small blind $1
holdi12: posts big blind $3
*** HOLE CARDS ***
MissEKAmouse: folds
Uncalled bet ($2) returned to holdi12
holdi12 collected $2 from pot
*** SUMMARY ***
Total pot $2 | Rake $0
Seat 2: holdi12 (big blind) collected ($2)
Seat 4: MissEKAmouse (button) (small blind) folded before Flop


PokerStars Hand #151585794826:  Hold'em Limit ($3/$6 USD) - 2016/04/07 17:37:35 ET
Table 'Vaino II' 6-max Seat #2 is the button
Seat 2: holdi12 ($172.12 in chips)
Seat 4: MissEKAmouse ($135.50 in chips)
holdi12: posts small blind $1
MissEKAmouse: posts big blind $3
*** HOLE CARDS ***
holdi12: raises $3 to $6
MissEKAmouse: calls $3
*** FLOP *** [Ts 2s Qs]
MissEKAmouse: bets $3
holdi12: raises $3 to $6
MissEKAmouse: raises $3 to $9
holdi12: calls $3
*** TURN *** [Ts 2s Qs] [Js]
MissEKAmouse: bets $6
holdi12: calls $6
*** RIVER *** [Ts 2s Qs Js] [Ks]
MissEKAmouse: checks
holdi12: checks
*** SHOW DOWN ***
MissEKAmouse: shows [Qc 6d] (a flush, King high)
holdi12: shows [8s Kd] (a flush, King high - Eight higher)
holdi12 collected $41.50 from pot
*** SUMMARY ***
Total pot $42 | Rake $0.50
Board [Ts 2s Qs Js Ks]
Seat 2: holdi12 (button) (small blind) showed [8s Kd] and won ($41.50) with a flush, King high
Seat 4: MissEKAmouse (big blind) showed [Qc 6d] and lost with a flush, King high


PokerStars Hand #151585841890:  Hold'em Limit ($3/$6 USD) - 2016/04/07 17:38:28 ET
Table 'Vaino II' 6-max Seat #2 is the button
Seat 2: holdi12 ($193.62 in chips)
Seat 4: MissEKAmouse ($120 in chips)
holdi12: posts small blind $1
MissEKAmouse: posts big blind $3
*** HOLE CARDS ***
holdi12: raises $3 to $6
MissEKAmouse: folds
Uncalled bet ($3) returned to holdi12
holdi12 collected $6 from pot
*** SUMMARY ***
Total pot $6 | Rake $0
Seat 2: holdi12 (button) (small blind) collected ($6)
Seat 4: MissEKAmouse (big blind) folded before Flop


PokerStars Hand #151586213130:  Hold'em Limit ($3/$6 USD) - 2016/04/07 17:45:35 ET
Table 'Vaino II' 6-max Seat #3 is the button
Seat 3: heiler69 ($99.14 in chips)
Seat 4: MissEKAmouse ($120 in chips)
heiler69: posts small blind $1
MissEKAmouse: posts big blind $3
*** HOLE CARDS ***
heiler69: folds
Uncalled bet ($2) returned to MissEKAmouse
MissEKAmouse collected $2 from pot
MissEKAmouse: doesn't show hand
*** SUMMARY ***
Total pot $2 | Rake $0
Seat 3: heiler69 (button) (small blind) folded before Flop
Seat 4: MissEKAmouse (big blind) collected ($2)


PokerStars Hand #151586203110:  Hold'em Limit ($3/$6 USD) - 2016/04/07 17:45:23 ET
Table 'Vaino II' 6-max Seat #4 is the button
Seat 3: heiler69 ($98.14 in chips)
Seat 4: MissEKAmouse ($120 in chips)
MissEKAmouse: posts small blind $1
heiler69: posts big blind $3
*** HOLE CARDS ***
GoliafUa joins the table at seat #5
MissEKAmouse: folds
Uncalled bet ($2) returned to heiler69
heiler69 collected $2 from pot
*** SUMMARY ***
Total pot $2 | Rake $0
Seat 3: heiler69 (big blind) collected ($2)
Seat 4: MissEKAmouse (button) (small blind) folded before Flop


PokerStars Hand #151586217540:  Hold'em Limit ($3/$6 USD) - 2016/04/07 17:45:40 ET
Table 'Vaino II' 6-max Seat #4 is the button
Seat 3: heiler69 ($98.14 in chips)
Seat 4: MissEKAmouse ($121 in chips)
MissEKAmouse: posts small blind $1
heiler69: posts big blind $3
*** HOLE CARDS ***
MissEKAmouse: raises $3 to $6
heiler69: calls $3
*** FLOP *** [Js 6d Qh]
heiler69: checks
MissEKAmouse: bets $3
heiler69: raises $3 to $6
MissEKAmouse: folds
Uncalled bet ($3) returned to heiler69
heiler69 collected $17.64 from pot
*** SUMMARY ***
Total pot $18 | Rake $0.36
Board [Js 6d Qh]
Seat 3: heiler69 (big blind) collected ($17.64)
Seat 4: MissEKAmouse (button) (small blind) folded on the Flop


PokerStars Hand #151586237029:  Hold'em Limit ($3/$6 USD) - 2016/04/07 17:46:03 ET
Table 'Vaino II' 6-max Seat #3 is the button
Seat 3: heiler69 ($106.78 in chips)
Seat 4: MissEKAmouse ($120 in chips)
heiler69: posts small blind $1
MissEKAmouse: posts big blind $3
*** HOLE CARDS ***
heiler69: raises $3 to $6
MissEKAmouse: calls $3
*** FLOP *** [2h 6h As]
MissEKAmouse: checks
heiler69: bets $3
MissEKAmouse: raises $3 to $6
heiler69: calls $3
*** TURN *** [2h 6h As] [Qd]
MissEKAmouse: bets $6
heiler69: calls $6
*** RIVER *** [2h 6h As Qd] [9d]
MissEKAmouse: bets $6
heiler69: calls $6
*** SHOW DOWN ***
MissEKAmouse: shows [4s Ac] (a pair of Aces)
heiler69: shows [7h Ah] (a pair of Aces - Queen+Nine+Seven kicker)
heiler69 collected $47.50 from pot
*** SUMMARY ***
Total pot $48 | Rake $0.50
Board [2h 6h As Qd 9d]
Seat 3: heiler69 (button) (small blind) showed [7h Ah] and won ($47.50) with a pair of Aces
Seat 4: MissEKAmouse (big blind) showed [4s Ac] and lost with a pair of Aces


PokerStars Hand #151586307284:  Hold'em Limit ($3/$6 USD) - 2016/04/07 17:47:26 ET
Table 'Vaino II' 6-max Seat #4 is the button
Seat 3: heiler69 ($135.04 in chips)
Seat 4: MissEKAmouse ($121 in chips)
MissEKAmouse: posts small blind $1
heiler69: posts big blind $3
*** HOLE CARDS ***
MissEKAmouse: folds
Uncalled bet ($2) returned to heiler69
heiler69 collected $2 from pot
*** SUMMARY ***
Total pot $2 | Rake $0
Seat 3: heiler69 (big blind) collected ($2)
Seat 4: MissEKAmouse (button) (small blind) folded before Flop


PokerStars Hand #151586302780:  Hold'em Limit ($3/$6 USD) - 2016/04/07 17:47:21 ET
Table 'Vaino II' 6-max Seat #3 is the button
Seat 3: heiler69 ($136.04 in chips)
Seat 4: MissEKAmouse ($120 in chips)
heiler69: posts small blind $1
MissEKAmouse: posts big blind $3
*** HOLE CARDS ***
heiler69: folds
Uncalled bet ($2) returned to MissEKAmouse
MissEKAmouse collected $2 from pot
MissEKAmouse: doesn't show hand
*** SUMMARY ***
Total pot $2 | Rake $0
Seat 3: heiler69 (button) (small blind) folded before Flop
Seat 4: MissEKAmouse (big blind) collected ($2)


PokerStars Hand #151586269340:  Hold'em Limit ($3/$6 USD) - 2016/04/07 17:46:41 ET
Table 'Vaino II' 6-max Seat #4 is the button
Seat 3: heiler69 ($130.28 in chips)
Seat 4: MissEKAmouse ($120 in chips)
MissEKAmouse: posts small blind $1
heiler69: posts big blind $3
*** HOLE CARDS ***
MissEKAmouse: raises $3 to $6
heiler69: calls $3
*** FLOP *** [8h 4d 8c]
heiler69: checks
MissEKAmouse: checks
*** TURN *** [8h 4d 8c] [6h]
heiler69: bets $6
MissEKAmouse: folds
Uncalled bet ($6) returned to heiler69
heiler69 collected $11.76 from pot
*** SUMMARY ***
Total pot $12 | Rake $0.24
Board [8h 4d 8c 6h]
Seat 3: heiler69 (big blind) collected ($11.76)
Seat 4: MissEKAmouse (button) (small blind) folded on the Turn


PokerStars Hand #151588733499:  Hold'em Limit ($3/$6 USD) - 2016/04/07 18:38:40 ET
Table 'Vaino II' 6-max Seat #1 is the button
Seat 1: phjravenswaa ($46.97 in chips)
Seat 4: MissEKAmouse ($204.28 in chips)
phjravenswaa: posts small blind $1
bentinck113: is sitting out
MissEKAmouse: posts big blind $3
*** HOLE CARDS ***
phjravenswaa: folds
Uncalled bet ($2) returned to MissEKAmouse
MissEKAmouse collected $2 from pot
MissEKAmouse: doesn't show hand
*** SUMMARY ***
Total pot $2 | Rake $0
Seat 1: phjravenswaa (button) (small blind) folded before Flop
Seat 4: MissEKAmouse (big blind) collected ($2)


PokerStars Hand #151588772082:  Hold'em Limit ($3/$6 USD) - 2016/04/07 18:39:28 ET
Table 'Vaino II' 6-max Seat #4 is the button
Seat 1: phjravenswaa ($43.73 in chips)
Seat 4: MissEKAmouse ($207.04 in chips)
MissEKAmouse: posts small blind $1
phjravenswaa: posts big blind $3
*** HOLE CARDS ***
MissEKAmouse: raises $3 to $6
phjravenswaa: calls $3
*** FLOP *** [6h 4c 3s]
phjravenswaa: checks
MissEKAmouse: bets $3
phjravenswaa: folds
Uncalled bet ($3) returned to MissEKAmouse
MissEKAmouse collected $11.76 from pot
MissEKAmouse: doesn't show hand
*** SUMMARY ***
Total pot $12 | Rake $0.24
Board [6h 4c 3s]
Seat 1: phjravenswaa (big blind) folded on the Flop
Seat 4: MissEKAmouse (button) (small blind) collected ($11.76)


PokerStars Hand #151588765667:  Hold'em Limit ($3/$6 USD) - 2016/04/07 18:39:23 ET
Table 'Vaino II' 6-max Seat #1 is the button
Seat 1: phjravenswaa ($44.73 in chips)
Seat 4: MissEKAmouse ($206.04 in chips)
phjravenswaa: posts small blind $1
MissEKAmouse: posts big blind $3
*** HOLE CARDS ***
phjravenswaa: folds
Uncalled bet ($2) returned to MissEKAmouse
MissEKAmouse collected $2 from pot
MissEKAmouse: doesn't show hand
*** SUMMARY ***
Total pot $2 | Rake $0
Seat 1: phjravenswaa (button) (small blind) folded before Flop
Seat 4: MissEKAmouse (big blind) collected ($2)


PokerStars Hand #151588755828:  Hold'em Limit ($3/$6 USD) - 2016/04/07 18:39:10 ET
Table 'Vaino II' 6-max Seat #4 is the button
Seat 1: phjravenswaa ($50.73 in chips)
Seat 4: MissEKAmouse ($200.28 in chips)
MissEKAmouse: posts small blind $1
phjravenswaa: posts big blind $3
*** HOLE CARDS ***
MissEKAmouse: raises $3 to $6
phjravenswaa: calls $3
*** FLOP *** [6s Js Kh]
phjravenswaa: checks
MissEKAmouse: bets $3
phjravenswaa: folds
Uncalled bet ($3) returned to MissEKAmouse
MissEKAmouse collected $11.76 from pot
MissEKAmouse: doesn't show hand
*** SUMMARY ***
Total pot $12 | Rake $0.24
Board [6s Js Kh]
Seat 1: phjravenswaa (big blind) folded on the Flop
Seat 4: MissEKAmouse (button) (small blind) collected ($11.76)


PokerStars Hand #151588752403:  Hold'em Limit ($3/$6 USD) - 2016/04/07 18:39:05 ET
Table 'Vaino II' 6-max Seat #1 is the button
Seat 1: phjravenswaa ($51.73 in chips)
Seat 4: MissEKAmouse ($199.28 in chips)
phjravenswaa: posts small blind $1
MissEKAmouse: posts big blind $3
*** HOLE CARDS ***
phjravenswaa: folds
Uncalled bet ($2) returned to MissEKAmouse
MissEKAmouse collected $2 from pot
MissEKAmouse: doesn't show hand
*** SUMMARY ***
Total pot $2 | Rake $0
Seat 1: phjravenswaa (button) (small blind) folded before Flop
Seat 4: MissEKAmouse (big blind) collected ($2)


PokerStars Hand #151588737260:  Hold'em Limit ($3/$6 USD) - 2016/04/07 18:38:45 ET
Table 'Vaino II' 6-max Seat #4 is the button
Seat 1: phjravenswaa ($45.97 in chips)
Seat 4: MissEKAmouse ($205.28 in chips)
bentinck113 leaves the table
MissEKAmouse: posts small blind $1
phjravenswaa: posts big blind $3
*** HOLE CARDS ***
MissEKAmouse: raises $3 to $6
phjravenswaa: calls $3
*** FLOP *** [9d Jc 9c]
phjravenswaa: bets $3
MissEKAmouse: folds
Uncalled bet ($3) returned to phjravenswaa
phjravenswaa collected $11.76 from pot
phjravenswaa: doesn't show hand
*** SUMMARY ***
Total pot $12 | Rake $0.24
Board [9d Jc 9c]
Seat 1: phjravenswaa (big blind) collected ($11.76)
Seat 4: MissEKAmouse (button) (small blind) folded on the Flop


PokerStars Hand #151588812554:  Hold'em Limit ($3/$6 USD) - 2016/04/07 18:40:22 ET
Table 'Vaino II' 6-max Seat #2 is the button
Seat 2: ChawkDee ($120 in chips)
Seat 4: MissEKAmouse ($221.56 in chips)
ChawkDee: posts small blind $1
jammi-h was removed from the table for failing to post
MissEKAmouse: posts big blind $3
*** HOLE CARDS ***
ChawkDee: calls $2
MissEKAmouse: raises $3 to $6
jammi-h joins the table at seat #3
ChawkDee: calls $3
*** FLOP *** [Tc 2c Kd]
MissEKAmouse: bets $3
ChawkDee: calls $3
*** TURN *** [Tc 2c Kd] [Ks]
MissEKAmouse: checks
ChawkDee: bets $6
MissEKAmouse: folds
Uncalled bet ($6) returned to ChawkDee
ChawkDee collected $17.64 from pot
ChawkDee: doesn't show hand
*** SUMMARY ***
Total pot $18 | Rake $0.36
Board [Tc 2c Kd Ks]
Seat 2: ChawkDee (button) (small blind) collected ($17.64)
Seat 4: MissEKAmouse (big blind) folded on the Turn


PokerStars Hand #151588801386:  Hold'em Limit ($3/$6 USD) - 2016/04/07 18:40:07 ET
Table 'Vaino II' 6-max Seat #4 is the button
Seat 1: phjravenswaa ($31.73 in chips)
Seat 4: MissEKAmouse ($218.56 in chips)
MissEKAmouse: posts small blind $1
phjravenswaa: posts big blind $3
*** HOLE CARDS ***
MissEKAmouse: raises $3 to $6
phjravenswaa: folds
Uncalled bet ($3) returned to MissEKAmouse
phjravenswaa leaves the table
MissEKAmouse collected $6 from pot
MissEKAmouse: doesn't show hand
*** SUMMARY ***
Total pot $6 | Rake $0
Seat 1: phjravenswaa (big blind) folded before Flop
Seat 4: MissEKAmouse (button) (small blind) collected ($6)


PokerStars Hand #151588783320:  Hold'em Limit ($3/$6 USD) - 2016/04/07 18:39:43 ET
Table 'Vaino II' 6-max Seat #1 is the button
Seat 1: phjravenswaa ($37.73 in chips)
Seat 4: MissEKAmouse ($212.80 in chips)
phjravenswaa: posts small blind $1
MissEKAmouse: posts big blind $3
*** HOLE CARDS ***
phjravenswaa: calls $2
MissEKAmouse: checks
*** FLOP *** [Qc 9d 4h]
MissEKAmouse: bets $3
phjravenswaa: calls $3
*** TURN *** [Qc 9d 4h] [9h]
MissEKAmouse: checks
phjravenswaa: checks
*** RIVER *** [Qc 9d 4h 9h] [7s]
MissEKAmouse: bets $6
phjravenswaa: folds
Uncalled bet ($6) returned to MissEKAmouse
ChawkDee joins the table at seat #2
MissEKAmouse collected $11.76 from pot
MissEKAmouse: doesn't show hand
*** SUMMARY ***
Total pot $12 | Rake $0.24
Board [Qc 9d 4h 9h 7s]
Seat 1: phjravenswaa (button) (small blind) folded on the River
Seat 4: MissEKAmouse (big blind) collected ($11.76)


PokerStars Hand #151588832445:  Hold'em Limit ($3/$6 USD) - 2016/04/07 18:40:48 ET
Table 'Vaino II' 6-max Seat #4 is the button
Seat 2: ChawkDee ($128.64 in chips)
Seat 4: MissEKAmouse ($212.56 in chips)
MissEKAmouse: posts small blind $1
ChawkDee: posts big blind $3
*** HOLE CARDS ***
MissEKAmouse: raises $3 to $6
ChawkDee: folds
Uncalled bet ($3) returned to MissEKAmouse
MissEKAmouse collected $6 from pot
MissEKAmouse: doesn't show hand
*** SUMMARY ***
Total pot $6 | Rake $0
Seat 2: ChawkDee (big blind) folded before Flop
Seat 4: MissEKAmouse (button) (small blind) collected ($6)


PokerStars Hand #151589047489:  Hold'em Limit ($3/$6 USD) - 2016/04/07 18:45:43 ET
Table 'Vaino II' 6-max Seat #2 is the button
Seat 2: ChawkDee ($118.64 in chips)
Seat 4: MissEKAmouse ($250.24 in chips)
ChawkDee: posts small blind $1
jammi-h: is sitting out
MissEKAmouse: posts big blind $3
*** HOLE CARDS ***
ChawkDee: raises $3 to $6
jammi-h leaves the table
MissEKAmouse: calls $3
*** FLOP *** [7d 3h 3d]
MissEKAmouse: bets $3
ChawkDee: calls $3
*** TURN *** [7d 3h 3d] [Kd]
MissEKAmouse: checks
ChawkDee: checks
*** RIVER *** [7d 3h 3d Kd] [6s]
MissEKAmouse: checks
ChawkDee: checks
*** SHOW DOWN ***
MissEKAmouse: shows [4h Qh] (a pair of Threes)
ChawkDee: shows [Qd Tc] (a pair of Threes - King+Queen+Ten kicker)
ChawkDee collected $17.64 from pot
*** SUMMARY ***
Total pot $18 | Rake $0.36
Board [7d 3h 3d Kd 6s]
Seat 2: ChawkDee (button) (small blind) showed [Qd Tc] and won ($17.64) with a pair of Threes
Seat 4: MissEKAmouse (big blind) showed [4h Qh] and lost with a pair of Threes


