PokerStars Hand #157299340992:  Hold'em Limit ($3/$6 USD) - 2016/08/15 6:55:51 ET
Table 'Vaino' 6-max Seat #4 is the button
Seat 4: VolkovDmitri ($130.64 in chips)
Seat 6: WSpieler ($109 in chips)
VolkovDmitri: posts small blind $1
WSpieler: posts big blind $3
*** HOLE CARDS ***
VolkovDmitri: raises $3 to $6
WSpieler: calls $3
*** FLOP *** [Kc 2h 3h]
WSpieler: checks
VolkovDmitri: bets $3
WSpieler: raises $3 to $6
VolkovDmitri: calls $3
*** TURN *** [Kc 2h 3h] [6d]
WSpieler: checks
VolkovDmitri: bets $6
WSpieler: calls $6
*** RIVER *** [Kc 2h 3h 6d] [Jc]
WSpieler: checks
VolkovDmitri: bets $6
WSpieler: folds
Uncalled bet ($6) returned to VolkovDmitri
VolkovDmitri collected $35.50 from pot
VolkovDmitri: doesn't show hand
*** SUMMARY ***
Total pot $36 | Rake $0.50
Board [Kc 2h 3h 6d Jc]
Seat 4: VolkovDmitri (button) (small blind) collected ($35.50)
Seat 6: WSpieler (big blind) folded on the River


PokerStars Hand #157299353886:  Hold'em Limit ($3/$6 USD) - 2016/08/15 6:56:27 ET
Table 'Vaino' 6-max Seat #6 is the button
Seat 4: VolkovDmitri ($148.14 in chips)
Seat 6: WSpieler ($91 in chips)
WSpieler: posts small blind $1
VolkovDmitri: posts big blind $3
*** HOLE CARDS ***
WSpieler: raises $3 to $6
VolkovDmitri: calls $3
*** FLOP *** [3s 2d 5c]
VolkovDmitri: bets $3
WSpieler: calls $3
*** TURN *** [3s 2d 5c] [3h]
VolkovDmitri: bets $6
WSpieler: calls $6
*** RIVER *** [3s 2d 5c 3h] [4d]
VolkovDmitri: checks
WSpieler: checks
*** SHOW DOWN ***
VolkovDmitri: shows [Jd 2s] (two pair, Threes and Deuces)
WSpieler: mucks hand
VolkovDmitri collected $29.50 from pot
*** SUMMARY ***
Total pot $30 | Rake $0.50
Board [3s 2d 5c 3h 4d]
Seat 4: VolkovDmitri (big blind) showed [Jd 2s] and won ($29.50) with two pair, Threes and Deuces
Seat 6: WSpieler (button) (small blind) mucked


PokerStars Hand #157299360344:  Hold'em Limit ($3/$6 USD) - 2016/08/15 6:56:46 ET
Table 'Vaino' 6-max Seat #4 is the button
Seat 4: VolkovDmitri ($162.64 in chips)
Seat 6: WSpieler ($76 in chips)
VolkovDmitri: posts small blind $1
WSpieler: posts big blind $3
*** HOLE CARDS ***
VolkovDmitri: raises $3 to $6
WSpieler: raises $3 to $9
VolkovDmitri: calls $3
*** FLOP *** [7c Ad 4s]
WSpieler: bets $3
VolkovDmitri: raises $3 to $6
WSpieler: folds
Uncalled bet ($3) returned to VolkovDmitri
VolkovDmitri collected $23.52 from pot
VolkovDmitri: doesn't show hand
*** SUMMARY ***
Total pot $24 | Rake $0.48
Board [7c Ad 4s]
Seat 4: VolkovDmitri (button) (small blind) collected ($23.52)
Seat 6: WSpieler (big blind) folded on the Flop


PokerStars Hand #157299365568:  Hold'em Limit ($3/$6 USD) - 2016/08/15 6:57:01 ET
Table 'Vaino' 6-max Seat #6 is the button
Seat 4: VolkovDmitri ($174.16 in chips)
Seat 6: WSpieler ($64 in chips)
WSpieler: posts small blind $1
VolkovDmitri: posts big blind $3
*** HOLE CARDS ***
WSpieler: raises $3 to $6
VolkovDmitri: raises $3 to $9
WSpieler: raises $3 to $12
Betting is capped
VolkovDmitri: calls $3
*** FLOP *** [8h Qh 2h]
VolkovDmitri: bets $3
WSpieler: raises $3 to $6
VolkovDmitri: calls $3
*** TURN *** [8h Qh 2h] [2s]
jiajia88 joins the table at seat #1
Agrotait joins the table at seat #2
VolkovDmitri: bets $6
WSpieler: calls $6
*** RIVER *** [8h Qh 2h 2s] [8s]
VolkovDmitri: bets $6
WSpieler: calls $6
*** SHOW DOWN ***
VolkovDmitri: shows [8c Ac] (a full house, Eights full of Deuces)
WSpieler: mucks hand
VolkovDmitri collected $59.50 from pot
*** SUMMARY ***
Total pot $60 | Rake $0.50
Board [8h Qh 2h 2s 8s]
Seat 4: VolkovDmitri (big blind) showed [8c Ac] and won ($59.50) with a full house, Eights full of Deuces
Seat 6: WSpieler (button) (small blind) mucked


PokerStars Hand #157299400997:  Hold'em Limit ($3/$6 USD) - 2016/08/15 6:58:42 ET
Table 'Vaino' 6-max Seat #4 is the button
Seat 1: jiajia88 ($52.03 in chips)
Seat 4: VolkovDmitri ($218.16 in chips)
Agrotait will be allowed to play after the button
Ale4o will be allowed to play after the button
VolkovDmitri: posts small blind $1
jiajia88: posts big blind $3
*** HOLE CARDS ***
VolkovDmitri: raises $3 to $6
jiajia88: calls $3
*** FLOP *** [Ks 4d Ac]
jiajia88: checks
VolkovDmitri: bets $3
jiajia88: raises $3 to $6
VolkovDmitri: folds
Uncalled bet ($3) returned to jiajia88
jiajia88 collected $17.64 from pot
*** SUMMARY ***
Total pot $18 | Rake $0.36
Board [Ks 4d Ac]
Seat 1: jiajia88 (big blind) collected ($17.64)
Seat 4: VolkovDmitri (button) (small blind) folded on the Flop


PokerStars Hand #157300427348:  Hold'em Limit ($3/$6 USD) - 2016/08/15 7:40:49 ET
Table 'Vaino' 6-max Seat #2 is the button
Seat 2: Agrotait ($152.11 in chips)
Seat 6: hairy1961 ($92.57 in chips)
Agrotait: posts small blind $1
Ale4o: is sitting out
krossguard: is sitting out
hairy1961: posts big blind $3
*** HOLE CARDS ***
Ale4o leaves the table
Agrotait: raises $3 to $6
hairy1961: raises $3 to $9
Ag3r0n joins the table at seat #3
krossguard leaves the table
Agrotait: calls $3
*** FLOP *** [2c 5s 3c]
Ag3r0n leaves the table
hairy1961: bets $3
Ag3r0n joins the table at seat #1
Agrotait: raises $3 to $6
hairy1961: calls $3
*** TURN *** [2c 5s 3c] [2s]
hairy1961: checks
Agrotait: bets $6
hairy1961: raises $6 to $12
Agrotait: calls $6
*** RIVER *** [2c 5s 3c 2s] [6c]
hairy1961: bets $6
Agrotait: raises $6 to $12
hairy1961: calls $6
*** SHOW DOWN ***
Agrotait: shows [8c Ac] (a flush, Ace high)
hairy1961: mucks hand
Agrotait collected $77.50 from pot
*** SUMMARY ***
Total pot $78 | Rake $0.50
Board [2c 5s 3c 2s 6c]
Seat 2: Agrotait (button) (small blind) showed [8c Ac] and won ($77.50) with a flush, Ace high
Seat 6: hairy1961 (big blind) mucked


PokerStars Hand #157300463845:  Hold'em Limit ($3/$6 USD) - 2016/08/15 7:41:53 ET
Table 'Vaino' 6-max Seat #1 is the button
Seat 1: Ag3r0n ($72 in chips)
Seat 6: hairy1961 ($56.57 in chips)
Ag3r0n: posts small blind $1
Agrotait: is sitting out
hairy1961: posts big blind $3
*** HOLE CARDS ***
Ag3r0n: raises $3 to $6
hairy1961: folds
Uncalled bet ($3) returned to Ag3r0n
Ag3r0n collected $6 from pot
*** SUMMARY ***
Total pot $6 | Rake $0
Seat 1: Ag3r0n (button) (small blind) collected ($6)
Seat 6: hairy1961 (big blind) folded before Flop


PokerStars Hand #157300467164:  Hold'em Limit ($3/$6 USD) - 2016/08/15 7:42:01 ET
Table 'Vaino' 6-max Seat #6 is the button
Seat 1: Ag3r0n ($75 in chips)
Seat 6: hairy1961 ($53.57 in chips)
hairy1961: posts small blind $1
Ag3r0n: posts big blind $3
*** HOLE CARDS ***
hairy1961: folds
Uncalled bet ($2) returned to Ag3r0n
Ag3r0n collected $2 from pot
*** SUMMARY ***
Total pot $2 | Rake $0
Seat 1: Ag3r0n (big blind) collected ($2)
Seat 6: hairy1961 (button) (small blind) folded before Flop


PokerStars Hand #157300469647:  Hold'em Limit ($3/$6 USD) - 2016/08/15 7:42:07 ET
Table 'Vaino' 6-max Seat #1 is the button
Seat 1: Ag3r0n ($76 in chips)
Seat 6: hairy1961 ($52.57 in chips)
Ag3r0n: posts small blind $1
VolkovDmitri was removed from the table for failing to post
hairy1961: posts big blind $3
*** HOLE CARDS ***
Ag3r0n: raises $3 to $6
hairy1961: raises $3 to $9
Agrotait leaves the table
Ag3r0n: calls $3
*** FLOP *** [7h Kc Jd]
hairy1961: bets $3
Ag3r0n: calls $3
*** TURN *** [7h Kc Jd] [Th]
hairy1961: checks
Ag3r0n: bets $6
hairy1961: raises $6 to $12
Ag3r0n: calls $6
*** RIVER *** [7h Kc Jd Th] [Jh]
hairy1961: bets $6
Ag3r0n: calls $6
*** SHOW DOWN ***
hairy1961: shows [As Qs] (a straight, Ten to Ace)
Ag3r0n: mucks hand
hairy1961 collected $59.50 from pot
*** SUMMARY ***
Total pot $60 | Rake $0.50
Board [7h Kc Jd Th Jh]
Seat 1: Ag3r0n (button) (small blind) mucked
Seat 6: hairy1961 (big blind) showed [As Qs] and won ($59.50) with a straight, Ten to Ace


PokerStars Hand #157300483862:  Hold'em Limit ($3/$6 USD) - 2016/08/15 7:42:42 ET
Table 'Vaino' 6-max Seat #6 is the button
Seat 1: Ag3r0n ($72 in chips)
Seat 6: hairy1961 ($82.07 in chips)
hairy1961: posts small blind $1
Ag3r0n: posts big blind $3
*** HOLE CARDS ***
hairy1961: raises $3 to $6
Ag3r0n: calls $3
*** FLOP *** [9s 7d 4h]
Ag3r0n: checks
hairy1961: bets $3
Ag3r0n: calls $3
*** TURN *** [9s 7d 4h] [8d]
Ag3r0n: checks
hairy1961: bets $6
Ag3r0n: calls $6
*** RIVER *** [9s 7d 4h 8d] [7h]
Ag3r0n: checks
hairy1961: bets $6
Ag3r0n: calls $6
*** SHOW DOWN ***
hairy1961: shows [Jc Tc] (a straight, Seven to Jack)
Ag3r0n: mucks hand
hairy1961 collected $41.50 from pot
*** SUMMARY ***
Total pot $42 | Rake $0.50
Board [9s 7d 4h 8d 7h]
Seat 1: Ag3r0n (big blind) mucked
Seat 6: hairy1961 (button) (small blind) showed [Jc Tc] and won ($41.50) with a straight, Seven to Jack


PokerStars Hand #157300491669:  Hold'em Limit ($3/$6 USD) - 2016/08/15 7:43:00 ET
Table 'Vaino' 6-max Seat #1 is the button
Seat 1: Ag3r0n ($72 in chips)
Seat 6: hairy1961 ($102.57 in chips)
Ag3r0n: posts small blind $1
hairy1961: posts big blind $3
*** HOLE CARDS ***
Ag3r0n: raises $3 to $6
hairy1961: folds
Uncalled bet ($3) returned to Ag3r0n
Ag3r0n collected $6 from pot
*** SUMMARY ***
Total pot $6 | Rake $0
Seat 1: Ag3r0n (button) (small blind) collected ($6)
Seat 6: hairy1961 (big blind) folded before Flop


PokerStars Hand #157300501436:  Hold'em Limit ($3/$6 USD) - 2016/08/15 7:43:23 ET
Table 'Vaino' 6-max Seat #1 is the button
Seat 1: Ag3r0n ($92.50 in chips)
Seat 6: hairy1961 ($81.57 in chips)
Ag3r0n: posts small blind $1
hairy1961: posts big blind $3
*** HOLE CARDS ***
Ag3r0n: folds
Uncalled bet ($2) returned to hairy1961
hairy1961 collected $2 from pot
hairy1961: doesn't show hand
*** SUMMARY ***
Total pot $2 | Rake $0
Seat 1: Ag3r0n (button) (small blind) folded before Flop
Seat 6: hairy1961 (big blind) collected ($2)


PokerStars Hand #157300494004:  Hold'em Limit ($3/$6 USD) - 2016/08/15 7:43:06 ET
Table 'Vaino' 6-max Seat #6 is the button
Seat 1: Ag3r0n ($75 in chips)
Seat 6: hairy1961 ($99.57 in chips)
hairy1961: posts small blind $1
Ag3r0n: posts big blind $3
*** HOLE CARDS ***
hairy1961: raises $3 to $6
Ag3r0n: calls $3
*** FLOP *** [5c 5s Js]
Ag3r0n: checks
hairy1961: checks
*** TURN *** [5c 5s Js] [7c]
Ag3r0n: bets $6
hairy1961: calls $6
*** RIVER *** [5c 5s Js 7c] [4c]
Ag3r0n: bets $6
hairy1961: calls $6
*** SHOW DOWN ***
Ag3r0n: shows [5d Kh] (three of a kind, Fives)
hairy1961: mucks hand
Ag3r0n collected $35.50 from pot
*** SUMMARY ***
Total pot $36 | Rake $0.50
Board [5c 5s Js 7c 4c]
Seat 1: Ag3r0n (big blind) showed [5d Kh] and won ($35.50) with three of a kind, Fives
Seat 6: hairy1961 (button) (small blind) mucked


PokerStars Hand #157300503630:  Hold'em Limit ($3/$6 USD) - 2016/08/15 7:43:29 ET
Table 'Vaino' 6-max Seat #6 is the button
Seat 1: Ag3r0n ($91.50 in chips)
Seat 6: hairy1961 ($82.57 in chips)
hairy1961: posts small blind $1
Ag3r0n: posts big blind $3
*** HOLE CARDS ***
hairy1961: raises $3 to $6
Ag3r0n: calls $3
*** FLOP *** [4h Jc 5d]
Ag3r0n: checks
hairy1961: bets $3
Ag3r0n: folds
Uncalled bet ($3) returned to hairy1961
hairy1961 collected $11.76 from pot
hairy1961: doesn't show hand
*** SUMMARY ***
Total pot $12 | Rake $0.24
Board [4h Jc 5d]
Seat 1: Ag3r0n (big blind) folded on the Flop
Seat 6: hairy1961 (button) (small blind) collected ($11.76)


PokerStars Hand #157300514312:  Hold'em Limit ($3/$6 USD) - 2016/08/15 7:43:54 ET
Table 'Vaino' 6-max Seat #6 is the button
Seat 1: Ag3r0n ($88.50 in chips)
Seat 6: hairy1961 ($85.33 in chips)
hairy1961: posts small blind $1
Ag3r0n: posts big blind $3
*** HOLE CARDS ***
hairy1961: folds
Uncalled bet ($2) returned to Ag3r0n
Ag3r0n collected $2 from pot
*** SUMMARY ***
Total pot $2 | Rake $0
Seat 1: Ag3r0n (big blind) collected ($2)
Seat 6: hairy1961 (button) (small blind) folded before Flop


PokerStars Hand #157300507927:  Hold'em Limit ($3/$6 USD) - 2016/08/15 7:43:39 ET
Table 'Vaino' 6-max Seat #1 is the button
Seat 1: Ag3r0n ($85.50 in chips)
Seat 6: hairy1961 ($88.33 in chips)
Ag3r0n: posts small blind $1
hairy1961: posts big blind $3
*** HOLE CARDS ***
Ag3r0n: raises $3 to $6
hairy1961: folds
Uncalled bet ($3) returned to Ag3r0n
Ag3r0n collected $6 from pot
*** SUMMARY ***
Total pot $6 | Rake $0
Seat 1: Ag3r0n (button) (small blind) collected ($6)
Seat 6: hairy1961 (big blind) folded before Flop


PokerStars Hand #157300516757:  Hold'em Limit ($3/$6 USD) - 2016/08/15 7:44:00 ET
Table 'Vaino' 6-max Seat #1 is the button
Seat 1: Ag3r0n ($89.50 in chips)
Seat 6: hairy1961 ($84.33 in chips)
Ag3r0n: posts small blind $1
hairy1961: posts big blind $3
*** HOLE CARDS ***
Ag3r0n: raises $3 to $6
hairy1961: calls $3
*** FLOP *** [8d Kd 4c]
hairy1961: checks
Ag3r0n: bets $3
hairy1961: calls $3
*** TURN *** [8d Kd 4c] [6s]
hairy1961: checks
Ag3r0n: bets $6
hairy1961: calls $6
*** RIVER *** [8d Kd 4c 6s] [2c]
hairy1961: checks
Ag3r0n: bets $6
hairy1961: calls $6
*** SHOW DOWN ***
Ag3r0n: shows [8h 5d] (a pair of Eights)
hairy1961: mucks hand
Ag3r0n collected $41.50 from pot
*** SUMMARY ***
Total pot $42 | Rake $0.50
Board [8d Kd 4c 6s 2c]
Seat 1: Ag3r0n (button) (small blind) showed [8h 5d] and won ($41.50) with a pair of Eights
Seat 6: hairy1961 (big blind) mucked


PokerStars Hand #157300528676:  Hold'em Limit ($3/$6 USD) - 2016/08/15 7:44:29 ET
Table 'Vaino' 6-max Seat #6 is the button
Seat 1: Ag3r0n ($110 in chips)
Seat 6: hairy1961 ($63.33 in chips)
hairy1961: posts small blind $1
Ag3r0n: posts big blind $3
*** HOLE CARDS ***
hairy1961: raises $3 to $6
Ag3r0n: folds
Uncalled bet ($3) returned to hairy1961
hairy1961 collected $6 from pot
hairy1961: doesn't show hand
*** SUMMARY ***
Total pot $6 | Rake $0
Seat 1: Ag3r0n (big blind) folded before Flop
Seat 6: hairy1961 (button) (small blind) collected ($6)


PokerStars Hand #157300531461:  Hold'em Limit ($3/$6 USD) - 2016/08/15 7:44:35 ET
Table 'Vaino' 6-max Seat #1 is the button
Seat 1: Ag3r0n ($107 in chips)
Seat 6: hairy1961 ($66.33 in chips)
Ag3r0n: posts small blind $1
hairy1961: posts big blind $3
*** HOLE CARDS ***
Ag3r0n: raises $3 to $6
hairy1961: calls $3
*** FLOP *** [Jh 8c Th]
hairy1961: bets $3
Ag3r0n: calls $3
*** TURN *** [Jh 8c Th] [Kd]
hairy1961: checks
Ag3r0n: bets $6
hairy1961: calls $6
*** RIVER *** [Jh 8c Th Kd] [Qh]
hairy1961: checks
Ag3r0n: checks
*** SHOW DOWN ***
hairy1961: shows [2d 7d] (high card King)
Ag3r0n: shows [9s Jd] (a straight, Nine to King)
Ag3r0n collected $29.50 from pot
*** SUMMARY ***
Total pot $30 | Rake $0.50
Board [Jh 8c Th Kd Qh]
Seat 1: Ag3r0n (button) (small blind) showed [9s Jd] and won ($29.50) with a straight, Nine to King
Seat 6: hairy1961 (big blind) showed [2d 7d] and lost with high card King


PokerStars Hand #157300540451:  Hold'em Limit ($3/$6 USD) - 2016/08/15 7:44:57 ET
Table 'Vaino' 6-max Seat #6 is the button
Seat 1: Ag3r0n ($121.50 in chips)
Seat 6: hairy1961 ($51.33 in chips)
hairy1961: posts small blind $1
Ag3r0n: posts big blind $3
*** HOLE CARDS ***
hairy1961: raises $3 to $6
Ag3r0n: folds
Uncalled bet ($3) returned to hairy1961
hairy1961 collected $6 from pot
hairy1961: doesn't show hand
*** SUMMARY ***
Total pot $6 | Rake $0
Seat 1: Ag3r0n (big blind) folded before Flop
Seat 6: hairy1961 (button) (small blind) collected ($6)


PokerStars Hand #157300552636:  Hold'em Limit ($3/$6 USD) - 2016/08/15 7:45:26 ET
Table 'Vaino' 6-max Seat #6 is the button
Seat 1: Ag3r0n ($136 in chips)
Seat 6: hairy1961 ($36.33 in chips)
hairy1961: posts small blind $1
Ag3r0n: posts big blind $3
*** HOLE CARDS ***
hairy1961: raises $3 to $6
Ag3r0n: calls $3
*** FLOP *** [Kc 2c Ac]
Ag3r0n: checks
hairy1961: bets $3
Ag3r0n: calls $3
*** TURN *** [Kc 2c Ac] [Qd]
Ag3r0n: checks
hairy1961: bets $6
Ag3r0n: calls $6
*** RIVER *** [Kc 2c Ac Qd] [6s]
Ag3r0n: checks
hairy1961: bets $6
Ag3r0n: folds
Uncalled bet ($6) returned to hairy1961
hairy1961 collected $29.50 from pot
hairy1961: doesn't show hand
*** SUMMARY ***
Total pot $30 | Rake $0.50
Board [Kc 2c Ac Qd 6s]
Seat 1: Ag3r0n (big blind) folded on the River
Seat 6: hairy1961 (button) (small blind) collected ($29.50)


PokerStars Hand #157300564339:  Hold'em Limit ($3/$6 USD) - 2016/08/15 7:45:54 ET
Table 'Vaino' 6-max Seat #1 is the button
Seat 1: Ag3r0n ($121 in chips)
Seat 6: hairy1961 ($50.83 in chips)
Ag3r0n: posts small blind $1
hairy1961: posts big blind $3
*** HOLE CARDS ***
Ag3r0n: folds
Uncalled bet ($2) returned to hairy1961
hairy1961 collected $2 from pot
hairy1961: doesn't show hand
*** SUMMARY ***
Total pot $2 | Rake $0
Seat 1: Ag3r0n (button) (small blind) folded before Flop
Seat 6: hairy1961 (big blind) collected ($2)


PokerStars Hand #157300581930:  Hold'em Limit ($3/$6 USD) - 2016/08/15 7:46:36 ET
Table 'Vaino' 6-max Seat #1 is the button
Seat 1: Ag3r0n ($102.76 in chips)
Seat 6: hairy1961 ($68.33 in chips)
Ag3r0n: posts small blind $1
hairy1961: posts big blind $3
*** HOLE CARDS ***
Ag3r0n: raises $3 to $6
hairy1961: calls $3
*** FLOP *** [7s Kd 9d]
hairy1961: checks
Ag3r0n: checks
*** TURN *** [7s Kd 9d] [Qs]
hairy1961: checks
Ag3r0n: bets $6
hairy1961: folds
Uncalled bet ($6) returned to Ag3r0n
Ag3r0n collected $11.76 from pot
*** SUMMARY ***
Total pot $12 | Rake $0.24
Board [7s Kd 9d Qs]
Seat 1: Ag3r0n (button) (small blind) collected ($11.76)
Seat 6: hairy1961 (big blind) folded on the Turn


PokerStars Hand #157300574027:  Hold'em Limit ($3/$6 USD) - 2016/08/15 7:46:17 ET
Table 'Vaino' 6-max Seat #6 is the button
Seat 1: Ag3r0n ($126.76 in chips)
Seat 6: hairy1961 ($44.83 in chips)
hairy1961: posts small blind $1
Ag3r0n: posts big blind $3
*** HOLE CARDS ***
hairy1961: raises $3 to $6
Ag3r0n: raises $3 to $9
hairy1961: calls $3
*** FLOP *** [Td 9h 3d]
Ag3r0n: bets $3
hairy1961: calls $3
*** TURN *** [Td 9h 3d] [9d]
Ag3r0n: bets $6
hairy1961: calls $6
*** RIVER *** [Td 9h 3d 9d] [Qd]
Ag3r0n: checks
hairy1961: bets $6
Ag3r0n: calls $6
*** SHOW DOWN ***
hairy1961: shows [Kd Qc] (a flush, King high)
Ag3r0n: mucks hand
hairy1961 collected $47.50 from pot
*** SUMMARY ***
Total pot $48 | Rake $0.50
Board [Td 9h 3d 9d Qd]
Seat 1: Ag3r0n (big blind) mucked
Seat 6: hairy1961 (button) (small blind) showed [Kd Qc] and won ($47.50) with a flush, King high


PokerStars Hand #157300566480:  Hold'em Limit ($3/$6 USD) - 2016/08/15 7:45:59 ET
Table 'Vaino' 6-max Seat #6 is the button
Seat 1: Ag3r0n ($120 in chips)
Seat 6: hairy1961 ($51.83 in chips)
hairy1961: posts small blind $1
Ag3r0n: posts big blind $3
*** HOLE CARDS ***
hairy1961: folds
Uncalled bet ($2) returned to Ag3r0n
Ag3r0n collected $2 from pot
*** SUMMARY ***
Total pot $2 | Rake $0
Seat 1: Ag3r0n (big blind) collected ($2)
Seat 6: hairy1961 (button) (small blind) folded before Flop


PokerStars Hand #157300589159:  Hold'em Limit ($3/$6 USD) - 2016/08/15 7:46:53 ET
Table 'Vaino' 6-max Seat #6 is the button
Seat 1: Ag3r0n ($108.52 in chips)
Seat 6: hairy1961 ($62.33 in chips)
hairy1961: posts small blind $1
Ag3r0n: posts big blind $3
*** HOLE CARDS ***
hairy1961: folds
Uncalled bet ($2) returned to Ag3r0n
Ag3r0n collected $2 from pot
*** SUMMARY ***
Total pot $2 | Rake $0
Seat 1: Ag3r0n (big blind) collected ($2)
Seat 6: hairy1961 (button) (small blind) folded before Flop


PokerStars Hand #157300569023:  Hold'em Limit ($3/$6 USD) - 2016/08/15 7:46:05 ET
Table 'Vaino' 6-max Seat #1 is the button
Seat 1: Ag3r0n ($121 in chips)
Seat 6: hairy1961 ($50.83 in chips)
Ag3r0n: posts small blind $1
hairy1961: posts big blind $3
*** HOLE CARDS ***
Ag3r0n: raises $3 to $6
hairy1961: calls $3
*** FLOP *** [Qh Ad 3s]
hairy1961: checks
Ag3r0n: bets $3
hairy1961: folds
Uncalled bet ($3) returned to Ag3r0n
Ag3r0n collected $11.76 from pot
*** SUMMARY ***
Total pot $12 | Rake $0.24
Board [Qh Ad 3s]
Seat 1: Ag3r0n (button) (small blind) collected ($11.76)
Seat 6: hairy1961 (big blind) folded on the Flop


PokerStars Hand #157300611344:  Hold'em Limit ($3/$6 USD) - 2016/08/15 7:47:45 ET
Table 'Vaino' 6-max Seat #6 is the button
Seat 1: Ag3r0n ($94.02 in chips)
Seat 6: hairy1961 ($75.59 in chips)
hairy1961: posts small blind $1
Ag3r0n: posts big blind $3
*** HOLE CARDS ***
hairy1961: folds
Uncalled bet ($2) returned to Ag3r0n
Ag3r0n collected $2 from pot
*** SUMMARY ***
Total pot $2 | Rake $0
Seat 1: Ag3r0n (big blind) collected ($2)
Seat 6: hairy1961 (button) (small blind) folded before Flop


PokerStars Hand #157300604115:  Hold'em Limit ($3/$6 USD) - 2016/08/15 7:47:28 ET
Table 'Vaino' 6-max Seat #1 is the button
Seat 1: Ag3r0n ($79.52 in chips)
Seat 6: hairy1961 ($90.59 in chips)
Ag3r0n: posts small blind $1
hairy1961: posts big blind $3
*** HOLE CARDS ***
Ag3r0n: raises $3 to $6
hairy1961: calls $3
*** FLOP *** [Jc 6d 8s]
hairy1961: bets $3
Ag3r0n: calls $3
*** TURN *** [Jc 6d 8s] [6h]
hairy1961: bets $6
Ag3r0n: raises $6 to $12
hairy1961: folds
Uncalled bet ($6) returned to Ag3r0n
Ag3r0n collected $29.50 from pot
*** SUMMARY ***
Total pot $30 | Rake $0.50
Board [Jc 6d 8s 6h]
Seat 1: Ag3r0n (button) (small blind) collected ($29.50)
Seat 6: hairy1961 (big blind) folded on the Turn


PokerStars Hand #157300599035:  Hold'em Limit ($3/$6 USD) - 2016/08/15 7:47:16 ET
Table 'Vaino' 6-max Seat #6 is the button
Seat 1: Ag3r0n ($85.52 in chips)
Seat 6: hairy1961 ($84.83 in chips)
hairy1961: posts small blind $1
Ag3r0n: posts big blind $3
*** HOLE CARDS ***
hairy1961: raises $3 to $6
Ag3r0n: calls $3
*** FLOP *** [7s Js 4c]
Ag3r0n: checks
hairy1961: bets $3
Ag3r0n: folds
Uncalled bet ($3) returned to hairy1961
hairy1961 collected $11.76 from pot
hairy1961: doesn't show hand
*** SUMMARY ***
Total pot $12 | Rake $0.24
Board [7s Js 4c]
Seat 1: Ag3r0n (big blind) folded on the Flop
Seat 6: hairy1961 (button) (small blind) collected ($11.76)


PokerStars Hand #157300591518:  Hold'em Limit ($3/$6 USD) - 2016/08/15 7:46:58 ET
Table 'Vaino' 6-max Seat #1 is the button
Seat 1: Ag3r0n ($109.52 in chips)
Seat 6: hairy1961 ($61.33 in chips)
Ag3r0n: posts small blind $1
hairy1961: posts big blind $3
*** HOLE CARDS ***
Ag3r0n: raises $3 to $6
hairy1961: raises $3 to $9
Ag3r0n: calls $3
*** FLOP *** [Th Ad 2h]
hairy1961: bets $3
Ag3r0n: calls $3
*** TURN *** [Th Ad 2h] [5d]
hairy1961: bets $6
Ag3r0n: calls $6
*** RIVER *** [Th Ad 2h 5d] [9c]
hairy1961: bets $6
Ag3r0n: calls $6
*** SHOW DOWN ***
hairy1961: shows [Ah 6c] (a pair of Aces)
Ag3r0n: mucks hand
hairy1961 collected $47.50 from pot
*** SUMMARY ***
Total pot $48 | Rake $0.50
Board [Th Ad 2h 5d 9c]
Seat 1: Ag3r0n (button) (small blind) mucked
Seat 6: hairy1961 (big blind) showed [Ah 6c] and won ($47.50) with a pair of Aces


PokerStars Hand #157300641820:  Hold'em Limit ($3/$6 USD) - 2016/08/15 7:48:57 ET
Table 'Vaino' 6-max Seat #1 is the button
Seat 1: Ag3r0n ($83.52 in chips)
Seat 6: hairy1961 ($84.85 in chips)
Ag3r0n: posts small blind $1
hairy1961: posts big blind $3
*** HOLE CARDS ***
Ag3r0n: raises $3 to $6
hairy1961: folds
Uncalled bet ($3) returned to Ag3r0n
Ag3r0n collected $6 from pot
*** SUMMARY ***
Total pot $6 | Rake $0
Seat 1: Ag3r0n (button) (small blind) collected ($6)
Seat 6: hairy1961 (big blind) folded before Flop


PokerStars Hand #157300632843:  Hold'em Limit ($3/$6 USD) - 2016/08/15 7:48:36 ET
Table 'Vaino' 6-max Seat #6 is the button
Seat 1: Ag3r0n ($89.52 in chips)
Seat 6: hairy1961 ($79.09 in chips)
hairy1961: posts small blind $1
Ag3r0n: posts big blind $3
*** HOLE CARDS ***
hairy1961: raises $3 to $6
Ag3r0n: calls $3
*** FLOP *** [Qs 7s Td]
Ag3r0n: checks
hairy1961: checks
*** TURN *** [Qs 7s Td] [3h]
Ag3r0n: checks
hairy1961: checks
*** RIVER *** [Qs 7s Td 3h] [Jc]
Ag3r0n: checks
hairy1961: bets $6
Ag3r0n: folds
Uncalled bet ($6) returned to hairy1961
hairy1961 collected $11.76 from pot
hairy1961: doesn't show hand
*** SUMMARY ***
Total pot $12 | Rake $0.24
Board [Qs 7s Td 3h Jc]
Seat 1: Ag3r0n (big blind) folded on the River
Seat 6: hairy1961 (button) (small blind) collected ($11.76)


PokerStars Hand #157300624673:  Hold'em Limit ($3/$6 USD) - 2016/08/15 7:48:17 ET
Table 'Vaino' 6-max Seat #1 is the button
Seat 1: Ag3r0n ($110.52 in chips)
Seat 6: hairy1961 ($58.59 in chips)
Ag3r0n: posts small blind $1
hairy1961: posts big blind $3
*** HOLE CARDS ***
Ag3r0n: raises $3 to $6
hairy1961: calls $3
*** FLOP *** [Jc 3s 5h]
hairy1961: checks
Ag3r0n: bets $3
hairy1961: calls $3
*** TURN *** [Jc 3s 5h] [4d]
hairy1961: checks
Ag3r0n: bets $6
hairy1961: calls $6
*** RIVER *** [Jc 3s 5h 4d] [Ad]
hairy1961: checks
Ag3r0n: bets $6
hairy1961: calls $6
*** SHOW DOWN ***
Ag3r0n: shows [Qh Qc] (a pair of Queens)
hairy1961: shows [As 6c] (a pair of Aces)
hairy1961 collected $41.50 from pot
*** SUMMARY ***
Total pot $42 | Rake $0.50
Board [Jc 3s 5h 4d Ad]
Seat 1: Ag3r0n (button) (small blind) showed [Qh Qc] and lost with a pair of Queens
Seat 6: hairy1961 (big blind) showed [As 6c] and won ($41.50) with a pair of Aces


PokerStars Hand #157300622453:  Hold'em Limit ($3/$6 USD) - 2016/08/15 7:48:12 ET
Table 'Vaino' 6-max Seat #6 is the button
Seat 1: Ag3r0n ($109.52 in chips)
Seat 6: hairy1961 ($59.59 in chips)
hairy1961: posts small blind $1
Ag3r0n: posts big blind $3
*** HOLE CARDS ***
hairy1961: folds
Uncalled bet ($2) returned to Ag3r0n
Ag3r0n collected $2 from pot
*** SUMMARY ***
Total pot $2 | Rake $0
Seat 1: Ag3r0n (big blind) collected ($2)
Seat 6: hairy1961 (button) (small blind) folded before Flop


PokerStars Hand #157300613682:  Hold'em Limit ($3/$6 USD) - 2016/08/15 7:47:51 ET
Table 'Vaino' 6-max Seat #1 is the button
Seat 1: Ag3r0n ($95.02 in chips)
Seat 6: hairy1961 ($74.59 in chips)
Ag3r0n: posts small blind $1
hairy1961: posts big blind $3
*** HOLE CARDS ***
Ag3r0n: raises $3 to $6
hairy1961: calls $3
*** FLOP *** [7c 5s Qh]
hairy1961: checks
Ag3r0n: bets $3
hairy1961: calls $3
*** TURN *** [7c 5s Qh] [3h]
hairy1961: checks
Ag3r0n: checks
*** RIVER *** [7c 5s Qh 3h] [3c]
hairy1961: bets $6
Ag3r0n: calls $6
*** SHOW DOWN ***
hairy1961: shows [Td 9s] (a pair of Threes)
Ag3r0n: shows [Js Ac] (a pair of Threes - Ace kicker)
Ag3r0n collected $29.50 from pot
*** SUMMARY ***
Total pot $30 | Rake $0.50
Board [7c 5s Qh 3h 3c]
Seat 1: Ag3r0n (button) (small blind) showed [Js Ac] and won ($29.50) with a pair of Threes
Seat 6: hairy1961 (big blind) showed [Td 9s] and lost with a pair of Threes


PokerStars Hand #157300652090:  Hold'em Limit ($3/$6 USD) - 2016/08/15 7:49:22 ET
Table 'Vaino' 6-max Seat #6 is the button
Seat 1: Ag3r0n ($74.52 in chips)
Seat 6: hairy1961 ($93.49 in chips)
hairy1961: posts small blind $1
Ag3r0n: posts big blind $3
*** HOLE CARDS ***
hairy1961: folds
Uncalled bet ($2) returned to Ag3r0n
Ag3r0n collected $2 from pot
*** SUMMARY ***
Total pot $2 | Rake $0
Seat 1: Ag3r0n (big blind) collected ($2)
Seat 6: hairy1961 (button) (small blind) folded before Flop


PokerStars Hand #157300644416:  Hold'em Limit ($3/$6 USD) - 2016/08/15 7:49:04 ET
Table 'Vaino' 6-max Seat #6 is the button
Seat 1: Ag3r0n ($86.52 in chips)
Seat 6: hairy1961 ($81.85 in chips)
hairy1961: posts small blind $1
Ag3r0n: posts big blind $3
*** HOLE CARDS ***
hairy1961: raises $3 to $6
Ag3r0n: folds
Uncalled bet ($3) returned to hairy1961
hairy1961 collected $6 from pot
hairy1961: doesn't show hand
*** SUMMARY ***
Total pot $6 | Rake $0
Seat 1: Ag3r0n (big blind) folded before Flop
Seat 6: hairy1961 (button) (small blind) collected ($6)


PokerStars Hand #157300647419:  Hold'em Limit ($3/$6 USD) - 2016/08/15 7:49:11 ET
Table 'Vaino' 6-max Seat #1 is the button
Seat 1: Ag3r0n ($83.52 in chips)
Seat 6: hairy1961 ($84.85 in chips)
Ag3r0n: posts small blind $1
hairy1961: posts big blind $3
*** HOLE CARDS ***
Ag3r0n: raises $3 to $6
WSpieler joins the table at seat #5
hairy1961: raises $3 to $9
Ag3r0n: calls $3
*** FLOP *** [3c 7h Jh]
hairy1961: bets $3
Ag3r0n: folds
Uncalled bet ($3) returned to hairy1961
hairy1961 collected $17.64 from pot
hairy1961: doesn't show hand
*** SUMMARY ***
Total pot $18 | Rake $0.36
Board [3c 7h Jh]
Seat 1: Ag3r0n (button) (small blind) folded on the Flop
Seat 6: hairy1961 (big blind) collected ($17.64)


PokerStars Hand #157303111126:  Hold'em Limit ($3/$6 USD) - 2016/08/15 9:19:35 ET
Table 'Vaino' 6-max Seat #1 is the button
Seat 1: Ag3r0n ($102.23 in chips)
Seat 5: $polu4atel*$ ($82.03 in chips)
Ag3r0n: posts small blind $1
TbIP-TbIP 88: is sitting out
Airbag999: is sitting out
$polu4atel*$: posts big blind $3
*** HOLE CARDS ***
Ag3r0n: raises $3 to $6
Airbag999 leaves the table
$polu4atel*$: folds
Uncalled bet ($3) returned to Ag3r0n
Ag3r0n collected $6 from pot
*** SUMMARY ***
Total pot $6 | Rake $0
Seat 1: Ag3r0n (button) (small blind) collected ($6)
Seat 5: $polu4atel*$ (big blind) folded before Flop


PokerStars Hand #157303150587:  Hold'em Limit ($3/$6 USD) - 2016/08/15 9:20:54 ET
Table 'Vaino' 6-max Seat #1 is the button
Seat 1: Ag3r0n ($102.99 in chips)
Seat 5: $polu4atel*$ ($80.67 in chips)
Ag3r0n: posts small blind $1
$polu4atel*$: posts big blind $3
*** HOLE CARDS ***
Ag3r0n: raises $3 to $6
$polu4atel*$: raises $3 to $9
Ag3r0n: calls $3
*** FLOP *** [Qd 9h 7c]
$polu4atel*$: bets $3
Ag3r0n: folds
Uncalled bet ($3) returned to $polu4atel*$
$polu4atel*$ collected $17.64 from pot
$polu4atel*$: doesn't show hand
*** SUMMARY ***
Total pot $18 | Rake $0.36
Board [Qd 9h 7c]
Seat 1: Ag3r0n (button) (small blind) folded on the Flop
Seat 5: $polu4atel*$ (big blind) collected ($17.64)


PokerStars Hand #157303143793:  Hold'em Limit ($3/$6 USD) - 2016/08/15 9:20:41 ET
Table 'Vaino' 6-max Seat #5 is the button
Seat 1: Ag3r0n ($101.99 in chips)
Seat 5: $polu4atel*$ ($81.67 in chips)
$polu4atel*$: posts small blind $1
Ag3r0n: posts big blind $3
*** HOLE CARDS ***
$polu4atel*$: folds
Uncalled bet ($2) returned to Ag3r0n
Ag3r0n collected $2 from pot
*** SUMMARY ***
Total pot $2 | Rake $0
Seat 1: Ag3r0n (big blind) collected ($2)
Seat 5: $polu4atel*$ (button) (small blind) folded before Flop


PokerStars Hand #157303141638:  Hold'em Limit ($3/$6 USD) - 2016/08/15 9:20:36 ET
Table 'Vaino' 6-max Seat #1 is the button
Seat 1: Ag3r0n ($102.99 in chips)
Seat 5: $polu4atel*$ ($80.67 in chips)
Ag3r0n: posts small blind $1
$polu4atel*$: posts big blind $3
*** HOLE CARDS ***
Ag3r0n: folds
Uncalled bet ($2) returned to $polu4atel*$
$polu4atel*$ collected $2 from pot
$polu4atel*$: doesn't show hand
*** SUMMARY ***
Total pot $2 | Rake $0
Seat 1: Ag3r0n (button) (small blind) folded before Flop
Seat 5: $polu4atel*$ (big blind) collected ($2)


PokerStars Hand #157303138170:  Hold'em Limit ($3/$6 USD) - 2016/08/15 9:20:29 ET
Table 'Vaino' 6-max Seat #5 is the button
Seat 1: Ag3r0n ($101.99 in chips)
Seat 5: $polu4atel*$ ($81.67 in chips)
$polu4atel*$: posts small blind $1
Ag3r0n: posts big blind $3
*** HOLE CARDS ***
$polu4atel*$: folds
Uncalled bet ($2) returned to Ag3r0n
Ag3r0n collected $2 from pot
*** SUMMARY ***
Total pot $2 | Rake $0
Seat 1: Ag3r0n (big blind) collected ($2)
Seat 5: $polu4atel*$ (button) (small blind) folded before Flop


PokerStars Hand #157303134049:  Hold'em Limit ($3/$6 USD) - 2016/08/15 9:20:21 ET
Table 'Vaino' 6-max Seat #1 is the button
Seat 1: Ag3r0n ($96.23 in chips)
Seat 5: $polu4atel*$ ($87.67 in chips)
Ag3r0n: posts small blind $1
$polu4atel*$: posts big blind $3
*** HOLE CARDS ***
Ag3r0n: raises $3 to $6
$polu4atel*$: calls $3
*** FLOP *** [2c 2h Js]
$polu4atel*$: checks
Ag3r0n: bets $3
$polu4atel*$: folds
Uncalled bet ($3) returned to Ag3r0n
Ag3r0n collected $11.76 from pot
*** SUMMARY ***
Total pot $12 | Rake $0.24
Board [2c 2h Js]
Seat 1: Ag3r0n (button) (small blind) collected ($11.76)
Seat 5: $polu4atel*$ (big blind) folded on the Flop


PokerStars Hand #157303115925:  Hold'em Limit ($3/$6 USD) - 2016/08/15 9:19:45 ET
Table 'Vaino' 6-max Seat #5 is the button
Seat 1: Ag3r0n ($105.23 in chips)
Seat 5: $polu4atel*$ ($79.03 in chips)
$polu4atel*$: posts small blind $1
Ag3r0n: posts big blind $3
*** HOLE CARDS ***
$polu4atel*$: calls $2
Ag3r0n: raises $3 to $6
$polu4atel*$: calls $3
*** FLOP *** [Qd Ac 2d]
Ag3r0n: bets $3
$polu4atel*$: calls $3
*** TURN *** [Qd Ac 2d] [7h]
Ag3r0n: checks
$polu4atel*$: bets $6
TbIP-TbIP 88 leaves the table
Ag3r0n: folds
Uncalled bet ($6) returned to $polu4atel*$
$polu4atel*$ collected $17.64 from pot
$polu4atel*$: doesn't show hand
*** SUMMARY ***
Total pot $18 | Rake $0.36
Board [Qd Ac 2d 7h]
Seat 1: Ag3r0n (big blind) folded on the Turn
Seat 5: $polu4atel*$ (button) (small blind) collected ($17.64)


PokerStars Hand #157303155576:  Hold'em Limit ($3/$6 USD) - 2016/08/15 9:21:04 ET
Table 'Vaino' 6-max Seat #5 is the button
Seat 1: Ag3r0n ($93.99 in chips)
Seat 5: $polu4atel*$ ($89.31 in chips)
$polu4atel*$: posts small blind $1
Ag3r0n: posts big blind $3
*** HOLE CARDS ***
$polu4atel*$: folds
Uncalled bet ($2) returned to Ag3r0n
Ag3r0n collected $2 from pot
*** SUMMARY ***
Total pot $2 | Rake $0
Seat 1: Ag3r0n (big blind) collected ($2)
Seat 5: $polu4atel*$ (button) (small blind) folded before Flop


