PokerStars Hand #145693025939:  Hold'em Limit ($3/$6 USD) - 2015/12/21 12:11:25 ET
Table 'Vaino III' 2-max Seat #1 is the button
Seat 1: PelonCabelao ($104.02 in chips)
Seat 2: Alex119387 ($132.76 in chips)
PelonCabelao: posts small blind $1
Alex119387: posts big blind $3
*** HOLE CARDS ***
PelonCabelao: raises $3 to $6
Alex119387: calls $3
*** FLOP *** [Jc Kd Ts]
Alex119387: checks
PelonCabelao: bets $3
Alex119387: folds
Uncalled bet ($3) returned to PelonCabelao
PelonCabelao collected $11.76 from pot
PelonCabelao: doesn't show hand
*** SUMMARY ***
Total pot $12 | Rake $0.24
Board [Jc Kd Ts]
Seat 1: PelonCabelao (button) (small blind) collected ($11.76)
Seat 2: Alex119387 (big blind) folded on the Flop


PokerStars Hand #145692996905:  Hold'em Limit ($3/$6 USD) - 2015/12/21 12:10:51 ET
Table 'Vaino III' 2-max Seat #2 is the button
Seat 1: PelonCabelao ($83.52 in chips)
Seat 2: Alex119387 ($153.76 in chips)
Alex119387: posts small blind $1
PelonCabelao: posts big blind $3
*** HOLE CARDS ***
Alex119387: raises $3 to $6
PelonCabelao: calls $3
*** FLOP *** [Jh 7h Td]
PelonCabelao: checks
Alex119387: bets $3
PelonCabelao: calls $3
*** TURN *** [Jh 7h Td] [Qs]
PelonCabelao: checks
Alex119387: bets $6
PelonCabelao: calls $6
*** RIVER *** [Jh 7h Td Qs] [Kc]
PelonCabelao: bets $6
Alex119387: calls $6
*** SHOW DOWN ***
PelonCabelao: shows [7c 9h] (a straight, Nine to King)
Alex119387: mucks hand
PelonCabelao collected $41.50 from pot
*** SUMMARY ***
Total pot $42 | Rake $0.50
Board [Jh 7h Td Qs Kc]
Seat 1: PelonCabelao (big blind) showed [7c 9h] and won ($41.50) with a straight, Nine to King
Seat 2: Alex119387 (button) (small blind) mucked


PokerStars Hand #145693096591:  Hold'em Limit ($3/$6 USD) - 2015/12/21 12:12:50 ET
Table 'Vaino III' 2-max Seat #2 is the button
Seat 1: PelonCabelao ($80.78 in chips)
Seat 2: Alex119387 ($154.78 in chips)
Alex119387: posts small blind $1
PelonCabelao: posts big blind $3
*** HOLE CARDS ***
Alex119387: raises $3 to $6
PelonCabelao: folds
Uncalled bet ($3) returned to Alex119387
Alex119387 collected $6 from pot
Alex119387: doesn't show hand
*** SUMMARY ***
Total pot $6 | Rake $0
Seat 1: PelonCabelao (big blind) folded before Flop
Seat 2: Alex119387 (button) (small blind) collected ($6)


PokerStars Hand #145693091184:  Hold'em Limit ($3/$6 USD) - 2015/12/21 12:12:43 ET
Table 'Vaino III' 2-max Seat #1 is the button
Seat 1: PelonCabelao ($77.78 in chips)
Seat 2: Alex119387 ($157.78 in chips)
PelonCabelao: posts small blind $1
Alex119387: posts big blind $3
*** HOLE CARDS ***
PelonCabelao: raises $3 to $6
Alex119387: folds
Uncalled bet ($3) returned to PelonCabelao
PelonCabelao collected $6 from pot
PelonCabelao: doesn't show hand
*** SUMMARY ***
Total pot $6 | Rake $0
Seat 1: PelonCabelao (button) (small blind) collected ($6)
Seat 2: Alex119387 (big blind) folded before Flop


PokerStars Hand #145693087049:  Hold'em Limit ($3/$6 USD) - 2015/12/21 12:12:38 ET
Table 'Vaino III' 2-max Seat #2 is the button
Seat 1: PelonCabelao ($76.78 in chips)
Seat 2: Alex119387 ($158.78 in chips)
Alex119387: posts small blind $1
PelonCabelao: posts big blind $3
*** HOLE CARDS ***
Alex119387: folds
Uncalled bet ($2) returned to PelonCabelao
PelonCabelao collected $2 from pot
PelonCabelao: doesn't show hand
*** SUMMARY ***
Total pot $2 | Rake $0
Seat 1: PelonCabelao (big blind) collected ($2)
Seat 2: Alex119387 (button) (small blind) folded before Flop


PokerStars Hand #145693070814:  Hold'em Limit ($3/$6 USD) - 2015/12/21 12:12:19 ET
Table 'Vaino III' 2-max Seat #1 is the button
Seat 1: PelonCabelao ($88.78 in chips)
Seat 2: Alex119387 ($147.26 in chips)
PelonCabelao: posts small blind $1
Alex119387: posts big blind $3
*** HOLE CARDS ***
PelonCabelao: raises $3 to $6
Alex119387: raises $3 to $9
PelonCabelao: calls $3
*** FLOP *** [Jc Tc 7h]
Alex119387: bets $3
PelonCabelao: calls $3
*** TURN *** [Jc Tc 7h] [Td]
Alex119387: bets $6
PelonCabelao: folds
Uncalled bet ($6) returned to Alex119387
Alex119387 collected $23.52 from pot
Alex119387: doesn't show hand
*** SUMMARY ***
Total pot $24 | Rake $0.48
Board [Jc Tc 7h Td]
Seat 1: PelonCabelao (button) (small blind) folded on the Turn
Seat 2: Alex119387 (big blind) collected ($23.52)


PokerStars Hand #145693038306:  Hold'em Limit ($3/$6 USD) - 2015/12/21 12:11:40 ET
Table 'Vaino III' 2-max Seat #2 is the button
Seat 1: PelonCabelao ($109.78 in chips)
Seat 2: Alex119387 ($126.76 in chips)
Alex119387: posts small blind $1
PelonCabelao: posts big blind $3
*** HOLE CARDS ***
Alex119387: raises $3 to $6
PelonCabelao: raises $3 to $9
Alex119387: raises $3 to $12
Betting is capped
PelonCabelao: calls $3
*** FLOP *** [4h Jh Ac]
PelonCabelao: checks
Alex119387: bets $3
PelonCabelao: calls $3
*** TURN *** [4h Jh Ac] [5s]
PelonCabelao: checks
Alex119387: bets $6
PelonCabelao: calls $6
*** RIVER *** [4h Jh Ac 5s] [4s]
PelonCabelao: checks
Alex119387: checks
*** SHOW DOWN ***
PelonCabelao: shows [Kc Th] (a pair of Fours)
Alex119387: shows [Ks Qh] (a pair of Fours - Ace+King+Queen kicker)
Alex119387 collected $41.50 from pot
*** SUMMARY ***
Total pot $42 | Rake $0.50
Board [4h Jh Ac 5s 4s]
Seat 1: PelonCabelao (big blind) showed [Kc Th] and lost with a pair of Fours
Seat 2: Alex119387 (button) (small blind) showed [Ks Qh] and won ($41.50) with a pair of Fours


PokerStars Hand #145693125960:  Hold'em Limit ($3/$6 USD) - 2015/12/21 12:13:25 ET
Table 'Vaino III' 2-max Seat #2 is the button
Seat 1: PelonCabelao ($72 in chips)
Seat 2: Alex119387 ($187.28 in chips)
Alex119387: posts small blind $1
PelonCabelao: posts big blind $3
*** HOLE CARDS ***
Alex119387: folds
Uncalled bet ($2) returned to PelonCabelao
PelonCabelao collected $2 from pot
PelonCabelao: doesn't show hand
*** SUMMARY ***
Total pot $2 | Rake $0
Seat 1: PelonCabelao (big blind) collected ($2)
Seat 2: Alex119387 (button) (small blind) folded before Flop


PokerStars Hand #145693101645:  Hold'em Limit ($3/$6 USD) - 2015/12/21 12:12:56 ET
Table 'Vaino III' 2-max Seat #1 is the button
Seat 1: PelonCabelao ($77.78 in chips)
Seat 2: Alex119387 ($157.78 in chips)
PelonCabelao: posts small blind $1
Alex119387: posts big blind $3
*** HOLE CARDS ***
PelonCabelao: raises $3 to $6
Alex119387: raises $3 to $9
PelonCabelao: calls $3
*** FLOP *** [9c Td Jh]
Alex119387: bets $3
PelonCabelao: calls $3
*** TURN *** [9c Td Jh] [3c]
Alex119387: bets $6
PelonCabelao: calls $6
*** RIVER *** [9c Td Jh 3c] [8s]
Alex119387: bets $6
PelonCabelao: raises $6 to $12
Alex119387: calls $6
*** SHOW DOWN ***
PelonCabelao: shows [4s Kh] (high card King)
Alex119387: shows [7d Jd] (a straight, Seven to Jack)
Alex119387 collected $59.50 from pot
*** SUMMARY ***
Total pot $60 | Rake $0.50
Board [9c Td Jh 3c 8s]
Seat 1: PelonCabelao (button) (small blind) showed [4s Kh] and lost with high card King
Seat 2: Alex119387 (big blind) showed [7d Jd] and won ($59.50) with a straight, Seven to Jack


