PokerStars Hand #170643127950:  Hold'em Limit ($3/$6 USD) - 2017/05/19 16:51:21 ET
Table 'Vaisala' 6-max Seat #4 is the button
Seat 2: Muhamed999 ($35.76 in chips)
Seat 4: Actionni13 ($150 in chips)
Actionni13: posts small blind $1
Muhamed999: posts big blind $3
*** HOLE CARDS ***
Actionni13: raises $3 to $6
Muhamed999: folds
Uncalled bet ($3) returned to Actionni13
Actionni13 collected $6 from pot
Actionni13: doesn't show hand
*** SUMMARY ***
Total pot $6 | Rake $0
Seat 2: Muhamed999 (big blind) folded before Flop
Seat 4: Actionni13 (button) (small blind) collected ($6)


PokerStars Hand #170643113006:  Hold'em Limit ($3/$6 USD) - 2017/05/19 16:51:03 ET
Table 'Vaisala' 6-max Seat #2 is the button
Seat 2: Muhamed999 ($30 in chips)
Seat 4: Actionni13 ($150 in chips)
Muhamed999: posts small blind $1
Actionni13: posts big blind $3
*** HOLE CARDS ***
Muhamed999: raises $3 to $6
Actionni13: calls $3
*** FLOP *** [9s 9c Ts]
Actionni13: checks
Muhamed999: checks
*** TURN *** [9s 9c Ts] [Ad]
belik555 joins the table at seat #3
Actionni13: checks
Muhamed999: bets $6
Actionni13: folds
Uncalled bet ($6) returned to Muhamed999
Muhamed999 collected $11.76 from pot
*** SUMMARY ***
Total pot $12 | Rake $0.24
Board [9s 9c Ts Ad]
Seat 2: Muhamed999 (button) (small blind) collected ($11.76)
Seat 4: Actionni13 (big blind) folded on the Turn


PokerStars Hand #170643239816:  Hold'em Limit ($3/$6 USD) - 2017/05/19 16:53:35 ET
Table 'Vaisala' 6-max Seat #2 is the button
Seat 2: Muhamed999 ($30 in chips)
Seat 4: Actionni13 ($190.43 in chips)
Muhamed999: posts small blind $1
Actionni13: posts big blind $3
*** HOLE CARDS ***
Muhamed999: raises $3 to $6
Actionni13: folds
Uncalled bet ($3) returned to Muhamed999
Muhamed999 collected $6 from pot
*** SUMMARY ***
Total pot $6 | Rake $0
Seat 2: Muhamed999 (button) (small blind) collected ($6)
Seat 4: Actionni13 (big blind) folded before Flop


PokerStars Hand #170643245011:  Hold'em Limit ($3/$6 USD) - 2017/05/19 16:53:41 ET
Table 'Vaisala' 6-max Seat #4 is the button
Seat 2: Muhamed999 ($33 in chips)
Seat 4: Actionni13 ($187.43 in chips)
Actionni13: posts small blind $1
Muhamed999: posts big blind $3
*** HOLE CARDS ***
Actionni13: raises $3 to $6
Muhamed999: folds
Uncalled bet ($3) returned to Actionni13
Actionni13 collected $6 from pot
Actionni13: doesn't show hand
*** SUMMARY ***
Total pot $6 | Rake $0
Seat 2: Muhamed999 (big blind) folded before Flop
Seat 4: Actionni13 (button) (small blind) collected ($6)


PokerStars Hand #170643253210:  Hold'em Limit ($3/$6 USD) - 2017/05/19 16:53:51 ET
Table 'Vaisala' 6-max Seat #2 is the button
Seat 2: Muhamed999 ($30 in chips)
Seat 4: Actionni13 ($190.43 in chips)
Muhamed999: posts small blind $1
Actionni13: posts big blind $3
*** HOLE CARDS ***
Muhamed999: raises $3 to $6
Actionni13: calls $3
*** FLOP *** [Qd 8d 6d]
Actionni13: bets $3
Muhamed999: calls $3
*** TURN *** [Qd 8d 6d] [8s]
Actionni13: checks
Muhamed999: bets $6
Actionni13: calls $6
*** RIVER *** [Qd 8d 6d 8s] [3h]
Actionni13: checks
Muhamed999: bets $6
Actionni13: calls $6
*** SHOW DOWN ***
Muhamed999: shows [6h Jh] (two pair, Eights and Sixes)
Actionni13: mucks hand
Muhamed999 collected $41.50 from pot
*** SUMMARY ***
Total pot $42 | Rake $0.50
Board [Qd 8d 6d 8s 3h]
Seat 2: Muhamed999 (button) (small blind) showed [6h Jh] and won ($41.50) with two pair, Eights and Sixes
Seat 4: Actionni13 (big blind) mucked


PokerStars Hand #170643269558:  Hold'em Limit ($3/$6 USD) - 2017/05/19 16:54:10 ET
Table 'Vaisala' 6-max Seat #4 is the button
Seat 2: Muhamed999 ($50.50 in chips)
Seat 4: Actionni13 ($169.43 in chips)
Actionni13: posts small blind $1
Muhamed999: posts big blind $3
*** HOLE CARDS ***
Actionni13: raises $3 to $6
Muhamed999: raises $3 to $9
Actionni13: calls $3
*** FLOP *** [8d Jd 4c]
Muhamed999: checks
belik555 joins the table at seat #3
Actionni13: bets $3
Muhamed999: calls $3
*** TURN *** [8d Jd 4c] [8h]
Muhamed999: checks
Actionni13: bets $6
Muhamed999: raises $6 to $12
Actionni13: raises $6 to $18
Muhamed999: raises $6 to $24
Betting is capped
Actionni13: calls $6
*** RIVER *** [8d Jd 4c 8h] [6h]
Muhamed999: bets $6
Actionni13: raises $6 to $12
Muhamed999: raises $2.50 to $14.50 and is all-in
Actionni13: calls $2.50
*** SHOW DOWN ***
Muhamed999: shows [Jc Jh] (a full house, Jacks full of Eights)
Actionni13: shows [4s 4h] (a full house, Fours full of Eights)
foksas111 joins the table at seat #5
Muhamed999 collected $100.50 from pot
*** SUMMARY ***
Total pot $101 | Rake $0.50
Board [8d Jd 4c 8h 6h]
Seat 2: Muhamed999 (big blind) showed [Jc Jh] and won ($100.50) with a full house, Jacks full of Eights
Seat 4: Actionni13 (button) (small blind) showed [4s 4h] and lost with a full house, Fours full of Eights


PokerStars Hand #170650602004:  Hold'em Limit ($3/$6 USD) - 2017/05/19 19:43:43 ET
Table 'Vaisala' 6-max Seat #6 is the button
Seat 5: Vampo U ($280.82 in chips)
Seat 6: rascal_319 ($176.48 in chips)
rascal_319: posts small blind $1
Chessnok: is sitting out
Vampo U: posts big blind $3
*** HOLE CARDS ***
rascal_319: calls $2
Vampo U: checks
*** FLOP *** [Td 9s 5d]
Vampo U: checks
rascal_319: bets $3
Willijabo leaves the table
Vampo U: folds
Uncalled bet ($3) returned to rascal_319
rascal_319 collected $5.88 from pot
rascal_319: doesn't show hand
*** SUMMARY ***
Total pot $6 | Rake $0.12
Board [Td 9s 5d]
Seat 5: Vampo U (big blind) folded on the Flop
Seat 6: rascal_319 (button) (small blind) collected ($5.88)


