PokerStars Hand #158167062328:  Hold'em Limit ($3/$6 USD) - 2016/09/04 17:11:12 ET
Table 'Vaisala II' 6-max Seat #1 is the button
Seat 1: metalrule666 ($83.46 in chips)
Seat 4: Ag3r0n ($294.20 in chips)
metalrule666: posts small blind $1
jvc336: is sitting out
Ag3r0n: posts big blind $3
*** HOLE CARDS ***
metalrule666: folds
Uncalled bet ($2) returned to Ag3r0n
Ag3r0n collected $2 from pot
*** SUMMARY ***
Total pot $2 | Rake $0
Seat 1: metalrule666 (button) (small blind) folded before Flop
Seat 4: Ag3r0n (big blind) collected ($2)


PokerStars Hand #158167080263:  Hold'em Limit ($3/$6 USD) - 2016/09/04 17:11:32 ET
Table 'Vaisala II' 6-max Seat #4 is the button
Seat 4: Ag3r0n ($295.20 in chips)
Seat 5: sokol-max-PS ($61.33 in chips)
Ag3r0n: posts small blind $1
sokol-max-PS: posts big blind $3
*** HOLE CARDS ***
Ag3r0n: folds
Uncalled bet ($2) returned to sokol-max-PS
sokol-max-PS collected $2 from pot
sokol-max-PS: doesn't show hand
*** SUMMARY ***
Total pot $2 | Rake $0
Seat 4: Ag3r0n (button) (small blind) folded before Flop
Seat 5: sokol-max-PS (big blind) collected ($2)


PokerStars Hand #158167093044:  Hold'em Limit ($3/$6 USD) - 2016/09/04 17:11:46 ET
Table 'Vaisala II' 6-max Seat #5 is the button
Seat 4: Ag3r0n ($294.20 in chips)
Seat 5: sokol-max-PS ($62.33 in chips)
sokol-max-PS: posts small blind $1
Ag3r0n: posts big blind $3
*** HOLE CARDS ***
sokol-max-PS: raises $3 to $6
Ag3r0n: folds
Uncalled bet ($3) returned to sokol-max-PS
sokol-max-PS collected $6 from pot
*** SUMMARY ***
Total pot $6 | Rake $0
Seat 4: Ag3r0n (big blind) folded before Flop
Seat 5: sokol-max-PS (button) (small blind) collected ($6)


PokerStars Hand #158167111321:  Hold'em Limit ($3/$6 USD) - 2016/09/04 17:12:07 ET
Table 'Vaisala II' 6-max Seat #5 is the button
Seat 4: Ag3r0n ($290.20 in chips)
Seat 5: sokol-max-PS ($66.33 in chips)
sokol-max-PS: posts small blind $1
Ag3r0n: posts big blind $3
*** HOLE CARDS ***
sokol-max-PS: raises $3 to $6
Ag3r0n: calls $3
*** FLOP *** [9c 9d 5s]
Ag3r0n: checks
sokol-max-PS: bets $3
Ag3r0n: folds
Uncalled bet ($3) returned to sokol-max-PS
sokol-max-PS collected $11.76 from pot
sokol-max-PS: doesn't show hand
*** SUMMARY ***
Total pot $12 | Rake $0.24
Board [9c 9d 5s]
Seat 4: Ag3r0n (big blind) folded on the Flop
Seat 5: sokol-max-PS (button) (small blind) collected ($11.76)


PokerStars Hand #158167107359:  Hold'em Limit ($3/$6 USD) - 2016/09/04 17:12:03 ET
Table 'Vaisala II' 6-max Seat #4 is the button
Seat 4: Ag3r0n ($291.20 in chips)
Seat 5: sokol-max-PS ($65.33 in chips)
Ag3r0n: posts small blind $1
sokol-max-PS: posts big blind $3
*** HOLE CARDS ***
Ag3r0n: folds
Uncalled bet ($2) returned to sokol-max-PS
sokol-max-PS collected $2 from pot
sokol-max-PS: doesn't show hand
*** SUMMARY ***
Total pot $2 | Rake $0
Seat 4: Ag3r0n (button) (small blind) folded before Flop
Seat 5: sokol-max-PS (big blind) collected ($2)


PokerStars Hand #158167121527:  Hold'em Limit ($3/$6 USD) - 2016/09/04 17:12:18 ET
Table 'Vaisala II' 6-max Seat #4 is the button
Seat 4: Ag3r0n ($284.20 in chips)
Seat 5: sokol-max-PS ($72.09 in chips)
Ag3r0n: posts small blind $1
sokol-max-PS: posts big blind $3
*** HOLE CARDS ***
Ag3r0n: raises $3 to $6
sokol-max-PS: calls $3
*** FLOP *** [Ad Ks 6d]
sokol-max-PS: checks
Ag3r0n: bets $3
sokol-max-PS: calls $3
*** TURN *** [Ad Ks 6d] [5c]
sokol-max-PS: checks
Ag3r0n: checks
*** RIVER *** [Ad Ks 6d 5c] [8s]
sokol-max-PS: checks
Ag3r0n: checks
*** SHOW DOWN ***
sokol-max-PS: shows [7c Qd] (high card Ace)
Ag3r0n: mucks hand
sokol-max-PS collected $17.64 from pot
*** SUMMARY ***
Total pot $18 | Rake $0.36
Board [Ad Ks 6d 5c 8s]
Seat 4: Ag3r0n (button) (small blind) mucked
Seat 5: sokol-max-PS (big blind) showed [7c Qd] and won ($17.64) with high card Ace


PokerStars Hand #158167143797:  Hold'em Limit ($3/$6 USD) - 2016/09/04 17:12:44 ET
Table 'Vaisala II' 6-max Seat #4 is the button
Seat 4: Ag3r0n ($272.20 in chips)
Seat 5: sokol-max-PS ($83.73 in chips)
Ag3r0n: posts small blind $1
sokol-max-PS: posts big blind $3
*** HOLE CARDS ***
Ag3r0n: folds
Uncalled bet ($2) returned to sokol-max-PS
sokol-max-PS collected $2 from pot
*** SUMMARY ***
Total pot $2 | Rake $0
Seat 4: Ag3r0n (button) (small blind) folded before Flop
Seat 5: sokol-max-PS (big blind) collected ($2)


PokerStars Hand #158167139421:  Hold'em Limit ($3/$6 USD) - 2016/09/04 17:12:39 ET
Table 'Vaisala II' 6-max Seat #5 is the button
Seat 4: Ag3r0n ($275.20 in chips)
Seat 5: sokol-max-PS ($80.73 in chips)
sokol-max-PS: posts small blind $1
Ag3r0n: posts big blind $3
*** HOLE CARDS ***
sokol-max-PS: raises $3 to $6
Ag3r0n: folds
Uncalled bet ($3) returned to sokol-max-PS
sokol-max-PS collected $6 from pot
*** SUMMARY ***
Total pot $6 | Rake $0
Seat 4: Ag3r0n (big blind) folded before Flop
Seat 5: sokol-max-PS (button) (small blind) collected ($6)


PokerStars Hand #158167153156:  Hold'em Limit ($3/$6 USD) - 2016/09/04 17:12:54 ET
Table 'Vaisala II' 6-max Seat #4 is the button
Seat 4: Ag3r0n ($272.20 in chips)
Seat 5: sokol-max-PS ($83.73 in chips)
Ag3r0n: posts small blind $1
sokol-max-PS: posts big blind $3
*** HOLE CARDS ***
Ag3r0n: folds
Uncalled bet ($2) returned to sokol-max-PS
sokol-max-PS collected $2 from pot
sokol-max-PS: doesn't show hand
*** SUMMARY ***
Total pot $2 | Rake $0
Seat 4: Ag3r0n (button) (small blind) folded before Flop
Seat 5: sokol-max-PS (big blind) collected ($2)


PokerStars Hand #158167148234:  Hold'em Limit ($3/$6 USD) - 2016/09/04 17:12:49 ET
Table 'Vaisala II' 6-max Seat #5 is the button
Seat 4: Ag3r0n ($271.20 in chips)
Seat 5: sokol-max-PS ($84.73 in chips)
sokol-max-PS: posts small blind $1
Ag3r0n: posts big blind $3
*** HOLE CARDS ***
sokol-max-PS: folds
Uncalled bet ($2) returned to Ag3r0n
Ag3r0n collected $2 from pot
*** SUMMARY ***
Total pot $2 | Rake $0
Seat 4: Ag3r0n (big blind) collected ($2)
Seat 5: sokol-max-PS (button) (small blind) folded before Flop


PokerStars Hand #158167203173:  Hold'em Limit ($3/$6 USD) - 2016/09/04 17:13:53 ET
Table 'Vaisala II' 6-max Seat #4 is the button
Seat 4: Ag3r0n ($240.20 in chips)
Seat 5: sokol-max-PS ($114.99 in chips)
Ag3r0n: posts small blind $1
sokol-max-PS: posts big blind $3
*** HOLE CARDS ***
Ag3r0n: raises $3 to $6
sokol-max-PS: calls $3
*** FLOP *** [5c 2c 9d]
sokol-max-PS: checks
Ag3r0n: bets $3
sokol-max-PS: calls $3
*** TURN *** [5c 2c 9d] [8h]
sokol-max-PS: checks
Ag3r0n: checks
*** RIVER *** [5c 2c 9d 8h] [9c]
sokol-max-PS: checks
Ag3r0n: bets $6
sokol-max-PS: folds
Uncalled bet ($6) returned to Ag3r0n
Ag3r0n collected $17.64 from pot
*** SUMMARY ***
Total pot $18 | Rake $0.36
Board [5c 2c 9d 8h 9c]
Seat 4: Ag3r0n (button) (small blind) collected ($17.64)
Seat 5: sokol-max-PS (big blind) folded on the River


PokerStars Hand #158167158305:  Hold'em Limit ($3/$6 USD) - 2016/09/04 17:13:00 ET
Table 'Vaisala II' 6-max Seat #5 is the button
Seat 4: Ag3r0n ($271.20 in chips)
Seat 5: sokol-max-PS ($84.73 in chips)
sokol-max-PS: posts small blind $1
Ag3r0n: posts big blind $3
*** HOLE CARDS ***
sokol-max-PS: raises $3 to $6
Ag3r0n: raises $3 to $9
sokol-max-PS: calls $3
*** FLOP *** [5h Ts 9s]
Ag3r0n: bets $3
sokol-max-PS: calls $3
*** TURN *** [5h Ts 9s] [Qc]
Ag3r0n: checks
sokol-max-PS: bets $6
Ag3r0n: raises $6 to $12
sokol-max-PS: calls $6
*** RIVER *** [5h Ts 9s Qc] [5c]
Ag3r0n: checks
sokol-max-PS: checks
*** SHOW DOWN ***
Ag3r0n: shows [6s As] (a pair of Fives)
sokol-max-PS: shows [Th 8h] (two pair, Tens and Fives)
sokol-max-PS collected $47.50 from pot
*** SUMMARY ***
Total pot $48 | Rake $0.50
Board [5h Ts 9s Qc 5c]
Seat 4: Ag3r0n (big blind) showed [6s As] and lost with a pair of Fives
Seat 5: sokol-max-PS (button) (small blind) showed [Th 8h] and won ($47.50) with two pair, Tens and Fives


PokerStars Hand #158167192336:  Hold'em Limit ($3/$6 USD) - 2016/09/04 17:13:41 ET
Table 'Vaisala II' 6-max Seat #4 is the button
Seat 4: Ag3r0n ($247.20 in chips)
Seat 5: sokol-max-PS ($108.23 in chips)
Ag3r0n: posts small blind $1
sokol-max-PS: posts big blind $3
*** HOLE CARDS ***
Ag3r0n: folds
Uncalled bet ($2) returned to sokol-max-PS
sokol-max-PS collected $2 from pot
*** SUMMARY ***
Total pot $2 | Rake $0
Seat 4: Ag3r0n (button) (small blind) folded before Flop
Seat 5: sokol-max-PS (big blind) collected ($2)


PokerStars Hand #158167196424:  Hold'em Limit ($3/$6 USD) - 2016/09/04 17:13:46 ET
Table 'Vaisala II' 6-max Seat #5 is the button
Seat 4: Ag3r0n ($246.20 in chips)
Seat 5: sokol-max-PS ($109.23 in chips)
sokol-max-PS: posts small blind $1
Ag3r0n: posts big blind $3
*** HOLE CARDS ***
sokol-max-PS: raises $3 to $6
Ag3r0n: calls $3
*** FLOP *** [6h Kh 6c]
jvc336 leaves the table
Ag3r0n: checks
sokol-max-PS: bets $3
Ag3r0n: folds
Uncalled bet ($3) returned to sokol-max-PS
sokol-max-PS collected $11.76 from pot
sokol-max-PS: doesn't show hand
*** SUMMARY ***
Total pot $12 | Rake $0.24
Board [6h Kh 6c]
Seat 4: Ag3r0n (big blind) folded on the Flop
Seat 5: sokol-max-PS (button) (small blind) collected ($11.76)


PokerStars Hand #158167248209:  Hold'em Limit ($3/$6 USD) - 2016/09/04 17:14:44 ET
Table 'Vaisala II' 6-max Seat #4 is the button
Seat 4: Ag3r0n ($272.34 in chips)
Seat 5: sokol-max-PS ($81.99 in chips)
Ag3r0n: posts small blind $1
sokol-max-PS: posts big blind $3
*** HOLE CARDS ***
Ag3r0n: folds
Uncalled bet ($2) returned to sokol-max-PS
sokol-max-PS collected $2 from pot
*** SUMMARY ***
Total pot $2 | Rake $0
Seat 4: Ag3r0n (button) (small blind) folded before Flop
Seat 5: sokol-max-PS (big blind) collected ($2)


PokerStars Hand #158167225844:  Hold'em Limit ($3/$6 USD) - 2016/09/04 17:14:19 ET
Table 'Vaisala II' 6-max Seat #5 is the button
Seat 4: Ag3r0n ($248.84 in chips)
Seat 5: sokol-max-PS ($105.99 in chips)
sokol-max-PS: posts small blind $1
Ag3r0n: posts big blind $3
*** HOLE CARDS ***
sokol-max-PS: raises $3 to $6
Ag3r0n: calls $3
*** FLOP *** [6s Tc 3d]
Ag3r0n: checks
sokol-max-PS: bets $3
Ag3r0n: raises $3 to $6
sokol-max-PS: calls $3
*** TURN *** [6s Tc 3d] [2c]
Ag3r0n: bets $6
supersjakie joins the table at seat #6
sokol-max-PS: calls $6
*** RIVER *** [6s Tc 3d 2c] [Kd]
Ag3r0n: bets $6
sokol-max-PS: calls $6
*** SHOW DOWN ***
Ag3r0n: shows [Ts 4d] (a pair of Tens)
sokol-max-PS: mucks hand
Ag3r0n collected $47.50 from pot
*** SUMMARY ***
Total pot $48 | Rake $0.50
Board [6s Tc 3d 2c Kd]
Seat 4: Ag3r0n (big blind) showed [Ts 4d] and won ($47.50) with a pair of Tens
Seat 5: sokol-max-PS (button) (small blind) mucked


PokerStars Hand #158167336270:  Hold'em Limit ($3/$6 USD) - 2016/09/04 17:16:26 ET
Table 'Vaisala II' 6-max Seat #5 is the button
Seat 4: Ag3r0n ($275.99 in chips)
Seat 5: sokol-max-PS ($104.68 in chips)
sokol-max-PS: posts small blind $1
Ag3r0n: posts big blind $3
*** HOLE CARDS ***
sokol-max-PS: raises $3 to $6
Ag3r0n: calls $3
*** FLOP *** [6c 5h Ac]
Ag3r0n: checks
sokol-max-PS: bets $3
Ag3r0n: calls $3
*** TURN *** [6c 5h Ac] [5d]
Ag3r0n: checks
sokol-max-PS: bets $6
Ag3r0n: raises $6 to $12
sokol-max-PS: calls $6
*** RIVER *** [6c 5h Ac 5d] [Jd]
Ag3r0n: bets $6
sokol-max-PS: calls $6
*** SHOW DOWN ***
Ag3r0n: shows [5s Qs] (three of a kind, Fives)
sokol-max-PS: mucks hand
Ag3r0n collected $53.50 from pot
*** SUMMARY ***
Total pot $54 | Rake $0.50
Board [6c 5h Ac 5d Jd]
Seat 4: Ag3r0n (big blind) showed [5s Qs] and won ($53.50) with three of a kind, Fives
Seat 5: sokol-max-PS (button) (small blind) mucked


PokerStars Hand #158167362019:  Hold'em Limit ($3/$6 USD) - 2016/09/04 17:16:56 ET
Table 'Vaisala II' 6-max Seat #4 is the button
Seat 4: Ag3r0n ($302.49 in chips)
Seat 5: sokol-max-PS ($77.68 in chips)
Ag3r0n: posts small blind $1
sokol-max-PS: posts big blind $3
*** HOLE CARDS ***
Ag3r0n: raises $3 to $6
sokol-max-PS: raises $3 to $9
Ag3r0n: raises $3 to $12
Betting is capped
sokol-max-PS: calls $3
*** FLOP *** [9h Ah 2s]
sokol-max-PS: checks
Ag3r0n: bets $3
sokol-max-PS: raises $3 to $6
Ag3r0n: calls $3
*** TURN *** [9h Ah 2s] [4h]
sokol-max-PS: bets $6
Ag3r0n: folds
Uncalled bet ($6) returned to sokol-max-PS
sokol-max-PS collected $35.50 from pot
sokol-max-PS: doesn't show hand
*** SUMMARY ***
Total pot $36 | Rake $0.50
Board [9h Ah 2s 4h]
Seat 4: Ag3r0n (button) (small blind) folded on the Turn
Seat 5: sokol-max-PS (big blind) collected ($35.50)


PokerStars Hand #158167378832:  Hold'em Limit ($3/$6 USD) - 2016/09/04 17:17:15 ET
Table 'Vaisala II' 6-max Seat #5 is the button
Seat 4: Ag3r0n ($284.49 in chips)
Seat 5: sokol-max-PS ($95.18 in chips)
sokol-max-PS: posts small blind $1
Ag3r0n: posts big blind $3
*** HOLE CARDS ***
sokol-max-PS: raises $3 to $6
Ag3r0n: raises $3 to $9
sokol-max-PS: calls $3
*** FLOP *** [2c 5d 3h]
Ag3r0n: bets $3
sokol-max-PS: calls $3
*** TURN *** [2c 5d 3h] [6c]
supersjakie leaves the table
Ag3r0n: bets $6
sokol-max-PS: raises $6 to $12
Ag3r0n: calls $6
*** RIVER *** [2c 5d 3h 6c] [Qh]
Ag3r0n: checks
sokol-max-PS: bets $6
Ag3r0n: folds
Uncalled bet ($6) returned to sokol-max-PS
sokol-max-PS collected $47.50 from pot
sokol-max-PS: doesn't show hand
*** SUMMARY ***
Total pot $48 | Rake $0.50
Board [2c 5d 3h 6c Qh]
Seat 4: Ag3r0n (big blind) folded on the River
Seat 5: sokol-max-PS (button) (small blind) collected ($47.50)


