PokerStars Hand #173704153362:  Hold'em Limit ($3/$6 USD) - 2017/07/30 11:37:54 ET
Table 'Vaisala' 6-max Seat #2 is the button
Seat 2: LTTsci-tech ($53.48 in chips)
Seat 5: VolkovDmitri ($120 in chips)
LTTsci-tech: posts small blind $1
VolkovDmitri: posts big blind $3
*** HOLE CARDS ***
LTTsci-tech: calls $2
VolkovDmitri: raises $3 to $6
LTTsci-tech: calls $3
*** FLOP *** [6c Jh 5s]
VolkovDmitri: bets $3
LTTsci-tech: raises $3 to $6
VolkovDmitri: calls $3
*** TURN *** [6c Jh 5s] [8c]
VolkovDmitri: checks
LTTsci-tech: bets $6
VolkovDmitri: folds
Uncalled bet ($6) returned to LTTsci-tech
LTTsci-tech collected $23.52 from pot
*** SUMMARY ***
Total pot $24 | Rake $0.48
Board [6c Jh 5s 8c]
Seat 2: LTTsci-tech (button) (small blind) collected ($23.52)
Seat 5: VolkovDmitri (big blind) folded on the Turn


PokerStars Hand #173704197911:  Hold'em Limit ($3/$6 USD) - 2017/07/30 11:38:57 ET
Table 'Vaisala' 6-max Seat #2 is the button
Seat 2: LTTsci-tech ($55.76 in chips)
Seat 5: VolkovDmitri ($128.52 in chips)
LTTsci-tech: posts small blind $1
VolkovDmitri: posts big blind $3
*** HOLE CARDS ***
LTTsci-tech: raises $3 to $6
VolkovDmitri: calls $3
*** FLOP *** [Th Js Kh]
VolkovDmitri: checks
LTTsci-tech: bets $3
VolkovDmitri: folds
Uncalled bet ($3) returned to LTTsci-tech
LTTsci-tech collected $11.76 from pot
*** SUMMARY ***
Total pot $12 | Rake $0.24
Board [Th Js Kh]
Seat 2: LTTsci-tech (button) (small blind) collected ($11.76)
Seat 5: VolkovDmitri (big blind) folded on the Flop


PokerStars Hand #173704193327:  Hold'em Limit ($3/$6 USD) - 2017/07/30 11:38:50 ET
Table 'Vaisala' 6-max Seat #5 is the button
Seat 2: LTTsci-tech ($58.76 in chips)
Seat 5: VolkovDmitri ($125.52 in chips)
VolkovDmitri: posts small blind $1
LTTsci-tech: posts big blind $3
*** HOLE CARDS ***
VolkovDmitri: raises $3 to $6
LTTsci-tech: folds
Uncalled bet ($3) returned to VolkovDmitri
VolkovDmitri collected $6 from pot
VolkovDmitri: doesn't show hand
*** SUMMARY ***
Total pot $6 | Rake $0
Seat 2: LTTsci-tech (big blind) folded before Flop
Seat 5: VolkovDmitri (button) (small blind) collected ($6)


PokerStars Hand #173704185006:  Hold'em Limit ($3/$6 USD) - 2017/07/30 11:38:39 ET
Table 'Vaisala' 6-max Seat #2 is the button
Seat 2: LTTsci-tech ($53 in chips)
Seat 5: VolkovDmitri ($131.52 in chips)
LTTsci-tech: posts small blind $1
VolkovDmitri: posts big blind $3
*** HOLE CARDS ***
LTTsci-tech: raises $3 to $6
VolkovDmitri: calls $3
*** FLOP *** [6h 8h 4s]
VolkovDmitri: checks
LTTsci-tech: bets $3
VolkovDmitri: folds
Uncalled bet ($3) returned to LTTsci-tech
LTTsci-tech collected $11.76 from pot
*** SUMMARY ***
Total pot $12 | Rake $0.24
Board [6h 8h 4s]
Seat 2: LTTsci-tech (button) (small blind) collected ($11.76)
Seat 5: VolkovDmitri (big blind) folded on the Flop


PokerStars Hand #173704172070:  Hold'em Limit ($3/$6 USD) - 2017/07/30 11:38:21 ET
Table 'Vaisala' 6-max Seat #5 is the button
Seat 2: LTTsci-tech ($65 in chips)
Seat 5: VolkovDmitri ($120 in chips)
VolkovDmitri: posts small blind $1
LTTsci-tech: posts big blind $3
*** HOLE CARDS ***
VolkovDmitri: raises $3 to $6
LTTsci-tech: raises $3 to $9
VolkovDmitri: calls $3
*** FLOP *** [6c Ah 3d]
LTTsci-tech: bets $3
VolkovDmitri: raises $3 to $6
LTTsci-tech: folds
Uncalled bet ($3) returned to VolkovDmitri
VolkovDmitri collected $23.52 from pot
VolkovDmitri: doesn't show hand
*** SUMMARY ***
Total pot $24 | Rake $0.48
Board [6c Ah 3d]
Seat 2: LTTsci-tech (big blind) folded on the Flop
Seat 5: VolkovDmitri (button) (small blind) collected ($23.52)


PokerStars Hand #173704225418:  Hold'em Limit ($3/$6 USD) - 2017/07/30 11:39:36 ET
Table 'Vaisala' 6-max Seat #5 is the button
Seat 2: LTTsci-tech ($69.16 in chips)
Seat 5: VolkovDmitri ($121 in chips)
VolkovDmitri: posts small blind $1
LTTsci-tech: posts big blind $3
*** HOLE CARDS ***
VolkovDmitri: raises $3 to $6
LTTsci-tech: raises $3 to $9
VolkovDmitri: calls $3
*** FLOP *** [4c 6s 7d]
LTTsci-tech: bets $3
VolkovDmitri: folds
Uncalled bet ($3) returned to LTTsci-tech
LTTsci-tech collected $17.64 from pot
*** SUMMARY ***
Total pot $18 | Rake $0.36
Board [4c 6s 7d]
Seat 2: LTTsci-tech (big blind) collected ($17.64)
Seat 5: VolkovDmitri (button) (small blind) folded on the Flop


PokerStars Hand #173704221641:  Hold'em Limit ($3/$6 USD) - 2017/07/30 11:39:30 ET
Table 'Vaisala' 6-max Seat #2 is the button
Seat 2: LTTsci-tech ($70.16 in chips)
Seat 5: VolkovDmitri ($120 in chips)
LTTsci-tech: posts small blind $1
VolkovDmitri: posts big blind $3
*** HOLE CARDS ***
LTTsci-tech: folds
Uncalled bet ($2) returned to VolkovDmitri
VolkovDmitri collected $2 from pot
VolkovDmitri: doesn't show hand
*** SUMMARY ***
Total pot $2 | Rake $0
Seat 2: LTTsci-tech (button) (small blind) folded before Flop
Seat 5: VolkovDmitri (big blind) collected ($2)


PokerStars Hand #173704209779:  Hold'em Limit ($3/$6 USD) - 2017/07/30 11:39:14 ET
Table 'Vaisala' 6-max Seat #5 is the button
Seat 2: LTTsci-tech ($61.52 in chips)
Seat 5: VolkovDmitri ($122.52 in chips)
VolkovDmitri: posts small blind $1
LTTsci-tech: posts big blind $3
*** HOLE CARDS ***
VolkovDmitri: raises $3 to $6
LTTsci-tech: raises $3 to $9
VolkovDmitri: calls $3
*** FLOP *** [9c 7s Jh]
LTTsci-tech: bets $3
VolkovDmitri: folds
Uncalled bet ($3) returned to LTTsci-tech
LTTsci-tech collected $17.64 from pot
*** SUMMARY ***
Total pot $18 | Rake $0.36
Board [9c 7s Jh]
Seat 2: LTTsci-tech (big blind) collected ($17.64)
Seat 5: VolkovDmitri (button) (small blind) folded on the Flop


PokerStars Hand #173704269456:  Hold'em Limit ($3/$6 USD) - 2017/07/30 11:40:38 ET
Table 'Vaisala' 6-max Seat #5 is the button
Seat 2: LTTsci-tech ($95.30 in chips)
Seat 5: VolkovDmitri ($120 in chips)
VolkovDmitri: posts small blind $1
LTTsci-tech: posts big blind $3
*** HOLE CARDS ***
VolkovDmitri: raises $3 to $6
FHstyles joins the table at seat #3
LTTsci-tech: folds
Uncalled bet ($3) returned to VolkovDmitri
VolkovDmitri collected $6 from pot
VolkovDmitri: doesn't show hand
*** SUMMARY ***
Total pot $6 | Rake $0
Seat 2: LTTsci-tech (big blind) folded before Flop
Seat 5: VolkovDmitri (button) (small blind) collected ($6)


PokerStars Hand #173704236179:  Hold'em Limit ($3/$6 USD) - 2017/07/30 11:39:51 ET
Table 'Vaisala' 6-max Seat #2 is the button
Seat 2: LTTsci-tech ($77.80 in chips)
Seat 5: VolkovDmitri ($120 in chips)
LTTsci-tech: posts small blind $1
VolkovDmitri: posts big blind $3
*** HOLE CARDS ***
LTTsci-tech: raises $3 to $6
VolkovDmitri: calls $3
*** FLOP *** [Qc 8s 2c]
VolkovDmitri: checks
LTTsci-tech: bets $3
VolkovDmitri: raises $3 to $6
LTTsci-tech: calls $3
*** TURN *** [Qc 8s 2c] [3d]
VolkovDmitri: checks
LTTsci-tech: bets $6
VolkovDmitri: calls $6
*** RIVER *** [Qc 8s 2c 3d] [Jc]
VolkovDmitri: checks
LTTsci-tech: checks
*** SHOW DOWN ***
VolkovDmitri: shows [Ad 2h] (a pair of Deuces)
LTTsci-tech: shows [8d Jh] (two pair, Jacks and Eights)
LTTsci-tech collected $35.50 from pot
*** SUMMARY ***
Total pot $36 | Rake $0.50
Board [Qc 8s 2c 3d Jc]
Seat 2: LTTsci-tech (button) (small blind) showed [8d Jh] and won ($35.50) with two pair, Jacks and Eights
Seat 5: VolkovDmitri (big blind) showed [Ad 2h] and lost with a pair of Deuces


PokerStars Hand #173704635713:  Hold'em Limit ($3/$6 USD) - 2017/07/30 11:49:04 ET
Table 'Vaisala' 6-max Seat #4 is the button
Seat 3: FHstyles ($118.39 in chips)
Seat 4: habari786 ($57.28 in chips)
habari786: posts small blind $1
FHstyles: posts big blind $3
*** HOLE CARDS ***
VolkovDmitri leaves the table
habari786: raises $3 to $6
FHstyles: raises $3 to $9
habari786: calls $3
*** FLOP *** [8d Td Js]
FHstyles: bets $3
habari786: calls $3
*** TURN *** [8d Td Js] [Ks]
FHstyles: bets $6
habari786: raises $6 to $12
FHstyles: calls $6
*** RIVER *** [8d Td Js Ks] [Jc]
FHstyles: checks
habari786: checks
*** SHOW DOWN ***
FHstyles: shows [9d Ad] (a pair of Jacks)
habari786: mucks hand
FHstyles collected $47.50 from pot
*** SUMMARY ***
Total pot $48 | Rake $0.50
Board [8d Td Js Ks Jc]
Seat 3: FHstyles (big blind) showed [9d Ad] and won ($47.50) with a pair of Jacks
Seat 4: habari786 (button) (small blind) mucked


PokerStars Hand #173704648723:  Hold'em Limit ($3/$6 USD) - 2017/07/30 11:49:22 ET
Table 'Vaisala' 6-max Seat #3 is the button
Seat 3: FHstyles ($141.89 in chips)
Seat 4: habari786 ($33.28 in chips)
FHstyles: posts small blind $1
habari786: posts big blind $3
*** HOLE CARDS ***
FHstyles: raises $3 to $6
habari786: calls $3
*** FLOP *** [6h Ac 5d]
habari786: checks
FHstyles: bets $3
habari786: calls $3
*** TURN *** [6h Ac 5d] [2c]
habari786: checks
FHstyles: bets $6
habari786: folds
Uncalled bet ($6) returned to FHstyles
FHstyles collected $17.64 from pot
FHstyles: doesn't show hand
*** SUMMARY ***
Total pot $18 | Rake $0.36
Board [6h Ac 5d 2c]
Seat 3: FHstyles (button) (small blind) collected ($17.64)
Seat 4: habari786 (big blind) folded on the Turn


