PokerStars Hand #151649053080:  Hold'em Limit ($3/$6 USD) - 2016/04/09 3:02:20 ET
Table 'Vaisala II' 6-max Seat #5 is the button
Seat 1: NAZKAR62 ($417.43 in chips)
Seat 5: VolkovDmitri ($134.50 in chips)
VolkovDmitri: posts small blind $1
NAZKAR62: posts big blind $3
*** HOLE CARDS ***
VolkovDmitri: raises $3 to $6
NAZKAR62: calls $3
*** FLOP *** [Jc 2d 7h]
Airbag999 joins the table at seat #2
NAZKAR62: checks
VolkovDmitri: bets $3
NAZKAR62: calls $3
*** TURN *** [Jc 2d 7h] [7s]
NAZKAR62: checks
VolkovDmitri: bets $6
NAZKAR62: raises $6 to $12
VolkovDmitri: raises $6 to $18
NAZKAR62: calls $6
*** RIVER *** [Jc 2d 7h 7s] [Kh]
NAZKAR62: checks
VolkovDmitri: bets $6
NAZKAR62: folds
Uncalled bet ($6) returned to VolkovDmitri
VolkovDmitri collected $53.50 from pot
VolkovDmitri: doesn't show hand
*** SUMMARY ***
Total pot $54 | Rake $0.50
Board [Jc 2d 7h 7s Kh]
Seat 1: NAZKAR62 (big blind) folded on the River
Seat 5: VolkovDmitri (button) (small blind) collected ($53.50)


