PokerStars Hand #147420090112:  Hold'em Limit ($3/$6 USD) - 2016/01/21 9:29:27 ET
Table 'Vaisala' 6-max Seat #1 is the button
Seat 1: iupeli ($119.91 in chips)
Seat 2: belik555 ($77.76 in chips)
iupeli: posts small blind $1
belik555: posts big blind $3
*** HOLE CARDS ***
iupeli: folds
Uncalled bet ($2) returned to belik555
belik555 collected $2 from pot
belik555: doesn't show hand
*** SUMMARY ***
Total pot $2 | Rake $0
Seat 1: iupeli (button) (small blind) folded before Flop
Seat 2: belik555 (big blind) collected ($2)


PokerStars Hand #147420080985:  Hold'em Limit ($3/$6 USD) - 2016/01/21 9:29:15 ET
Table 'Vaisala' 6-max Seat #2 is the button
Seat 1: iupeli ($125.91 in chips)
Seat 2: belik555 ($72 in chips)
belik555: posts small blind $1
iupeli: posts big blind $3
*** HOLE CARDS ***
belik555: raises $3 to $6
fire852181 joins the table at seat #3
iupeli: calls $3
*** FLOP *** [6c 6d Jd]
iupeli: checks
belik555: bets $3
iupeli: folds
Uncalled bet ($3) returned to belik555
belik555 collected $11.76 from pot
belik555: doesn't show hand
*** SUMMARY ***
Total pot $12 | Rake $0.24
Board [6c 6d Jd]
Seat 1: iupeli (big blind) folded on the Flop
Seat 2: belik555 (button) (small blind) collected ($11.76)


