PokerStars Hand #166652739156:  Hold'em Limit ($3/$6 USD) - 2017/02/23 10:54:44 ET
Table 'Vaisala II' 6-max Seat #3 is the button
Seat 3: xKronic2k11 ($80.40 in chips)
Seat 4: TbIP-TbIP 88 ($86.50 in chips)
xKronic2k11: posts small blind $1
TbIP-TbIP 88: posts big blind $3
*** HOLE CARDS ***
xKronic2k11: folds
Uncalled bet ($2) returned to TbIP-TbIP 88
TbIP-TbIP 88 collected $2 from pot
TbIP-TbIP 88: doesn't show hand
*** SUMMARY ***
Total pot $2 | Rake $0
Seat 3: xKronic2k11 (button) (small blind) folded before Flop
Seat 4: TbIP-TbIP 88 (big blind) collected ($2)


PokerStars Hand #166652715138:  Hold'em Limit ($3/$6 USD) - 2017/02/23 10:54:09 ET
Table 'Vaisala II' 6-max Seat #4 is the button
Seat 3: xKronic2k11 ($95.40 in chips)
Seat 4: TbIP-TbIP 88 ($72 in chips)
TbIP-TbIP 88: posts small blind $1
xKronic2k11: posts big blind $3
*** HOLE CARDS ***
TbIP-TbIP 88: raises $3 to $6
xKronic2k11: raises $3 to $9
TbIP-TbIP 88: calls $3
*** FLOP *** [4c Qh 2d]
xKronic2k11: checks
TbIP-TbIP 88: checks
*** TURN *** [4c Qh 2d] [3h]
xKronic2k11: bets $6
TbIP-TbIP 88: calls $6
*** RIVER *** [4c Qh 2d 3h] [Ad]
B_loJkl joins the table at seat #5
xKronic2k11: checks
TbIP-TbIP 88: checks
*** SHOW DOWN ***
xKronic2k11: shows [Jc 9s] (high card Ace)
TbIP-TbIP 88: shows [3d Ks] (a pair of Threes)
TbIP-TbIP 88 collected $29.50 from pot
*** SUMMARY ***
Total pot $30 | Rake $0.50
Board [4c Qh 2d 3h Ad]
Seat 3: xKronic2k11 (big blind) showed [Jc 9s] and lost with high card Ace
Seat 4: TbIP-TbIP 88 (button) (small blind) showed [3d Ks] and won ($29.50) with a pair of Threes


