PokerStars Hand #168059928899:  Hold'em Limit ($3/$6 USD) - 2017/03/24 18:18:11 ET
Table 'Vala' 6-max Seat #3 is the button
Seat 3: Eklund_1891 ($199.43 in chips)
Seat 4: FHstyles ($92.14 in chips)
Eklund_1891: posts small blind $1
FHstyles: posts big blind $3
*** HOLE CARDS ***
Eklund_1891: folds
Uncalled bet ($2) returned to FHstyles
FHstyles collected $2 from pot
FHstyles: doesn't show hand
*** SUMMARY ***
Total pot $2 | Rake $0
Seat 3: Eklund_1891 (button) (small blind) folded before Flop
Seat 4: FHstyles (big blind) collected ($2)


PokerStars Hand #168059916819:  Hold'em Limit ($3/$6 USD) - 2017/03/24 18:17:56 ET
Table 'Vala' 6-max Seat #4 is the button
Seat 3: Eklund_1891 ($208.43 in chips)
Seat 4: FHstyles ($83.50 in chips)
FHstyles: posts small blind $1
Eklund_1891: posts big blind $3
*** HOLE CARDS ***
FHstyles: raises $3 to $6
Eklund_1891: calls $3
*** FLOP *** [Jc Qh 8h]
GRAILKO joins the table at seat #5
Eklund_1891: checks
FHstyles: bets $3
Eklund_1891: calls $3
*** TURN *** [Jc Qh 8h] [4d]
Eklund_1891: checks
FHstyles: checks
*** RIVER *** [Jc Qh 8h 4d] [Qd]
Eklund_1891: checks
FHstyles: bets $6
Eklund_1891: folds
Uncalled bet ($6) returned to FHstyles
FHstyles collected $17.64 from pot
FHstyles: doesn't show hand
*** SUMMARY ***
Total pot $18 | Rake $0.36
Board [Jc Qh 8h 4d Qd]
Seat 3: Eklund_1891 (big blind) folded on the River
Seat 4: FHstyles (button) (small blind) collected ($17.64)


PokerStars Hand #168059897561:  Hold'em Limit ($3/$6 USD) - 2017/03/24 18:17:32 ET
Table 'Vala' 6-max Seat #3 is the button
Seat 3: Eklund_1891 ($232.43 in chips)
Seat 4: FHstyles ($60 in chips)
Eklund_1891: posts small blind $1
FHstyles: posts big blind $3
*** HOLE CARDS ***
Eklund_1891: raises $3 to $6
FHstyles: calls $3
*** FLOP *** [Qc Kh 2c]
FHstyles: checks
Eklund_1891: bets $3
FHstyles: raises $3 to $6
Eklund_1891: calls $3
*** TURN *** [Qc Kh 2c] [9s]
FHstyles: bets $6
Eklund_1891: calls $6
*** RIVER *** [Qc Kh 2c 9s] [5d]
FHstyles: bets $6
Eklund_1891: calls $6
*** SHOW DOWN ***
FHstyles: shows [5c Kd] (two pair, Kings and Fives)
Eklund_1891: mucks hand
FHstyles collected $47.50 from pot
*** SUMMARY ***
Total pot $48 | Rake $0.50
Board [Qc Kh 2c 9s 5d]
Seat 3: Eklund_1891 (button) (small blind) mucked
Seat 4: FHstyles (big blind) showed [5c Kd] and won ($47.50) with two pair, Kings and Fives


