PokerStars Hand #150838099028:  Hold'em Limit ($3/$6 USD) - 2016/03/24 2:40:59 ET
Table 'Vala II' 10-max Seat #5 is the button
Seat 5: ct-650 ($134.76 in chips)
Seat 7: Darts ($134.50 in chips)
ct-650: posts small blind $1
Darts: posts big blind $3
*** HOLE CARDS ***
ct-650: raises $3 to $6
Darts: calls $3
*** FLOP *** [5s Ks 8c]
Darts: checks
ct-650: bets $3
Darts: folds
Uncalled bet ($3) returned to ct-650
ct-650 collected $11.76 from pot
*** SUMMARY ***
Total pot $12 | Rake $0.24
Board [5s Ks 8c]
Seat 5: ct-650 (button) (small blind) collected ($11.76)
Seat 7: Darts (big blind) folded on the Flop


PokerStars Hand #150838097666:  Hold'em Limit ($3/$6 USD) - 2016/03/24 2:40:54 ET
Table 'Vala II' 10-max Seat #7 is the button
Seat 5: ct-650 ($137.76 in chips)
Seat 7: Darts ($131.50 in chips)
Darts: posts small blind $1
ct-650: posts big blind $3
*** HOLE CARDS ***
Darts: raises $3 to $6
ct-650: folds
Uncalled bet ($3) returned to Darts
Darts collected $6 from pot
Darts: doesn't show hand
*** SUMMARY ***
Total pot $6 | Rake $0
Seat 5: ct-650 (big blind) folded before Flop
Seat 7: Darts (button) (small blind) collected ($6)


PokerStars Hand #150838090909:  Hold'em Limit ($3/$6 USD) - 2016/03/24 2:40:29 ET
Table 'Vala II' 10-max Seat #7 is the button
Seat 5: ct-650 ($135 in chips)
Seat 7: Darts ($134.50 in chips)
Darts: posts small blind $1
ct-650: posts big blind $3
*** HOLE CARDS ***
Darts: folds
Uncalled bet ($2) returned to ct-650
ct-650 collected $2 from pot
*** SUMMARY ***
Total pot $2 | Rake $0
Seat 5: ct-650 (big blind) collected ($2)
Seat 7: Darts (button) (small blind) folded before Flop


PokerStars Hand #150838086387:  Hold'em Limit ($3/$6 USD) - 2016/03/24 2:40:12 ET
Table 'Vala II' 10-max Seat #5 is the button
Seat 5: ct-650 ($150 in chips)
Seat 7: Darts ($120 in chips)
ct-650: posts small blind $1
Darts: posts big blind $3
*** HOLE CARDS ***
ct-650: raises $3 to $6
Darts: raises $3 to $9
ct-650: calls $3
*** FLOP *** [6s Ac Jh]
Darts: checks
ct-650: checks
*** TURN *** [6s Ac Jh] [3c]
Darts: bets $6
ct-650: calls $6
*** RIVER *** [6s Ac Jh 3c] [9h]
Darts: bets $6
ct-650: folds
Uncalled bet ($6) returned to Darts
Darts collected $29.50 from pot
Darts: doesn't show hand
*** SUMMARY ***
Total pot $30 | Rake $0.50
Board [6s Ac Jh 3c 9h]
Seat 5: ct-650 (button) (small blind) folded on the River
Seat 7: Darts (big blind) collected ($29.50)


PokerStars Hand #150838093498:  Hold'em Limit ($3/$6 USD) - 2016/03/24 2:40:38 ET
Table 'Vala II' 10-max Seat #7 is the button
Seat 5: ct-650 ($135 in chips)
Seat 7: Darts ($134.50 in chips)
Darts: posts small blind $1
ct-650: posts big blind $3
*** HOLE CARDS ***
Darts: raises $3 to $6
ct-650: folds
Uncalled bet ($3) returned to Darts
Darts collected $6 from pot
Darts: doesn't show hand
*** SUMMARY ***
Total pot $6 | Rake $0
Seat 5: ct-650 (big blind) folded before Flop
Seat 7: Darts (button) (small blind) collected ($6)


PokerStars Hand #150838092289:  Hold'em Limit ($3/$6 USD) - 2016/03/24 2:40:34 ET
Table 'Vala II' 10-max Seat #5 is the button
Seat 5: ct-650 ($136 in chips)
Seat 7: Darts ($133.50 in chips)
ct-650: posts small blind $1
Darts: posts big blind $3
*** HOLE CARDS ***
ct-650: folds
Uncalled bet ($2) returned to Darts
Darts collected $2 from pot
Darts: doesn't show hand
*** SUMMARY ***
Total pot $2 | Rake $0
Seat 5: ct-650 (button) (small blind) folded before Flop
Seat 7: Darts (big blind) collected ($2)


PokerStars Hand #150838095156:  Hold'em Limit ($3/$6 USD) - 2016/03/24 2:40:45 ET
Table 'Vala II' 10-max Seat #5 is the button
Seat 5: ct-650 ($132 in chips)
Seat 7: Darts ($137.50 in chips)
ct-650: posts small blind $1
Darts: posts big blind $3
*** HOLE CARDS ***
ct-650: raises $3 to $6
Darts: calls $3
*** FLOP *** [Tc Th Ac]
Darts: checks
ct-650: bets $3
Darts: folds
Uncalled bet ($3) returned to ct-650
ct-650 collected $11.76 from pot
*** SUMMARY ***
Total pot $12 | Rake $0.24
Board [Tc Th Ac]
Seat 5: ct-650 (button) (small blind) collected ($11.76)
Seat 7: Darts (big blind) folded on the Flop


PokerStars Hand #150838114572:  Hold'em Limit ($3/$6 USD) - 2016/03/24 2:41:57 ET
Table 'Vala II' 10-max Seat #5 is the button
Seat 5: ct-650 ($128.28 in chips)
Seat 7: Darts ($140 in chips)
ct-650: posts small blind $1
Darts: posts big blind $3
*** HOLE CARDS ***
ct-650: raises $3 to $6
Darts: calls $3
*** FLOP *** [Jh 6c 9s]
Darts: checks
ct-650: bets $3
Darts: folds
Uncalled bet ($3) returned to ct-650
ct-650 collected $11.76 from pot
*** SUMMARY ***
Total pot $12 | Rake $0.24
Board [Jh 6c 9s]
Seat 5: ct-650 (button) (small blind) collected ($11.76)
Seat 7: Darts (big blind) folded on the Flop


PokerStars Hand #150838107591:  Hold'em Limit ($3/$6 USD) - 2016/03/24 2:41:31 ET
Table 'Vala II' 10-max Seat #7 is the button
Seat 5: ct-650 ($149.28 in chips)
Seat 7: Darts ($119.50 in chips)
Darts: posts small blind $1
ct-650: posts big blind $3
*** HOLE CARDS ***
Darts: raises $3 to $6
ct-650: raises $3 to $9
Darts: raises $3 to $12
Betting is capped
ct-650: calls $3
*** FLOP *** [9c 6h Tc]
ct-650: checks
Darts: bets $3
ct-650: calls $3
*** TURN *** [9c 6h Tc] [Js]
ct-650: checks
Darts: bets $6
ct-650: calls $6
*** RIVER *** [9c 6h Tc Js] [6d]
ct-650: checks
Darts: bets $6
ct-650: folds
Uncalled bet ($6) returned to Darts
Darts collected $41.50 from pot
Darts: doesn't show hand
*** SUMMARY ***
Total pot $42 | Rake $0.50
Board [9c 6h Tc Js 6d]
Seat 5: ct-650 (big blind) folded on the River
Seat 7: Darts (button) (small blind) collected ($41.50)


PokerStars Hand #150838106028:  Hold'em Limit ($3/$6 USD) - 2016/03/24 2:41:25 ET
Table 'Vala II' 10-max Seat #5 is the button
Seat 5: ct-650 ($146.28 in chips)
Seat 7: Darts ($122.50 in chips)
ct-650: posts small blind $1
Darts: posts big blind $3
*** HOLE CARDS ***
ct-650: raises $3 to $6
Darts: folds
Uncalled bet ($3) returned to ct-650
ct-650 collected $6 from pot
*** SUMMARY ***
Total pot $6 | Rake $0
Seat 5: ct-650 (button) (small blind) collected ($6)
Seat 7: Darts (big blind) folded before Flop


PokerStars Hand #150838102254:  Hold'em Limit ($3/$6 USD) - 2016/03/24 2:41:11 ET
Table 'Vala II' 10-max Seat #7 is the button
Seat 5: ct-650 ($140.52 in chips)
Seat 7: Darts ($128.50 in chips)
Darts: posts small blind $1
ct-650: posts big blind $3
*** HOLE CARDS ***
Darts: raises $3 to $6
ct-650: calls $3
*** FLOP *** [3d 6c Td]
ct-650: checks
Darts: checks
*** TURN *** [3d 6c Td] [5h]
ct-650: bets $6
Darts: folds
Uncalled bet ($6) returned to ct-650
ct-650 collected $11.76 from pot
*** SUMMARY ***
Total pot $12 | Rake $0.24
Board [3d 6c Td 5h]
Seat 5: ct-650 (big blind) collected ($11.76)
Seat 7: Darts (button) (small blind) folded on the Turn


PokerStars Hand #150838128010:  Hold'em Limit ($3/$6 USD) - 2016/03/24 2:42:46 ET
Table 'Vala II' 10-max Seat #7 is the button
Seat 5: ct-650 ($119.04 in chips)
Seat 7: Darts ($148.40 in chips)
Darts: posts small blind $1
ct-650: posts big blind $3
*** HOLE CARDS ***
Darts: raises $3 to $6
ct-650: calls $3
*** FLOP *** [8h 2d 8c]
ct-650: checks
Darts: checks
*** TURN *** [8h 2d 8c] [3h]
ct-650: bets $6
Darts: calls $6
*** RIVER *** [8h 2d 8c 3h] [Jc]
ct-650: bets $6
Darts: calls $6
*** SHOW DOWN ***
ct-650: shows [Ad 2c] (two pair, Eights and Deuces)
Darts: mucks hand
ct-650 collected $35.50 from pot
*** SUMMARY ***
Total pot $36 | Rake $0.50
Board [8h 2d 8c 3h Jc]
Seat 5: ct-650 (big blind) showed [Ad 2c] and won ($35.50) with two pair, Eights and Deuces
Seat 7: Darts (button) (small blind) mucked


PokerStars Hand #150838117188:  Hold'em Limit ($3/$6 USD) - 2016/03/24 2:42:07 ET
Table 'Vala II' 10-max Seat #7 is the button
Seat 5: ct-650 ($134.04 in chips)
Seat 7: Darts ($134 in chips)
Darts: posts small blind $1
ct-650: posts big blind $3
*** HOLE CARDS ***
Darts: raises $3 to $6
ct-650: calls $3
*** FLOP *** [8s Qc Th]
ct-650: checks
Darts: checks
*** TURN *** [8s Qc Th] [8h]
ct-650: checks
Darts: bets $6
ct-650: folds
Uncalled bet ($6) returned to Darts
Darts collected $11.76 from pot
Darts: doesn't show hand
*** SUMMARY ***
Total pot $12 | Rake $0.24
Board [8s Qc Th 8h]
Seat 5: ct-650 (big blind) folded on the Turn
Seat 7: Darts (button) (small blind) collected ($11.76)


PokerStars Hand #150838131731:  Hold'em Limit ($3/$6 USD) - 2016/03/24 2:43:00 ET
Table 'Vala II' 10-max Seat #5 is the button
Seat 5: ct-650 ($136.54 in chips)
Seat 7: Darts ($130.40 in chips)
ct-650: posts small blind $1
Darts: posts big blind $3
*** HOLE CARDS ***
ct-650: raises $3 to $6
Darts: calls $3
*** FLOP *** [4c 4d 8c]
Darts: checks
ct-650: checks
*** TURN *** [4c 4d 8c] [Td]
Darts: bets $6
ct-650: calls $6
*** RIVER *** [4c 4d 8c Td] [8d]
Darts: bets $6
ct-650: calls $6
*** SHOW DOWN ***
Darts: shows [Qd 9h] (two pair, Eights and Fours)
ct-650: shows [6h Th] (two pair, Tens and Eights)
ct-650 collected $35.50 from pot
*** SUMMARY ***
Total pot $36 | Rake $0.50
Board [4c 4d 8c Td 8d]
Seat 5: ct-650 (button) (small blind) showed [6h Th] and won ($35.50) with two pair, Tens and Eights
Seat 7: Darts (big blind) showed [Qd 9h] and lost with two pair, Eights and Fours


PokerStars Hand #150838126788:  Hold'em Limit ($3/$6 USD) - 2016/03/24 2:42:41 ET
Table 'Vala II' 10-max Seat #5 is the button
Seat 5: ct-650 ($120.04 in chips)
Seat 7: Darts ($147.40 in chips)
ct-650: posts small blind $1
Darts: posts big blind $3
*** HOLE CARDS ***
ct-650: folds
Uncalled bet ($2) returned to Darts
Darts collected $2 from pot
Darts: doesn't show hand
*** SUMMARY ***
Total pot $2 | Rake $0
Seat 5: ct-650 (button) (small blind) folded before Flop
Seat 7: Darts (big blind) collected ($2)


PokerStars Hand #150838125159:  Hold'em Limit ($3/$6 USD) - 2016/03/24 2:42:36 ET
Table 'Vala II' 10-max Seat #7 is the button
Seat 5: ct-650 ($119.04 in chips)
Seat 7: Darts ($148.40 in chips)
Darts: posts small blind $1
ct-650: posts big blind $3
*** HOLE CARDS ***
Darts: folds
Uncalled bet ($2) returned to ct-650
ct-650 collected $2 from pot
*** SUMMARY ***
Total pot $2 | Rake $0
Seat 5: ct-650 (big blind) collected ($2)
Seat 7: Darts (button) (small blind) folded before Flop


PokerStars Hand #150838121525:  Hold'em Limit ($3/$6 USD) - 2016/03/24 2:42:23 ET
Table 'Vala II' 10-max Seat #5 is the button
Seat 5: ct-650 ($128.04 in chips)
Seat 7: Darts ($139.76 in chips)
ct-650: posts small blind $1
Darts: posts big blind $3
*** HOLE CARDS ***
ct-650: raises $3 to $6
Darts: calls $3
*** FLOP *** [2c Js 6d]
Darts: checks
ct-650: bets $3
Darts: calls $3
*** TURN *** [2c Js 6d] [Ac]
Darts: checks
ct-650: checks
*** RIVER *** [2c Js 6d Ac] [6s]
Darts: bets $6
ct-650: folds
Uncalled bet ($6) returned to Darts
Darts collected $17.64 from pot
Darts: doesn't show hand
*** SUMMARY ***
Total pot $18 | Rake $0.36
Board [2c Js 6d Ac 6s]
Seat 5: ct-650 (button) (small blind) folded on the River
Seat 7: Darts (big blind) collected ($17.64)


PokerStars Hand #150838138739:  Hold'em Limit ($3/$6 USD) - 2016/03/24 2:43:25 ET
Table 'Vala II' 10-max Seat #5 is the button
Seat 5: ct-650 ($159.80 in chips)
Seat 7: Darts ($106.40 in chips)
ct-650: posts small blind $1
Darts: posts big blind $3
*** HOLE CARDS ***
ct-650: raises $3 to $6
Darts: folds
Uncalled bet ($3) returned to ct-650
ct-650 collected $6 from pot
*** SUMMARY ***
Total pot $6 | Rake $0
Seat 5: ct-650 (button) (small blind) collected ($6)
Seat 7: Darts (big blind) folded before Flop


PokerStars Hand #150838135406:  Hold'em Limit ($3/$6 USD) - 2016/03/24 2:43:13 ET
Table 'Vala II' 10-max Seat #7 is the button
Seat 5: ct-650 ($154.04 in chips)
Seat 7: Darts ($112.40 in chips)
Darts: posts small blind $1
ct-650: posts big blind $3
*** HOLE CARDS ***
Darts: raises $3 to $6
ct-650: calls $3
*** FLOP *** [5s 6h 5d]
ct-650: checks
Darts: checks
*** TURN *** [5s 6h 5d] [Kh]
ct-650: bets $6
Darts: folds
Uncalled bet ($6) returned to ct-650
ct-650 collected $11.76 from pot
*** SUMMARY ***
Total pot $12 | Rake $0.24
Board [5s 6h 5d Kh]
Seat 5: ct-650 (big blind) collected ($11.76)
Seat 7: Darts (button) (small blind) folded on the Turn


PokerStars Hand #150838147622:  Hold'em Limit ($3/$6 USD) - 2016/03/24 2:43:58 ET
Table 'Vala II' 10-max Seat #5 is the button
Seat 5: ct-650 ($180.30 in chips)
Seat 7: Darts ($85.40 in chips)
ct-650: posts small blind $1
Darts: posts big blind $3
*** HOLE CARDS ***
ct-650: raises $3 to $6
Darts: calls $3
*** FLOP *** [6d 9h 7s]
Darts: bets $3
ct-650: calls $3
*** TURN *** [6d 9h 7s] [5d]
Darts: bets $6
ct-650: calls $6
*** RIVER *** [6d 9h 7s 5d] [6h]
Darts: bets $6
ct-650: calls $6
*** SHOW DOWN ***
Darts: shows [4d 5s] (two pair, Sixes and Fives)
ct-650: shows [7h Jd] (two pair, Sevens and Sixes)
ct-650 collected $41.50 from pot
*** SUMMARY ***
Total pot $42 | Rake $0.50
Board [6d 9h 7s 5d 6h]
Seat 5: ct-650 (button) (small blind) showed [7h Jd] and won ($41.50) with two pair, Sevens and Sixes
Seat 7: Darts (big blind) showed [4d 5s] and lost with two pair, Sixes and Fives


PokerStars Hand #150838146061:  Hold'em Limit ($3/$6 USD) - 2016/03/24 2:43:52 ET
Table 'Vala II' 10-max Seat #7 is the button
Seat 5: ct-650 ($179.30 in chips)
Seat 7: Darts ($86.40 in chips)
Darts: posts small blind $1
ct-650: posts big blind $3
*** HOLE CARDS ***
Darts: folds
Uncalled bet ($2) returned to ct-650
ct-650 collected $2 from pot
*** SUMMARY ***
Total pot $2 | Rake $0
Seat 5: ct-650 (big blind) collected ($2)
Seat 7: Darts (button) (small blind) folded before Flop


PokerStars Hand #150838144801:  Hold'em Limit ($3/$6 USD) - 2016/03/24 2:43:48 ET
Table 'Vala II' 10-max Seat #5 is the button
Seat 5: ct-650 ($180.30 in chips)
Seat 7: Darts ($85.40 in chips)
ct-650: posts small blind $1
Darts: posts big blind $3
*** HOLE CARDS ***
ct-650: folds
Uncalled bet ($2) returned to Darts
Darts collected $2 from pot
Darts: doesn't show hand
*** SUMMARY ***
Total pot $2 | Rake $0
Seat 5: ct-650 (button) (small blind) folded before Flop
Seat 7: Darts (big blind) collected ($2)


PokerStars Hand #150838140352:  Hold'em Limit ($3/$6 USD) - 2016/03/24 2:43:31 ET
Table 'Vala II' 10-max Seat #7 is the button
Seat 5: ct-650 ($162.80 in chips)
Seat 7: Darts ($103.40 in chips)
Darts: posts small blind $1
ct-650: posts big blind $3
*** HOLE CARDS ***
Darts: raises $3 to $6
ct-650: calls $3
*** FLOP *** [7s 6d Qs]
ct-650: checks
Darts: bets $3
ct-650: raises $3 to $6
Darts: calls $3
*** TURN *** [7s 6d Qs] [Kc]
ct-650: bets $6
Darts: calls $6
*** RIVER *** [7s 6d Qs Kc] [Td]
ct-650: bets $6
Darts: folds
Uncalled bet ($6) returned to ct-650
ct-650 collected $35.50 from pot
*** SUMMARY ***
Total pot $36 | Rake $0.50
Board [7s 6d Qs Kc Td]
Seat 5: ct-650 (big blind) collected ($35.50)
Seat 7: Darts (button) (small blind) folded on the River


PokerStars Hand #150838160249:  Hold'em Limit ($3/$6 USD) - 2016/03/24 2:44:45 ET
Table 'Vala II' 10-max Seat #7 is the button
Seat 5: ct-650 ($230.06 in chips)
Seat 7: Darts ($34.40 in chips)
Darts: posts small blind $1
ct-650: posts big blind $3
*** HOLE CARDS ***
Darts: raises $3 to $6
ct-650: calls $3
*** FLOP *** [Ah 9c 3h]
ct-650: checks
Darts: bets $3
ct-650: folds
Uncalled bet ($3) returned to Darts
Darts collected $11.76 from pot
Darts: doesn't show hand
*** SUMMARY ***
Total pot $12 | Rake $0.24
Board [Ah 9c 3h]
Seat 5: ct-650 (big blind) folded on the Flop
Seat 7: Darts (button) (small blind) collected ($11.76)


PokerStars Hand #150838157045:  Hold'em Limit ($3/$6 USD) - 2016/03/24 2:44:33 ET
Table 'Vala II' 10-max Seat #5 is the button
Seat 5: ct-650 ($224.30 in chips)
Seat 7: Darts ($40.40 in chips)
ct-650: posts small blind $1
Darts: posts big blind $3
*** HOLE CARDS ***
ct-650: raises $3 to $6
Darts: calls $3
*** FLOP *** [Ts 3s 8d]
Darts: checks
ct-650: bets $3
Darts: folds
Uncalled bet ($3) returned to ct-650
ct-650 collected $11.76 from pot
*** SUMMARY ***
Total pot $12 | Rake $0.24
Board [Ts 3s 8d]
Seat 5: ct-650 (button) (small blind) collected ($11.76)
Seat 7: Darts (big blind) folded on the Flop


PokerStars Hand #150838152197:  Hold'em Limit ($3/$6 USD) - 2016/03/24 2:44:15 ET
Table 'Vala II' 10-max Seat #7 is the button
Seat 5: ct-650 ($200.80 in chips)
Seat 7: Darts ($64.40 in chips)
Darts: posts small blind $1
ct-650: posts big blind $3
*** HOLE CARDS ***
Darts: raises $3 to $6
ct-650: raises $3 to $9
Darts: raises $3 to $12
Betting is capped
ct-650: calls $3
*** FLOP *** [Jh 3h 7s]
ct-650: checks
Darts: checks
*** TURN *** [Jh 3h 7s] [2h]
ct-650: checks
Darts: bets $6
ct-650: calls $6
*** RIVER *** [Jh 3h 7s 2h] [8d]
ct-650: checks
Darts: bets $6
ct-650: calls $6
*** SHOW DOWN ***
Darts: shows [9h Ks] (high card King)
ct-650: shows [Tc Ac] (high card Ace)
ct-650 collected $47.50 from pot
*** SUMMARY ***
Total pot $48 | Rake $0.50
Board [Jh 3h 7s 2h 8d]
Seat 5: ct-650 (big blind) showed [Tc Ac] and won ($47.50) with high card Ace
Seat 7: Darts (button) (small blind) showed [9h Ks] and lost with high card King


PokerStars Hand #150838163019:  Hold'em Limit ($3/$6 USD) - 2016/03/24 2:44:55 ET
Table 'Vala II' 10-max Seat #5 is the button
Seat 5: ct-650 ($224.06 in chips)
Seat 7: Darts ($40.16 in chips)
ct-650: posts small blind $1
Darts: posts big blind $3
*** HOLE CARDS ***
ct-650: folds
Uncalled bet ($2) returned to Darts
Darts collected $2 from pot
Darts: doesn't show hand
*** SUMMARY ***
Total pot $2 | Rake $0
Seat 5: ct-650 (button) (small blind) folded before Flop
Seat 7: Darts (big blind) collected ($2)


PokerStars Hand #150838177067:  Hold'em Limit ($3/$6 USD) - 2016/03/24 2:45:46 ET
Table 'Vala II' 10-max Seat #7 is the button
Seat 5: ct-650 ($258.08 in chips)
Seat 7: Darts ($4.92 in chips)
Darts: posts small blind $1
ct-650: posts big blind $3
*** HOLE CARDS ***
Darts: raises $1.92 to $4.92 and is all-in
ct-650: calls $1.92
*** FLOP *** [9h Kh 8d]
*** TURN *** [9h Kh 8d] [Js]
*** RIVER *** [9h Kh 8d Js] [Jh]
*** SHOW DOWN ***
ct-650: shows [Qc Kd] (two pair, Kings and Jacks)
Darts: shows [Th Ts] (two pair, Jacks and Tens)
ct-650 collected $9.64 from pot
*** SUMMARY ***
Total pot $9.84 | Rake $0.20
Board [9h Kh 8d Js Jh]
Seat 5: ct-650 (big blind) showed [Qc Kd] and won ($9.64) with two pair, Kings and Jacks
Seat 7: Darts (button) (small blind) showed [Th Ts] and lost with two pair, Jacks and Tens


PokerStars Hand #150838169156:  Hold'em Limit ($3/$6 USD) - 2016/03/24 2:45:17 ET
Table 'Vala II' 10-max Seat #5 is the button
Seat 5: ct-650 ($249.56 in chips)
Seat 7: Darts ($14.16 in chips)
ct-650: posts small blind $1
Darts: posts big blind $3
*** HOLE CARDS ***
ct-650: raises $3 to $6
Darts: calls $3
*** FLOP *** [Ts 8h 6c]
Darts: bets $3
ct-650: folds
Uncalled bet ($3) returned to Darts
Darts collected $11.76 from pot
Darts: doesn't show hand
*** SUMMARY ***
Total pot $12 | Rake $0.24
Board [Ts 8h 6c]
Seat 5: ct-650 (button) (small blind) folded on the Flop
Seat 7: Darts (big blind) collected ($11.76)


PokerStars Hand #150838164207:  Hold'em Limit ($3/$6 USD) - 2016/03/24 2:44:59 ET
Table 'Vala II' 10-max Seat #7 is the button
Seat 5: ct-650 ($223.06 in chips)
Seat 7: Darts ($41.16 in chips)
Darts: posts small blind $1
ct-650: posts big blind $3
*** HOLE CARDS ***
Darts: raises $3 to $6
ct-650: raises $3 to $9
Darts: raises $3 to $12
Betting is capped
ct-650: calls $3
*** FLOP *** [Ks 5s 2c]
ct-650: bets $3
Darts: calls $3
*** TURN *** [Ks 5s 2c] [8c]
ct-650: bets $6
Darts: calls $6
*** RIVER *** [Ks 5s 2c 8c] [4s]
ct-650: bets $6
Darts: calls $6
*** SHOW DOWN ***
ct-650: shows [8h 8d] (three of a kind, Eights)
Darts: mucks hand
ct-650 collected $53.50 from pot
*** SUMMARY ***
Total pot $54 | Rake $0.50
Board [Ks 5s 2c 8c 4s]
Seat 5: ct-650 (big blind) showed [8h 8d] and won ($53.50) with three of a kind, Eights
Seat 7: Darts (button) (small blind) mucked


PokerStars Hand #150838175265:  Hold'em Limit ($3/$6 USD) - 2016/03/24 2:45:40 ET
Table 'Vala II' 10-max Seat #5 is the button
Seat 5: ct-650 ($255.08 in chips)
Seat 7: Darts ($7.92 in chips)
ct-650: posts small blind $1
Darts: posts big blind $3
*** HOLE CARDS ***
ct-650: raises $3 to $6
Darts: folds
Uncalled bet ($3) returned to ct-650
ct-650 collected $6 from pot
*** SUMMARY ***
Total pot $6 | Rake $0
Seat 5: ct-650 (button) (small blind) collected ($6)
Seat 7: Darts (big blind) folded before Flop


PokerStars Hand #150838171377:  Hold'em Limit ($3/$6 USD) - 2016/03/24 2:45:26 ET
Table 'Vala II' 10-max Seat #7 is the button
Seat 5: ct-650 ($243.56 in chips)
Seat 7: Darts ($19.92 in chips)
Darts: posts small blind $1
ct-650: posts big blind $3
*** HOLE CARDS ***
Darts: raises $3 to $6
ct-650: calls $3
*** FLOP *** [Qc 5h Ac]
ct-650: checks
Darts: checks
*** TURN *** [Qc 5h Ac] [2s]
ct-650: checks
Darts: checks
*** RIVER *** [Qc 5h Ac 2s] [Ah]
ct-650: checks
Darts: bets $6
ct-650: calls $6
*** SHOW DOWN ***
Darts: shows [6s 7s] (a pair of Aces)
ct-650: shows [Kd 8s] (a pair of Aces - King kicker)
ct-650 collected $23.52 from pot
*** SUMMARY ***
Total pot $24 | Rake $0.48
Board [Qc 5h Ac 2s Ah]
Seat 5: ct-650 (big blind) showed [Kd 8s] and won ($23.52) with a pair of Aces
Seat 7: Darts (button) (small blind) showed [6s 7s] and lost with a pair of Aces


PokerStars Hand #150839666038:  Hold'em Limit ($3/$6 USD) - 2016/03/24 4:10:01 ET
Table 'Vala II' 10-max Seat #5 is the button
Seat 5: ct-650 ($262.80 in chips)
Seat 10: Caxa922 ($84 in chips)
ct-650: posts small blind $1
Caxa922: posts big blind $3
*** HOLE CARDS ***
ct-650: raises $3 to $6
Caxa922: folds
Uncalled bet ($3) returned to ct-650
ct-650 collected $6 from pot
*** SUMMARY ***
Total pot $6 | Rake $0
Seat 5: ct-650 (button) (small blind) collected ($6)
Seat 10: Caxa922 (big blind) folded before Flop


PokerStars Hand #150839669682:  Hold'em Limit ($3/$6 USD) - 2016/03/24 4:10:12 ET
Table 'Vala II' 10-max Seat #10 is the button
Seat 5: ct-650 ($265.80 in chips)
Seat 10: Caxa922 ($81 in chips)
Caxa922: posts small blind $1
ct-650: posts big blind $3
*** HOLE CARDS ***
Caxa922: raises $3 to $6
ct-650: calls $3
*** FLOP *** [Th 3d 8d]
ct-650: checks
liolilove joins the table at seat #1
Caxa922: bets $3
ct-650: folds
Uncalled bet ($3) returned to Caxa922
Caxa922 collected $11.76 from pot
*** SUMMARY ***
Total pot $12 | Rake $0.24
Board [Th 3d 8d]
Seat 5: ct-650 (big blind) folded on the Flop
Seat 10: Caxa922 (button) (small blind) collected ($11.76)


PokerStars Hand #150839723617:  Hold'em Limit ($3/$6 USD) - 2016/03/24 4:12:57 ET
Table 'Vala II' 10-max Seat #5 is the button
Seat 5: ct-650 ($245.80 in chips)
Seat 10: Caxa922 ($100.26 in chips)
ct-650: posts small blind $1
Caxa922: posts big blind $3
*** HOLE CARDS ***
ct-650: folds
Uncalled bet ($2) returned to Caxa922
VolkovDmitri joins the table at seat #2
Caxa922 collected $2 from pot
*** SUMMARY ***
Total pot $2 | Rake $0
Seat 5: ct-650 (button) (small blind) folded before Flop
Seat 10: Caxa922 (big blind) collected ($2)


PokerStars Hand #150839721264:  Hold'em Limit ($3/$6 USD) - 2016/03/24 4:12:50 ET
Table 'Vala II' 10-max Seat #10 is the button
Seat 5: ct-650 ($244.80 in chips)
Seat 10: Caxa922 ($101.26 in chips)
Caxa922: posts small blind $1
ct-650: posts big blind $3
*** HOLE CARDS ***
Caxa922: folds
Uncalled bet ($2) returned to ct-650
ct-650 collected $2 from pot
*** SUMMARY ***
Total pot $2 | Rake $0
Seat 5: ct-650 (big blind) collected ($2)
Seat 10: Caxa922 (button) (small blind) folded before Flop


PokerStars Hand #150839677988:  Hold'em Limit ($3/$6 USD) - 2016/03/24 4:10:38 ET
Table 'Vala II' 10-max Seat #5 is the button
Seat 5: ct-650 ($259.80 in chips)
Seat 10: Caxa922 ($86.76 in chips)
ct-650: posts small blind $1
Caxa922: posts big blind $3
*** HOLE CARDS ***
ct-650: raises $3 to $6
Caxa922: calls $3
*** FLOP *** [Jh 4c 3d]
Caxa922: checks
ct-650: bets $3
Caxa922: calls $3
*** TURN *** [Jh 4c 3d] [Jd]
Caxa922: checks
ct-650: checks
*** RIVER *** [Jh 4c 3d Jd] [4h]
Caxa922 is disconnected
Caxa922 has timed out while disconnected
Caxa922: checks
ct-650: bets $6
Caxa922 is connected
Caxa922: calls $6
*** SHOW DOWN ***
ct-650: shows [7s Ks] (two pair, Jacks and Fours)
Caxa922: shows [Ac 8s] (two pair, Jacks and Fours - Ace kicker)
Caxa922 collected $29.50 from pot
*** SUMMARY ***
Total pot $30 | Rake $0.50
Board [Jh 4c 3d Jd 4h]
Seat 5: ct-650 (button) (small blind) showed [7s Ks] and lost with two pair, Jacks and Fours
Seat 10: Caxa922 (big blind) showed [Ac 8s] and won ($29.50) with two pair, Jacks and Fours


