PokerStars Hand #150011010927:  Hold'em Limit ($3/$6 USD) - 2016/03/07 19:27:27 ET
Table 'Vala II' 6-max Seat #3 is the button
Seat 3: JayEm82 ($86.43 in chips)
Seat 5: TinaTurner72 ($93.58 in chips)
JayEm82: posts small blind $1
TinaTurner72: posts big blind $3
*** HOLE CARDS ***
JayEm82: raises $3 to $6
TinaTurner72: calls $3
*** FLOP *** [Ts 2c Js]
TinaTurner72: checks
JayEm82: bets $3
TinaTurner72: raises $3 to $6
JayEm82: calls $3
*** TURN *** [Ts 2c Js] [7h]
TinaTurner72: bets $6
JayEm82: folds
Uncalled bet ($6) returned to TinaTurner72
TinaTurner72 collected $23.52 from pot
TinaTurner72: doesn't show hand
*** SUMMARY ***
Total pot $24 | Rake $0.48
Board [Ts 2c Js 7h]
Seat 3: JayEm82 (button) (small blind) folded on the Turn
Seat 5: TinaTurner72 (big blind) collected ($23.52)


PokerStars Hand #150011006520:  Hold'em Limit ($3/$6 USD) - 2016/03/07 19:27:20 ET
Table 'Vala II' 6-max Seat #5 is the button
Seat 3: JayEm82 ($89.43 in chips)
Seat 5: TinaTurner72 ($90.58 in chips)
TinaTurner72: posts small blind $1
JayEm82: posts big blind $3
*** HOLE CARDS ***
TinaTurner72: raises $3 to $6
JayEm82: folds
Uncalled bet ($3) returned to TinaTurner72
TinaTurner72 collected $6 from pot
TinaTurner72: doesn't show hand
*** SUMMARY ***
Total pot $6 | Rake $0
Seat 3: JayEm82 (big blind) folded before Flop
Seat 5: TinaTurner72 (button) (small blind) collected ($6)


PokerStars Hand #150011002911:  Hold'em Limit ($3/$6 USD) - 2016/03/07 19:27:14 ET
Table 'Vala II' 6-max Seat #3 is the button
Seat 3: JayEm82 ($90.43 in chips)
Seat 5: TinaTurner72 ($89.58 in chips)
JayEm82: posts small blind $1
TinaTurner72: posts big blind $3
*** HOLE CARDS ***
JayEm82: folds
Uncalled bet ($2) returned to TinaTurner72
TinaTurner72 collected $2 from pot
TinaTurner72: doesn't show hand
*** SUMMARY ***
Total pot $2 | Rake $0
Seat 3: JayEm82 (button) (small blind) folded before Flop
Seat 5: TinaTurner72 (big blind) collected ($2)


PokerStars Hand #150010991046:  Hold'em Limit ($3/$6 USD) - 2016/03/07 19:26:56 ET
Table 'Vala II' 6-max Seat #5 is the button
Seat 3: JayEm82 ($93.43 in chips)
Seat 5: TinaTurner72 ($86.58 in chips)
TinaTurner72: posts small blind $1
Chessnok: is sitting out
JayEm82: posts big blind $3
*** HOLE CARDS ***
TinaTurner72: raises $3 to $6
JayEm82: folds
Uncalled bet ($3) returned to TinaTurner72
TinaTurner72 collected $6 from pot
TinaTurner72: doesn't show hand
*** SUMMARY ***
Total pot $6 | Rake $0
Seat 3: JayEm82 (big blind) folded before Flop
Seat 5: TinaTurner72 (button) (small blind) collected ($6)


PokerStars Hand #150011046457:  Hold'em Limit ($3/$6 USD) - 2016/03/07 19:28:24 ET
Table 'Vala II' 6-max Seat #3 is the button
Seat 3: JayEm82 ($85.95 in chips)
Seat 5: TinaTurner72 ($93.10 in chips)
JayEm82: posts small blind $1
TinaTurner72: posts big blind $3
*** HOLE CARDS ***
JayEm82: raises $3 to $6
TinaTurner72: calls $3
*** FLOP *** [4s 6c Ac]
TinaTurner72: checks
JayEm82: bets $3
TinaTurner72: calls $3
*** TURN *** [4s 6c Ac] [2d]
TinaTurner72: checks
JayEm82: bets $6
TinaTurner72: calls $6
*** RIVER *** [4s 6c Ac 2d] [Ad]
TinaTurner72: checks
JayEm82: bets $6
TinaTurner72: calls $6
*** SHOW DOWN ***
JayEm82: shows [Kd Kh] (two pair, Aces and Kings)
TinaTurner72: mucks hand
JayEm82 collected $41.50 from pot
*** SUMMARY ***
Total pot $42 | Rake $0.50
Board [4s 6c Ac 2d Ad]
Seat 3: JayEm82 (button) (small blind) showed [Kd Kh] and won ($41.50) with two pair, Aces and Kings
Seat 5: TinaTurner72 (big blind) mucked


PokerStars Hand #150011024048:  Hold'em Limit ($3/$6 USD) - 2016/03/07 19:27:48 ET
Table 'Vala II' 6-max Seat #5 is the button
Seat 3: JayEm82 ($74.43 in chips)
Seat 5: TinaTurner72 ($105.10 in chips)
TinaTurner72: posts small blind $1
JayEm82: posts big blind $3
*** HOLE CARDS ***
TinaTurner72: raises $3 to $6
JayEm82: calls $3
*** FLOP *** [5s Qs Jd]
JayEm82: bets $3
TinaTurner72: raises $3 to $6
JayEm82: calls $3
*** TURN *** [5s Qs Jd] [4s]
JayEm82: checks
TinaTurner72: checks
*** RIVER *** [5s Qs Jd 4s] [6s]
JayEm82: bets $6
TinaTurner72: folds
Uncalled bet ($6) returned to JayEm82
JayEm82 collected $23.52 from pot
JayEm82: doesn't show hand
*** SUMMARY ***
Total pot $24 | Rake $0.48
Board [5s Qs Jd 4s 6s]
Seat 3: JayEm82 (big blind) collected ($23.52)
Seat 5: TinaTurner72 (button) (small blind) folded on the River


PokerStars Hand #150011097333:  Hold'em Limit ($3/$6 USD) - 2016/03/07 19:29:44 ET
Table 'Vala II' 6-max Seat #3 is the button
Seat 3: JayEm82 ($85.45 in chips)
Seat 5: TinaTurner72 ($92.60 in chips)
JayEm82: posts small blind $1
TinaTurner72: posts big blind $3
*** HOLE CARDS ***
JayEm82: raises $3 to $6
TinaTurner72: calls $3
*** FLOP *** [8c 9d 8h]
TinaTurner72: checks
JayEm82: bets $3
TinaTurner72: folds
Uncalled bet ($3) returned to JayEm82
JayEm82 collected $11.76 from pot
JayEm82: doesn't show hand
*** SUMMARY ***
Total pot $12 | Rake $0.24
Board [8c 9d 8h]
Seat 3: JayEm82 (button) (small blind) collected ($11.76)
Seat 5: TinaTurner72 (big blind) folded on the Flop


PokerStars Hand #150011094128:  Hold'em Limit ($3/$6 USD) - 2016/03/07 19:29:39 ET
Table 'Vala II' 6-max Seat #5 is the button
Seat 3: JayEm82 ($84.45 in chips)
Seat 5: TinaTurner72 ($93.60 in chips)
TinaTurner72: posts small blind $1
JayEm82: posts big blind $3
*** HOLE CARDS ***
TinaTurner72: folds
Uncalled bet ($2) returned to JayEm82
JayEm82 collected $2 from pot
JayEm82: doesn't show hand
*** SUMMARY ***
Total pot $2 | Rake $0
Seat 3: JayEm82 (big blind) collected ($2)
Seat 5: TinaTurner72 (button) (small blind) folded before Flop


PokerStars Hand #150011090305:  Hold'em Limit ($3/$6 USD) - 2016/03/07 19:29:33 ET
Table 'Vala II' 6-max Seat #3 is the button
Seat 3: JayEm82 ($85.45 in chips)
Seat 5: TinaTurner72 ($92.60 in chips)
JayEm82: posts small blind $1
TinaTurner72: posts big blind $3
*** HOLE CARDS ***
JayEm82: folds
Uncalled bet ($2) returned to TinaTurner72
TinaTurner72 collected $2 from pot
TinaTurner72: doesn't show hand
*** SUMMARY ***
Total pot $2 | Rake $0
Seat 3: JayEm82 (button) (small blind) folded before Flop
Seat 5: TinaTurner72 (big blind) collected ($2)


PokerStars Hand #150011069011:  Hold'em Limit ($3/$6 USD) - 2016/03/07 19:28:59 ET
Table 'Vala II' 6-max Seat #5 is the button
Seat 3: JayEm82 ($106.45 in chips)
Seat 5: TinaTurner72 ($72.10 in chips)
TinaTurner72: posts small blind $1
JayEm82: posts big blind $3
*** HOLE CARDS ***
TinaTurner72: raises $3 to $6
JayEm82: calls $3
*** FLOP *** [3d 7s 2s]
JayEm82: checks
TinaTurner72: bets $3
JayEm82: calls $3
*** TURN *** [3d 7s 2s] [7d]
JayEm82: checks
TinaTurner72: bets $6
JayEm82: calls $6
*** RIVER *** [3d 7s 2s 7d] [Jh]
JayEm82: checks
TinaTurner72: bets $6
JayEm82: calls $6
*** SHOW DOWN ***
TinaTurner72: shows [Ks Js] (two pair, Jacks and Sevens)
JayEm82: mucks hand
TinaTurner72 collected $41.50 from pot
*** SUMMARY ***
Total pot $42 | Rake $0.50
Board [3d 7s 2s 7d Jh]
Seat 3: JayEm82 (big blind) mucked
Seat 5: TinaTurner72 (button) (small blind) showed [Ks Js] and won ($41.50) with two pair, Jacks and Sevens


PokerStars Hand #150011125984:  Hold'em Limit ($3/$6 USD) - 2016/03/07 19:30:28 ET
Table 'Vala II' 6-max Seat #3 is the button
Seat 3: JayEm82 ($114.71 in chips)
Seat 5: TinaTurner72 ($62.60 in chips)
JayEm82: posts small blind $1
TinaTurner72: posts big blind $3
*** HOLE CARDS ***
JayEm82: raises $3 to $6
TinaTurner72: calls $3
*** FLOP *** [Ah Ad 2s]
TinaTurner72: checks
JayEm82: bets $3
TinaTurner72: calls $3
*** TURN *** [Ah Ad 2s] [Ac]
TinaTurner72: checks
JayEm82: checks
*** RIVER *** [Ah Ad 2s Ac] [5h]
TinaTurner72: bets $6
JayEm82: folds
Uncalled bet ($6) returned to TinaTurner72
TinaTurner72 collected $17.64 from pot
TinaTurner72: doesn't show hand
*** SUMMARY ***
Total pot $18 | Rake $0.36
Board [Ah Ad 2s Ac 5h]
Seat 3: JayEm82 (button) (small blind) folded on the River
Seat 5: TinaTurner72 (big blind) collected ($17.64)


PokerStars Hand #150011102891:  Hold'em Limit ($3/$6 USD) - 2016/03/07 19:29:52 ET
Table 'Vala II' 6-max Seat #5 is the button
Seat 3: JayEm82 ($91.21 in chips)
Seat 5: TinaTurner72 ($86.60 in chips)
TinaTurner72: posts small blind $1
JayEm82: posts big blind $3
*** HOLE CARDS ***
TinaTurner72: raises $3 to $6
JayEm82: raises $3 to $9
TinaTurner72: calls $3
*** FLOP *** [2c 4s 7h]
JayEm82: bets $3
TinaTurner72: calls $3
*** TURN *** [2c 4s 7h] [7c]
JayEm82: bets $6
Chessnok leaves the table
TinaTurner72: calls $6
*** RIVER *** [2c 4s 7h 7c] [Qc]
JayEm82: bets $6
TinaTurner72: calls $6
*** SHOW DOWN ***
JayEm82: shows [Th Qd] (two pair, Queens and Sevens)
TinaTurner72: mucks hand
JayEm82 collected $47.50 from pot
*** SUMMARY ***
Total pot $48 | Rake $0.50
Board [2c 4s 7h 7c Qc]
Seat 3: JayEm82 (big blind) showed [Th Qd] and won ($47.50) with two pair, Queens and Sevens
Seat 5: TinaTurner72 (button) (small blind) mucked


PokerStars Hand #150011177672:  Hold'em Limit ($3/$6 USD) - 2016/03/07 19:31:50 ET
Table 'Vala II' 6-max Seat #3 is the button
Seat 3: JayEm82 ($92.71 in chips)
Seat 5: TinaTurner72 ($83.76 in chips)
JayEm82: posts small blind $1
TinaTurner72: posts big blind $3
*** HOLE CARDS ***
JayEm82: folds
Uncalled bet ($2) returned to TinaTurner72
TinaTurner72 collected $2 from pot
TinaTurner72: doesn't show hand
*** SUMMARY ***
Total pot $2 | Rake $0
Seat 3: JayEm82 (button) (small blind) folded before Flop
Seat 5: TinaTurner72 (big blind) collected ($2)


PokerStars Hand #150011164309:  Hold'em Limit ($3/$6 USD) - 2016/03/07 19:31:29 ET
Table 'Vala II' 6-max Seat #5 is the button
Seat 3: JayEm82 ($98.71 in chips)
Seat 5: TinaTurner72 ($78 in chips)
TinaTurner72: posts small blind $1
JayEm82: posts big blind $3
*** HOLE CARDS ***
TinaTurner72: raises $3 to $6
JayEm82: calls $3
*** FLOP *** [Ac 4s Td]
JayEm82: checks
TinaTurner72: bets $3
JayEm82: folds
Uncalled bet ($3) returned to TinaTurner72
TinaTurner72 collected $11.76 from pot
TinaTurner72: doesn't show hand
*** SUMMARY ***
Total pot $12 | Rake $0.24
Board [Ac 4s Td]
Seat 3: JayEm82 (big blind) folded on the Flop
Seat 5: TinaTurner72 (button) (small blind) collected ($11.76)


PokerStars Hand #150011161529:  Hold'em Limit ($3/$6 USD) - 2016/03/07 19:31:25 ET
Table 'Vala II' 6-max Seat #3 is the button
Seat 3: JayEm82 ($99.71 in chips)
Seat 5: TinaTurner72 ($77 in chips)
JayEm82: posts small blind $1
TinaTurner72: posts big blind $3
*** HOLE CARDS ***
JayEm82: folds
Uncalled bet ($2) returned to TinaTurner72
TinaTurner72 collected $2 from pot
TinaTurner72: doesn't show hand
*** SUMMARY ***
Total pot $2 | Rake $0
Seat 3: JayEm82 (button) (small blind) folded before Flop
Seat 5: TinaTurner72 (big blind) collected ($2)


PokerStars Hand #150011158620:  Hold'em Limit ($3/$6 USD) - 2016/03/07 19:31:20 ET
Table 'Vala II' 6-max Seat #5 is the button
Seat 3: JayEm82 ($98.71 in chips)
Seat 5: TinaTurner72 ($78 in chips)
TinaTurner72: posts small blind $1
JayEm82: posts big blind $3
*** HOLE CARDS ***
TinaTurner72: folds
Uncalled bet ($2) returned to JayEm82
JayEm82 collected $2 from pot
JayEm82: doesn't show hand
*** SUMMARY ***
Total pot $2 | Rake $0
Seat 3: JayEm82 (big blind) collected ($2)
Seat 5: TinaTurner72 (button) (small blind) folded before Flop


PokerStars Hand #150011156031:  Hold'em Limit ($3/$6 USD) - 2016/03/07 19:31:16 ET
Table 'Vala II' 6-max Seat #3 is the button
Seat 3: JayEm82 ($99.71 in chips)
Seat 5: TinaTurner72 ($77 in chips)
JayEm82: posts small blind $1
TinaTurner72: posts big blind $3
*** HOLE CARDS ***
JayEm82: folds
Uncalled bet ($2) returned to TinaTurner72
TinaTurner72 collected $2 from pot
TinaTurner72: doesn't show hand
*** SUMMARY ***
Total pot $2 | Rake $0
Seat 3: JayEm82 (button) (small blind) folded before Flop
Seat 5: TinaTurner72 (big blind) collected ($2)


PokerStars Hand #150011149377:  Hold'em Limit ($3/$6 USD) - 2016/03/07 19:31:06 ET
Table 'Vala II' 6-max Seat #5 is the button
Seat 3: JayEm82 ($105.71 in chips)
Seat 5: TinaTurner72 ($71.24 in chips)
TinaTurner72: posts small blind $1
JayEm82: posts big blind $3
*** HOLE CARDS ***
TinaTurner72: raises $3 to $6
JayEm82: calls $3
*** FLOP *** [9s 4d Qd]
JayEm82: checks
TinaTurner72: bets $3
JayEm82: folds
Uncalled bet ($3) returned to TinaTurner72
TinaTurner72 collected $11.76 from pot
TinaTurner72: doesn't show hand
*** SUMMARY ***
Total pot $12 | Rake $0.24
Board [9s 4d Qd]
Seat 3: JayEm82 (big blind) folded on the Flop
Seat 5: TinaTurner72 (button) (small blind) collected ($11.76)


PokerStars Hand #150011146870:  Hold'em Limit ($3/$6 USD) - 2016/03/07 19:31:02 ET
Table 'Vala II' 6-max Seat #3 is the button
Seat 3: JayEm82 ($106.71 in chips)
Seat 5: TinaTurner72 ($70.24 in chips)
JayEm82: posts small blind $1
TinaTurner72: posts big blind $3
*** HOLE CARDS ***
JayEm82: folds
Uncalled bet ($2) returned to TinaTurner72
TinaTurner72 collected $2 from pot
TinaTurner72: doesn't show hand
*** SUMMARY ***
Total pot $2 | Rake $0
Seat 3: JayEm82 (button) (small blind) folded before Flop
Seat 5: TinaTurner72 (big blind) collected ($2)


PokerStars Hand #150011143988:  Hold'em Limit ($3/$6 USD) - 2016/03/07 19:30:57 ET
Table 'Vala II' 6-max Seat #5 is the button
Seat 3: JayEm82 ($105.71 in chips)
Seat 5: TinaTurner72 ($71.24 in chips)
TinaTurner72: posts small blind $1
JayEm82: posts big blind $3
*** HOLE CARDS ***
TinaTurner72: folds
Uncalled bet ($2) returned to JayEm82
JayEm82 collected $2 from pot
JayEm82: doesn't show hand
*** SUMMARY ***
Total pot $2 | Rake $0
Seat 3: JayEm82 (big blind) collected ($2)
Seat 5: TinaTurner72 (button) (small blind) folded before Flop


PokerStars Hand #150011199837:  Hold'em Limit ($3/$6 USD) - 2016/03/07 19:32:25 ET
Table 'Vala II' 6-max Seat #5 is the button
Seat 3: JayEm82 ($94.47 in chips)
Seat 5: TinaTurner72 ($81.76 in chips)
TinaTurner72: posts small blind $1
JayEm82: posts big blind $3
*** HOLE CARDS ***
TinaTurner72: raises $3 to $6
JayEm82: calls $3
*** FLOP *** [6s 8d Qd]
JayEm82: checks
TinaTurner72: bets $3
JayEm82: folds
Uncalled bet ($3) returned to TinaTurner72
TinaTurner72 collected $11.76 from pot
TinaTurner72: doesn't show hand
*** SUMMARY ***
Total pot $12 | Rake $0.24
Board [6s 8d Qd]
Seat 3: JayEm82 (big blind) folded on the Flop
Seat 5: TinaTurner72 (button) (small blind) collected ($11.76)


PokerStars Hand #150011185238:  Hold'em Limit ($3/$6 USD) - 2016/03/07 19:32:02 ET
Table 'Vala II' 6-max Seat #3 is the button
Seat 3: JayEm82 ($88.71 in chips)
Seat 5: TinaTurner72 ($87.76 in chips)
JayEm82: posts small blind $1
TinaTurner72: posts big blind $3
*** HOLE CARDS ***
JayEm82: raises $3 to $6
TinaTurner72: calls $3
*** FLOP *** [2d 7c Jh]
TinaTurner72: checks
JayEm82: bets $3
TinaTurner72: folds
Uncalled bet ($3) returned to JayEm82
JayEm82 collected $11.76 from pot
JayEm82: doesn't show hand
*** SUMMARY ***
Total pot $12 | Rake $0.24
Board [2d 7c Jh]
Seat 3: JayEm82 (button) (small blind) collected ($11.76)
Seat 5: TinaTurner72 (big blind) folded on the Flop


PokerStars Hand #150011180620:  Hold'em Limit ($3/$6 USD) - 2016/03/07 19:31:55 ET
Table 'Vala II' 6-max Seat #5 is the button
Seat 3: JayEm82 ($91.71 in chips)
Seat 5: TinaTurner72 ($84.76 in chips)
TinaTurner72: posts small blind $1
JayEm82: posts big blind $3
*** HOLE CARDS ***
TinaTurner72: raises $3 to $6
JayEm82: folds
Uncalled bet ($3) returned to TinaTurner72
TinaTurner72 collected $6 from pot
TinaTurner72: doesn't show hand
*** SUMMARY ***
Total pot $6 | Rake $0
Seat 3: JayEm82 (big blind) folded before Flop
Seat 5: TinaTurner72 (button) (small blind) collected ($6)


