PokerStars Hand #166431966807:  Hold'em Limit ($3/$6 USD) - 2017/02/19 0:23:25 ET
Table 'Vala' 6-max Seat #1 is the button
Seat 1: LifeisagameX ($85 in chips)
Seat 4: laapin ($120 in chips)
LifeisagameX: posts small blind $1
laapin: posts big blind $3
*** HOLE CARDS ***
LifeisagameX: raises $3 to $6
laapin: calls $3
*** FLOP *** [Ah 5s 8c]
laapin: checks
LifeisagameX: bets $3
laapin: calls $3
*** TURN *** [Ah 5s 8c] [7c]
laapin: checks
LifeisagameX: bets $6
laapin: folds
Uncalled bet ($6) returned to LifeisagameX
LifeisagameX collected $17.64 from pot
LifeisagameX: doesn't show hand
*** SUMMARY ***
Total pot $18 | Rake $0.36
Board [Ah 5s 8c 7c]
Seat 1: LifeisagameX (button) (small blind) collected ($17.64)
Seat 4: laapin (big blind) folded on the Turn


PokerStars Hand #166431965283:  Hold'em Limit ($3/$6 USD) - 2017/02/19 0:23:20 ET
Table 'Vala' 6-max Seat #4 is the button
Seat 1: LifeisagameX ($84 in chips)
Seat 4: laapin ($121 in chips)
laapin: posts small blind $1
LifeisagameX: posts big blind $3
*** HOLE CARDS ***
laapin: folds
Uncalled bet ($2) returned to LifeisagameX
LifeisagameX collected $2 from pot
LifeisagameX: doesn't show hand
*** SUMMARY ***
Total pot $2 | Rake $0
Seat 1: LifeisagameX (big blind) collected ($2)
Seat 4: laapin (button) (small blind) folded before Flop


PokerStars Hand #166431960365:  Hold'em Limit ($3/$6 USD) - 2017/02/19 0:23:03 ET
Table 'Vala' 6-max Seat #1 is the button
Seat 1: LifeisagameX ($84 in chips)
Seat 4: laapin ($120 in chips)
LifeisagameX: posts small blind $1
laapin: posts big blind $3
*** HOLE CARDS ***
LifeisagameX: folds
Uncalled bet ($2) returned to laapin
laapin collected $2 from pot
laapin: doesn't show hand
*** SUMMARY ***
Total pot $2 | Rake $0
Seat 1: LifeisagameX (button) (small blind) folded before Flop
Seat 4: laapin (big blind) collected ($2)


PokerStars Hand #166431972723:  Hold'em Limit ($3/$6 USD) - 2017/02/19 0:23:46 ET
Table 'Vala' 6-max Seat #4 is the button
Seat 1: LifeisagameX ($93.64 in chips)
Seat 4: laapin ($111 in chips)
laapin: posts small blind $1
LifeisagameX: posts big blind $3
*** HOLE CARDS ***
laapin: raises $3 to $6
LifeisagameX: folds
Uncalled bet ($3) returned to laapin
laapin collected $6 from pot
laapin: doesn't show hand
*** SUMMARY ***
Total pot $6 | Rake $0
Seat 1: LifeisagameX (big blind) folded before Flop
Seat 4: laapin (button) (small blind) collected ($6)


PokerStars Hand #166431974509:  Hold'em Limit ($3/$6 USD) - 2017/02/19 0:23:52 ET
Table 'Vala' 6-max Seat #1 is the button
Seat 1: LifeisagameX ($90.64 in chips)
Seat 4: laapin ($114 in chips)
LifeisagameX: posts small blind $1
laapin: posts big blind $3
*** HOLE CARDS ***
LifeisagameX: raises $3 to $6
laapin: raises $3 to $9
LifeisagameX: calls $3
*** FLOP *** [3d 3h Jd]
laapin: bets $3
LifeisagameX: calls $3
*** TURN *** [3d 3h Jd] [5s]
laapin: bets $6
LifeisagameX: folds
Uncalled bet ($6) returned to laapin
laapin collected $23.52 from pot
laapin: doesn't show hand
*** SUMMARY ***
Total pot $24 | Rake $0.48
Board [3d 3h Jd 5s]
Seat 1: LifeisagameX (button) (small blind) folded on the Turn
Seat 4: laapin (big blind) collected ($23.52)


PokerStars Hand #166431985013:  Hold'em Limit ($3/$6 USD) - 2017/02/19 0:24:28 ET
Table 'Vala' 6-max Seat #4 is the button
Seat 1: LifeisagameX ($84 in chips)
Seat 4: laapin ($125.52 in chips)
laapin: posts small blind $1
LifeisagameX: posts big blind $3
*** HOLE CARDS ***
laapin: raises $3 to $6
LifeisagameX: calls $3
*** FLOP *** [Jd 3c 7h]
LifeisagameX: checks
laapin: bets $3
LifeisagameX: folds
Uncalled bet ($3) returned to laapin
laapin collected $11.76 from pot
laapin: doesn't show hand
*** SUMMARY ***
Total pot $12 | Rake $0.24
Board [Jd 3c 7h]
Seat 1: LifeisagameX (big blind) folded on the Flop
Seat 4: laapin (button) (small blind) collected ($11.76)


PokerStars Hand #166432000788:  Hold'em Limit ($3/$6 USD) - 2017/02/19 0:25:22 ET
Table 'Vala' 6-max Seat #1 is the button
Seat 1: LifeisagameX ($84 in chips)
Seat 4: laapin ($131.28 in chips)
LifeisagameX: posts small blind $1
laapin: posts big blind $3
*** HOLE CARDS ***
LifeisagameX: raises $3 to $6
laapin: calls $3
*** FLOP *** [5d Jd 3d]
laapin: checks
LifeisagameX: bets $3
laapin: calls $3
*** TURN *** [5d Jd 3d] [Kc]
laapin: checks
LifeisagameX: bets $6
laapin: calls $6
*** RIVER *** [5d Jd 3d Kc] [7h]
laapin: checks
LifeisagameX: bets $6
laapin: calls $6
*** SHOW DOWN ***
LifeisagameX: shows [6s 7s] (a pair of Sevens)
laapin: shows [Jc 8s] (a pair of Jacks)
laapin collected $41.50 from pot
*** SUMMARY ***
Total pot $42 | Rake $0.50
Board [5d Jd 3d Kc 7h]
Seat 1: LifeisagameX (button) (small blind) showed [6s 7s] and lost with a pair of Sevens
Seat 4: laapin (big blind) showed [Jc 8s] and won ($41.50) with a pair of Jacks


PokerStars Hand #166432014395:  Hold'em Limit ($3/$6 USD) - 2017/02/19 0:26:09 ET
Table 'Vala' 6-max Seat #4 is the button
Seat 1: LifeisagameX ($84 in chips)
Seat 4: laapin ($151.78 in chips)
laapin: posts small blind $1
LifeisagameX: posts big blind $3
*** HOLE CARDS ***
laapin: raises $3 to $6
LifeisagameX: calls $3
*** FLOP *** [Kc 5d Qs]
LifeisagameX: checks
laapin: bets $3
LifeisagameX: folds
Uncalled bet ($3) returned to laapin
laapin collected $11.76 from pot
laapin: doesn't show hand
*** SUMMARY ***
Total pot $12 | Rake $0.24
Board [Kc 5d Qs]
Seat 1: LifeisagameX (big blind) folded on the Flop
Seat 4: laapin (button) (small blind) collected ($11.76)


PokerStars Hand #166432037781:  Hold'em Limit ($3/$6 USD) - 2017/02/19 0:27:29 ET
Table 'Vala' 6-max Seat #4 is the button
Seat 1: LifeisagameX ($84 in chips)
Seat 4: laapin ($175.04 in chips)
laapin: posts small blind $1
LifeisagameX: posts big blind $3
*** HOLE CARDS ***
laapin: folds
Uncalled bet ($2) returned to LifeisagameX
LifeisagameX collected $2 from pot
LifeisagameX: doesn't show hand
*** SUMMARY ***
Total pot $2 | Rake $0
Seat 1: LifeisagameX (big blind) collected ($2)
Seat 4: laapin (button) (small blind) folded before Flop


PokerStars Hand #166432021613:  Hold'em Limit ($3/$6 USD) - 2017/02/19 0:26:34 ET
Table 'Vala' 6-max Seat #1 is the button
Seat 1: LifeisagameX ($84 in chips)
Seat 4: laapin ($157.54 in chips)
LifeisagameX: posts small blind $1
laapin: posts big blind $3
*** HOLE CARDS ***
LifeisagameX: raises $3 to $6
laapin: calls $3
*** FLOP *** [2s Th 3c]
laapin: checks
LifeisagameX: bets $3
laapin: raises $3 to $6
LifeisagameX: calls $3
*** TURN *** [2s Th 3c] [Td]
laapin: bets $6
LifeisagameX: calls $6
*** RIVER *** [2s Th 3c Td] [5h]
laapin: checks
LifeisagameX: checks
*** SHOW DOWN ***
laapin: shows [3h 2c] (two pair, Tens and Threes)
LifeisagameX: mucks hand
laapin collected $35.50 from pot
*** SUMMARY ***
Total pot $36 | Rake $0.50
Board [2s Th 3c Td 5h]
Seat 1: LifeisagameX (button) (small blind) mucked
Seat 4: laapin (big blind) showed [3h 2c] and won ($35.50) with two pair, Tens and Threes


PokerStars Hand #166432040496:  Hold'em Limit ($3/$6 USD) - 2017/02/19 0:27:38 ET
Table 'Vala' 6-max Seat #1 is the button
Seat 1: LifeisagameX ($85 in chips)
Seat 4: laapin ($174.04 in chips)
zzxonez joins the table at seat #3
LifeisagameX: posts small blind $1
laapin: posts big blind $3
*** HOLE CARDS ***
LifeisagameX: raises $3 to $6
laapin: calls $3
*** FLOP *** [8c 4c 3h]
laapin: checks
LifeisagameX: bets $3
laapin: raises $3 to $6
LifeisagameX: calls $3
*** TURN *** [8c 4c 3h] [7h]
laapin: bets $6
LifeisagameX: calls $6
*** RIVER *** [8c 4c 3h 7h] [3c]
laapin: checks
LifeisagameX: bets $6
laapin: folds
Uncalled bet ($6) returned to LifeisagameX
LifeisagameX collected $35.50 from pot
*** SUMMARY ***
Total pot $36 | Rake $0.50
Board [8c 4c 3h 7h 3c]
Seat 1: LifeisagameX (button) (small blind) collected ($35.50)
Seat 4: laapin (big blind) folded on the River


PokerStars Hand #166432054337:  Hold'em Limit ($3/$6 USD) - 2017/02/19 0:28:26 ET
Table 'Vala' 6-max Seat #4 is the button
Seat 1: LifeisagameX ($102.50 in chips)
Seat 4: laapin ($156.04 in chips)
laapin: posts small blind $1
LifeisagameX: posts big blind $3
*** HOLE CARDS ***
laapin: raises $3 to $6
LifeisagameX: calls $3
*** FLOP *** [3h Jc 2d]
LifeisagameX: checks
laapin: bets $3
LifeisagameX: raises $3 to $6
laapin: folds
Uncalled bet ($3) returned to LifeisagameX
LifeisagameX collected $17.64 from pot
LifeisagameX: doesn't show hand
*** SUMMARY ***
Total pot $18 | Rake $0.36
Board [3h Jc 2d]
Seat 1: LifeisagameX (big blind) collected ($17.64)
Seat 4: laapin (button) (small blind) folded on the Flop


PokerStars Hand #166432068896:  Hold'em Limit ($3/$6 USD) - 2017/02/19 0:29:16 ET
Table 'Vala' 6-max Seat #3 is the button
Seat 3: zzxonez ($91 in chips)
Seat 4: laapin ($147.04 in chips)
zzxonez: posts small blind $1
laapin: posts big blind $3
*** HOLE CARDS ***
zzxonez: raises $3 to $6
laapin: calls $3
*** FLOP *** [7s 9s 5h]
laapin: checks
LifeisagameX leaves the table
zzxonez: checks
*** TURN *** [7s 9s 5h] [8s]
laapin: bets $6
zzxonez: folds
Uncalled bet ($6) returned to laapin
laapin collected $11.76 from pot
laapin: doesn't show hand
*** SUMMARY ***
Total pot $12 | Rake $0.24
Board [7s 9s 5h 8s]
Seat 3: zzxonez (button) (small blind) folded on the Turn
Seat 4: laapin (big blind) collected ($11.76)


