PokerStars Hand #148958101236:  Hold'em Limit ($3/$6 USD) - 2016/02/17 10:52:32 ET
Table 'Valda II' 6-max Seat #1 is the button
Seat 1: flopke67 ($83 in chips)
Seat 2: SmellyToes4u ($103.27 in chips)
flopke67: posts small blind $1
SmellyToes4u: posts big blind $3
*** HOLE CARDS ***
flopke67: folds
Uncalled bet ($2) returned to SmellyToes4u
SmellyToes4u collected $2 from pot
SmellyToes4u: doesn't show hand
*** SUMMARY ***
Total pot $2 | Rake $0
Seat 1: flopke67 (button) (small blind) folded before Flop
Seat 2: SmellyToes4u (big blind) collected ($2)


PokerStars Hand #148958096397:  Hold'em Limit ($3/$6 USD) - 2016/02/17 10:52:26 ET
Table 'Valda II' 6-max Seat #2 is the button
Seat 1: flopke67 ($82 in chips)
Seat 2: SmellyToes4u ($104.27 in chips)
SmellyToes4u: posts small blind $1
Andredias950: is sitting out
flopke67: posts big blind $3
*** HOLE CARDS ***
SmellyToes4u: folds
Uncalled bet ($2) returned to flopke67
flopke67 collected $2 from pot
flopke67: doesn't show hand
*** SUMMARY ***
Total pot $2 | Rake $0
Seat 1: flopke67 (big blind) collected ($2)
Seat 2: SmellyToes4u (button) (small blind) folded before Flop


PokerStars Hand #148958260857:  Hold'em Limit ($3/$6 USD) - 2016/02/17 10:55:49 ET
Table 'Valda II' 6-max Seat #3 is the button
Seat 2: SmellyToes4u ($146.46 in chips)
Seat 3: Andredias950 ($83.16 in chips)
Andredias950: posts small blind $1
SmellyToes4u: posts big blind $3
*** HOLE CARDS ***
Andredias950: raises $3 to $6
SmellyToes4u: calls $3
*** FLOP *** [6c 8d Kd]
SmellyToes4u: checks
Andredias950: checks
*** TURN *** [6c 8d Kd] [9h]
SmellyToes4u: checks
Andredias950: checks
*** RIVER *** [6c 8d Kd 9h] [Tc]
SmellyToes4u: checks
Andredias950: bets $6
SmellyToes4u: folds
Uncalled bet ($6) returned to Andredias950
Andredias950 collected $11.76 from pot
Andredias950: doesn't show hand
*** SUMMARY ***
Total pot $12 | Rake $0.24
Board [6c 8d Kd 9h Tc]
Seat 2: SmellyToes4u (big blind) folded on the River
Seat 3: Andredias950 (button) (small blind) collected ($11.76)


