PokerStars Hand #175705033619:  Hold'em Limit ($3/$6 USD) - 2017/09/16 2:34:33 ET
Table 'Valda' 6-max Seat #6 is the button
Seat 5: B_loJkl ($122.89 in chips)
Seat 6: Andrey552255 ($33.68 in chips)
Andrey552255: posts small blind $1
B_loJkl: posts big blind $3
*** HOLE CARDS ***
Andrey552255: raises $3 to $6
B_loJkl: calls $3
*** FLOP *** [Td Js Qd]
B_loJkl: checks
Andrey552255: bets $3
B_loJkl: raises $3 to $6
Andrey552255: calls $3
*** TURN *** [Td Js Qd] [5c]
B_loJkl: bets $6
Andrey552255: folds
Uncalled bet ($6) returned to B_loJkl
B_loJkl collected $23.52 from pot
B_loJkl: doesn't show hand
*** SUMMARY ***
Total pot $24 | Rake $0.48
Board [Td Js Qd 5c]
Seat 5: B_loJkl (big blind) collected ($23.52)
Seat 6: Andrey552255 (button) (small blind) folded on the Turn


PokerStars Hand #175705046868:  Hold'em Limit ($3/$6 USD) - 2017/09/16 2:35:24 ET
Table 'Valda' 6-max Seat #6 is the button
Seat 5: B_loJkl ($140.17 in chips)
Seat 6: Andrey552255 ($15.68 in chips)
Andrey552255: posts small blind $1
B_loJkl: posts big blind $3
*** HOLE CARDS ***
Andrey552255: folds
Uncalled bet ($2) returned to B_loJkl
B_loJkl collected $2 from pot
B_loJkl: doesn't show hand
*** SUMMARY ***
Total pot $2 | Rake $0
Seat 5: B_loJkl (big blind) collected ($2)
Seat 6: Andrey552255 (button) (small blind) folded before Flop


PokerStars Hand #175705043501:  Hold'em Limit ($3/$6 USD) - 2017/09/16 2:35:11 ET
Table 'Valda' 6-max Seat #5 is the button
Seat 5: B_loJkl ($134.41 in chips)
Seat 6: Andrey552255 ($21.68 in chips)
B_loJkl: posts small blind $1
Andrey552255: posts big blind $3
*** HOLE CARDS ***
B_loJkl: raises $3 to $6
Andrey552255: calls $3
*** FLOP *** [Jh Ad Ac]
Andrey552255: checks
B_loJkl: bets $3
Andrey552255: folds
Uncalled bet ($3) returned to B_loJkl
B_loJkl collected $11.76 from pot
B_loJkl: doesn't show hand
*** SUMMARY ***
Total pot $12 | Rake $0.24
Board [Jh Ad Ac]
Seat 5: B_loJkl (button) (small blind) collected ($11.76)
Seat 6: Andrey552255 (big blind) folded on the Flop


PokerStars Hand #175705040142:  Hold'em Limit ($3/$6 USD) - 2017/09/16 2:34:58 ET
Table 'Valda' 6-max Seat #5 is the button
Seat 5: B_loJkl ($134.41 in chips)
Seat 6: Andrey552255 ($21.68 in chips)
B_loJkl: posts small blind $1
Andrey552255: posts big blind $3
*** HOLE CARDS ***
B_loJkl: raises $3 to $6
Andrey552255: folds
Uncalled bet ($3) returned to B_loJkl
B_loJkl collected $6 from pot
B_loJkl: doesn't show hand
*** SUMMARY ***
Total pot $6 | Rake $0
Seat 5: B_loJkl (button) (small blind) collected ($6)
Seat 6: Andrey552255 (big blind) folded before Flop


PokerStars Hand #175705050356:  Hold'em Limit ($3/$6 USD) - 2017/09/16 2:35:37 ET
Table 'Valda' 6-max Seat #6 is the button
Seat 5: B_loJkl ($144.17 in chips)
Seat 6: Andrey552255 ($11.68 in chips)
Andrey552255: posts small blind $1
B_loJkl: posts big blind $3
*** HOLE CARDS ***
Andrey552255: folds
Uncalled bet ($2) returned to B_loJkl
B_loJkl collected $2 from pot
B_loJkl: doesn't show hand
*** SUMMARY ***
Total pot $2 | Rake $0
Seat 5: B_loJkl (big blind) collected ($2)
Seat 6: Andrey552255 (button) (small blind) folded before Flop


PokerStars Hand #175705048172:  Hold'em Limit ($3/$6 USD) - 2017/09/16 2:35:28 ET
Table 'Valda' 6-max Seat #5 is the button
Seat 5: B_loJkl ($141.17 in chips)
Seat 6: Andrey552255 ($14.68 in chips)
B_loJkl: posts small blind $1
Andrey552255: posts big blind $3
*** HOLE CARDS ***
B_loJkl: raises $3 to $6
Andrey552255: folds
Uncalled bet ($3) returned to B_loJkl
B_loJkl collected $6 from pot
B_loJkl: doesn't show hand
*** SUMMARY ***
Total pot $6 | Rake $0
Seat 5: B_loJkl (button) (small blind) collected ($6)
Seat 6: Andrey552255 (big blind) folded before Flop


PokerStars Hand #175705051822:  Hold'em Limit ($3/$6 USD) - 2017/09/16 2:35:42 ET
Table 'Valda' 6-max Seat #5 is the button
Seat 5: B_loJkl ($145.17 in chips)
Seat 6: Andrey552255 ($10.68 in chips)
B_loJkl: posts small blind $1
Andrey552255: posts big blind $3
*** HOLE CARDS ***
B_loJkl: raises $3 to $6
Andrey552255: calls $3
*** FLOP *** [9s 2c 8h]
Andrey552255: checks
B_loJkl: checks
*** TURN *** [9s 2c 8h] [Ts]
Andrey552255: checks
B_loJkl: bets $6
Andrey552255: folds
Uncalled bet ($6) returned to B_loJkl
B_loJkl collected $11.76 from pot
B_loJkl: doesn't show hand
*** SUMMARY ***
Total pot $12 | Rake $0.24
Board [9s 2c 8h Ts]
Seat 5: B_loJkl (button) (small blind) collected ($11.76)
Seat 6: Andrey552255 (big blind) folded on the Turn


PokerStars Hand #175705055897:  Hold'em Limit ($3/$6 USD) - 2017/09/16 2:35:58 ET
Table 'Valda' 6-max Seat #6 is the button
Seat 5: B_loJkl ($150.93 in chips)
Seat 6: Andrey552255 ($4.68 in chips)
Andrey552255: posts small blind $1
B_loJkl: posts big blind $3
*** HOLE CARDS ***
Andrey552255: raises $1.68 to $4.68 and is all-in
B_loJkl: calls $1.68
*** FLOP *** [6s 3c 4h]
*** TURN *** [6s 3c 4h] [Ad]
*** RIVER *** [6s 3c 4h Ad] [4c]
*** SHOW DOWN ***
B_loJkl: shows [4s 8d] (three of a kind, Fours)
Andrey552255: shows [Kh 2d] (a pair of Fours)
B_loJkl collected $9.17 from pot
*** SUMMARY ***
Total pot $9.36 | Rake $0.19
Board [6s 3c 4h Ad 4c]
Seat 5: B_loJkl (big blind) showed [4s 8d] and won ($9.17) with three of a kind, Fours
Seat 6: Andrey552255 (button) (small blind) showed [Kh 2d] and lost with a pair of Fours


