PokerStars Hand #163522743555:  Hold'em Limit ($3/$6 USD) - 2016/12/25 19:05:25 ET
Table 'Valda' 10-max Seat #5 is the button
Seat 3: ToDaFelt ($130.38 in chips)
Seat 5: Kaukadiginte ($24 in chips)
Kaukadiginte: posts small blind $1
Zubasa07: is sitting out
ToDaFelt: posts big blind $3
*** HOLE CARDS ***
Kaukadiginte: calls $2
ToDaFelt: raises $3 to $6
Kaukadiginte: calls $3
*** FLOP *** [Qs Tc 6s]
ToDaFelt: bets $3
Kaukadiginte: calls $3
*** TURN *** [Qs Tc 6s] [Qh]
Zubasa07 leaves the table
ToDaFelt: bets $6
Kaukadiginte: calls $6
*** RIVER *** [Qs Tc 6s Qh] [Jh]
ToDaFelt: checks
Kaukadiginte: bets $6
ToDaFelt: folds
Uncalled bet ($6) returned to Kaukadiginte
Kaukadiginte collected $29.50 from pot
Kaukadiginte: doesn't show hand
*** SUMMARY ***
Total pot $30 | Rake $0.50
Board [Qs Tc 6s Qh Jh]
Seat 3: ToDaFelt (big blind) folded on the River
Seat 5: Kaukadiginte (button) (small blind) collected ($29.50)


PokerStars Hand #163522811595:  Hold'em Limit ($3/$6 USD) - 2016/12/25 19:06:55 ET
Table 'Valda' 10-max Seat #5 is the button
Seat 3: ToDaFelt ($121.14 in chips)
Seat 5: Kaukadiginte ($32.50 in chips)
Kaukadiginte: posts small blind $1
ToDaFelt: posts big blind $3
*** HOLE CARDS ***
Kaukadiginte: folds
Uncalled bet ($2) returned to ToDaFelt
ToDaFelt collected $2 from pot
ToDaFelt: doesn't show hand
*** SUMMARY ***
Total pot $2 | Rake $0
Seat 3: ToDaFelt (big blind) collected ($2)
Seat 5: Kaukadiginte (button) (small blind) folded before Flop


PokerStars Hand #163522789615:  Hold'em Limit ($3/$6 USD) - 2016/12/25 19:06:26 ET
Table 'Valda' 10-max Seat #3 is the button
Seat 3: ToDaFelt ($115.38 in chips)
Seat 5: Kaukadiginte ($38.50 in chips)
ToDaFelt: posts small blind $1
Kaukadiginte: posts big blind $3
*** HOLE CARDS ***
ToDaFelt: raises $3 to $6
Kaukadiginte: calls $3
*** FLOP *** [Qc 7h 8d]
Kaukadiginte: checks
ToDaFelt: bets $3
Kaukadiginte: folds
Uncalled bet ($3) returned to ToDaFelt
ToDaFelt collected $11.76 from pot
ToDaFelt: doesn't show hand
*** SUMMARY ***
Total pot $12 | Rake $0.24
Board [Qc 7h 8d]
Seat 3: ToDaFelt (button) (small blind) collected ($11.76)
Seat 5: Kaukadiginte (big blind) folded on the Flop


