PokerStars Hand #151951072870:  Hold'em Limit ($3/$6 USD) - 2016/04/15 11:31:45 ET
Table 'Valeska II' 10-max Seat #7 is the button
Seat 5: ct-650 ($170.50 in chips)
Seat 7: Tnz204 ($99 in chips)
Tnz204: posts small blind $1
ct-650: posts big blind $3
*** HOLE CARDS ***
Tnz204: raises $3 to $6
ct-650: calls $3
*** FLOP *** [4d Jh Ad]
ct-650: checks
Tnz204: bets $3
ct-650: calls $3
*** TURN *** [4d Jh Ad] [9d]
ct-650: checks
Tnz204: checks
*** RIVER *** [4d Jh Ad 9d] [Kh]
ct-650: checks
Tnz204: checks
*** SHOW DOWN ***
ct-650: shows [Js 8h] (a pair of Jacks)
Tnz204: mucks hand
ct-650 collected $17.64 from pot
*** SUMMARY ***
Total pot $18 | Rake $0.36
Board [4d Jh Ad 9d Kh]
Seat 5: ct-650 (big blind) showed [Js 8h] and won ($17.64) with a pair of Jacks
Seat 7: Tnz204 (button) (small blind) mucked


PokerStars Hand #151951068888:  Hold'em Limit ($3/$6 USD) - 2016/04/15 11:31:39 ET
Table 'Valeska II' 10-max Seat #5 is the button
Seat 5: ct-650 ($167.50 in chips)
Seat 7: Tnz204 ($102 in chips)
ct-650: posts small blind $1
Tnz204: posts big blind $3
*** HOLE CARDS ***
ct-650: raises $3 to $6
Tnz204: folds
Uncalled bet ($3) returned to ct-650
ct-650 collected $6 from pot
*** SUMMARY ***
Total pot $6 | Rake $0
Seat 5: ct-650 (button) (small blind) collected ($6)
Seat 7: Tnz204 (big blind) folded before Flop


PokerStars Hand #151951065501:  Hold'em Limit ($3/$6 USD) - 2016/04/15 11:31:34 ET
Table 'Valeska II' 10-max Seat #7 is the button
Seat 5: ct-650 ($170.50 in chips)
Seat 7: Tnz204 ($99 in chips)
Tnz204: posts small blind $1
ct-650: posts big blind $3
*** HOLE CARDS ***
Tnz204: raises $3 to $6
ct-650: folds
Uncalled bet ($3) returned to Tnz204
Tnz204 collected $6 from pot
*** SUMMARY ***
Total pot $6 | Rake $0
Seat 5: ct-650 (big blind) folded before Flop
Seat 7: Tnz204 (button) (small blind) collected ($6)


PokerStars Hand #151951051477:  Hold'em Limit ($3/$6 USD) - 2016/04/15 11:31:14 ET
Table 'Valeska II' 10-max Seat #5 is the button
Seat 5: ct-650 ($150 in chips)
Seat 7: Tnz204 ($120 in chips)
ct-650: posts small blind $1
Tnz204: posts big blind $3
*** HOLE CARDS ***
ct-650: raises $3 to $6
Tnz204: calls $3
*** FLOP *** [Kc 3s 7s]
Tnz204: checks
ct-650: bets $3
Tnz204: calls $3
*** TURN *** [Kc 3s 7s] [4h]
Tnz204: checks
ct-650: bets $6
Tnz204: calls $6
*** RIVER *** [Kc 3s 7s 4h] [2c]
Tnz204: checks
ct-650: bets $6
Tnz204: calls $6
*** SHOW DOWN ***
ct-650: shows [7c 8c] (a pair of Sevens)
Tnz204: mucks hand
ct-650 collected $41.50 from pot
*** SUMMARY ***
Total pot $42 | Rake $0.50
Board [Kc 3s 7s 4h 2c]
Seat 5: ct-650 (button) (small blind) showed [7c 8c] and won ($41.50) with a pair of Sevens
Seat 7: Tnz204 (big blind) mucked


PokerStars Hand #151951120179:  Hold'em Limit ($3/$6 USD) - 2016/04/15 11:32:57 ET
Table 'Valeska II' 10-max Seat #5 is the button
Seat 5: ct-650 ($216.14 in chips)
Seat 7: Tnz204 ($83.06 in chips)
ct-650: posts small blind $1
Tnz204: posts big blind $3
*** HOLE CARDS ***
ct-650: raises $3 to $6
Tnz204: raises $3 to $9
ct-650: calls $3
*** FLOP *** [5d Qd 9d]
Tnz204: bets $3
ct-650: calls $3
*** TURN *** [5d Qd 9d] [Qh]
Tnz204: bets $6
ct-650: folds
Uncalled bet ($6) returned to Tnz204
Tnz204 collected $23.52 from pot
*** SUMMARY ***
Total pot $24 | Rake $0.48
Board [5d Qd 9d Qh]
Seat 5: ct-650 (button) (small blind) folded on the Turn
Seat 7: Tnz204 (big blind) collected ($23.52)


PokerStars Hand #151951116813:  Hold'em Limit ($3/$6 USD) - 2016/04/15 11:32:52 ET
Table 'Valeska II' 10-max Seat #7 is the button
Seat 5: ct-650 ($219.14 in chips)
Seat 7: Tnz204 ($80.06 in chips)
Tnz204: posts small blind $1
ct-650: posts big blind $3
*** HOLE CARDS ***
l3shiy86 joins the table at seat #4
Tnz204: raises $3 to $6
ct-650: folds
Uncalled bet ($3) returned to Tnz204
Tnz204 collected $6 from pot
*** SUMMARY ***
Total pot $6 | Rake $0
Seat 5: ct-650 (big blind) folded before Flop
Seat 7: Tnz204 (button) (small blind) collected ($6)


PokerStars Hand #151951113367:  Hold'em Limit ($3/$6 USD) - 2016/04/15 11:32:47 ET
Table 'Valeska II' 10-max Seat #5 is the button
Seat 5: ct-650 ($220.14 in chips)
Seat 7: Tnz204 ($48 in chips)
ct-650: posts small blind $1
Tnz204: posts big blind $3
*** HOLE CARDS ***
ct-650: folds
Uncalled bet ($2) returned to Tnz204
Tnz204 collected $2 from pot
*** SUMMARY ***
Total pot $2 | Rake $0
Seat 5: ct-650 (button) (small blind) folded before Flop
Seat 7: Tnz204 (big blind) collected ($2)


PokerStars Hand #151951103950:  Hold'em Limit ($3/$6 USD) - 2016/04/15 11:32:33 ET
Table 'Valeska II' 10-max Seat #7 is the button
Seat 5: ct-650 ($196.64 in chips)
Seat 7: Tnz204 ($72 in chips)
Tnz204: posts small blind $1
ct-650: posts big blind $3
*** HOLE CARDS ***
Tnz204: raises $3 to $6
ct-650: calls $3
*** FLOP *** [3h 5h Tc]
ct-650: checks
Tnz204: bets $3
ct-650: raises $3 to $6
Tnz204: calls $3
*** TURN *** [3h 5h Tc] [Ts]
ct-650: bets $6
Tnz204: calls $6
*** RIVER *** [3h 5h Tc Ts] [2c]
ct-650: bets $6
Tnz204: calls $6
*** SHOW DOWN ***
ct-650: shows [5s Qs] (two pair, Tens and Fives)
Tnz204: mucks hand
ct-650 collected $47.50 from pot
*** SUMMARY ***
Total pot $48 | Rake $0.50
Board [3h 5h Tc Ts 2c]
Seat 5: ct-650 (big blind) showed [5s Qs] and won ($47.50) with two pair, Tens and Fives
Seat 7: Tnz204 (button) (small blind) mucked


PokerStars Hand #151951094337:  Hold'em Limit ($3/$6 USD) - 2016/04/15 11:32:20 ET
Table 'Valeska II' 10-max Seat #5 is the button
Seat 5: ct-650 ($179.14 in chips)
Seat 7: Tnz204 ($90 in chips)
ct-650: posts small blind $1
Tnz204: posts big blind $3
*** HOLE CARDS ***
ct-650: raises $3 to $6
Tnz204: calls $3
*** FLOP *** [3d Ah Tc]
Tnz204: checks
ct-650: bets $3
Tnz204: raises $3 to $6
ct-650: calls $3
*** TURN *** [3d Ah Tc] [3h]
Tnz204: checks
ct-650: checks
*** RIVER *** [3d Ah Tc 3h] [7c]
Tnz204: bets $6
ct-650: calls $6
*** SHOW DOWN ***
Tnz204: shows [7s 9d] (two pair, Sevens and Threes)
ct-650: shows [Ks Th] (two pair, Tens and Threes)
ct-650 collected $35.50 from pot
*** SUMMARY ***
Total pot $36 | Rake $0.50
Board [3d Ah Tc 3h 7c]
Seat 5: ct-650 (button) (small blind) showed [Ks Th] and won ($35.50) with two pair, Tens and Threes
Seat 7: Tnz204 (big blind) showed [7s 9d] and lost with two pair, Sevens and Threes


PokerStars Hand #151955432365:  Hold'em Limit ($3/$6 USD) - 2016/04/15 13:14:14 ET
Table 'Valeska II' 10-max Seat #1 is the button
Seat 1: Agrotait ($100.35 in chips)
Seat 9: derdex ($95.89 in chips)
Vincenzo Vs will be allowed to play after the button
Agrotait: posts small blind $1
derdex: posts big blind $3
*** HOLE CARDS ***
Agrotait: raises $3 to $6
derdex: calls $3
*** FLOP *** [7c 2h 3h]
derdex: checks
Agrotait: checks
*** TURN *** [7c 2h 3h] [8d]
derdex: bets $6
Agrotait: folds
Uncalled bet ($6) returned to derdex
derdex collected $11.76 from pot
derdex: doesn't show hand
*** SUMMARY ***
Total pot $12 | Rake $0.24
Board [7c 2h 3h 8d]
Seat 1: Agrotait (button) (small blind) folded on the Turn
Seat 9: derdex (big blind) collected ($11.76)


PokerStars Hand #151955671341:  Hold'em Limit ($3/$6 USD) - 2016/04/15 13:19:11 ET
Table 'Valeska II' 10-max Seat #10 is the button
Seat 5: ajmaster333 ($27.81 in chips)
Seat 10: Vincenzo Vs ($108.95 in chips)
Vincenzo Vs: posts small blind $1
ajmaster333: posts big blind $3
*** HOLE CARDS ***
Vincenzo Vs: raises $3 to $6
ajmaster333: folds
Uncalled bet ($3) returned to Vincenzo Vs
Vincenzo Vs collected $6 from pot
Vincenzo Vs: doesn't show hand
*** SUMMARY ***
Total pot $6 | Rake $0
Seat 5: ajmaster333 (big blind) folded before Flop
Seat 10: Vincenzo Vs (button) (small blind) collected ($6)


PokerStars Hand #151955654316:  Hold'em Limit ($3/$6 USD) - 2016/04/15 13:18:49 ET
Table 'Valeska II' 10-max Seat #5 is the button
Seat 5: ajmaster333 ($39.81 in chips)
Seat 10: Vincenzo Vs ($97.43 in chips)
ajmaster333: posts small blind $1
derdex: is sitting out
Vincenzo Vs: posts big blind $3
*** HOLE CARDS ***
ajmaster333: raises $3 to $6
derdex leaves the table
Vincenzo Vs: calls $3
*** FLOP *** [Kc 7d Kd]
Vincenzo Vs: checks
ajmaster333: bets $3
Vincenzo Vs: raises $3 to $6
ajmaster333: calls $3
*** TURN *** [Kc 7d Kd] [Ah]
Vincenzo Vs: bets $6
ajmaster333: folds
Uncalled bet ($6) returned to Vincenzo Vs
Vincenzo Vs collected $23.52 from pot
Vincenzo Vs: doesn't show hand
*** SUMMARY ***
Total pot $24 | Rake $0.48
Board [Kc 7d Kd Ah]
Seat 5: ajmaster333 (button) (small blind) folded on the Turn
Seat 10: Vincenzo Vs (big blind) collected ($23.52)


PokerStars Hand #151955676944:  Hold'em Limit ($3/$6 USD) - 2016/04/15 13:19:18 ET
Table 'Valeska II' 10-max Seat #5 is the button
Seat 5: ajmaster333 ($24.81 in chips)
Seat 10: Vincenzo Vs ($111.95 in chips)
ajmaster333: posts small blind $1
Vincenzo Vs: posts big blind $3
*** HOLE CARDS ***
ajmaster333: raises $3 to $6
Vincenzo Vs: calls $3
*** FLOP *** [Qc 6h 4d]
Vincenzo Vs: checks
ajmaster333: bets $3
HKH77 leaves the table
Vincenzo Vs: folds
Uncalled bet ($3) returned to ajmaster333
ajmaster333 collected $11.76 from pot
ajmaster333: doesn't show hand
*** SUMMARY ***
Total pot $12 | Rake $0.24
Board [Qc 6h 4d]
Seat 5: ajmaster333 (button) (small blind) collected ($11.76)
Seat 10: Vincenzo Vs (big blind) folded on the Flop


PokerStars Hand #151955707521:  Hold'em Limit ($3/$6 USD) - 2016/04/15 13:19:58 ET
Table 'Valeska II' 10-max Seat #10 is the button
Seat 5: ajmaster333 ($30.57 in chips)
Seat 10: Vincenzo Vs ($105.95 in chips)
Vincenzo Vs: posts small blind $1
ajmaster333: posts big blind $3
*** HOLE CARDS ***
Vincenzo Vs: folds
Uncalled bet ($2) returned to ajmaster333
ajmaster333 collected $2 from pot
ajmaster333: doesn't show hand
*** SUMMARY ***
Total pot $2 | Rake $0
Seat 5: ajmaster333 (big blind) collected ($2)
Seat 10: Vincenzo Vs (button) (small blind) folded before Flop


PokerStars Hand #151956776111:  Hold'em Limit ($3/$6 USD) - 2016/04/15 13:43:00 ET
Table 'Valeska II' 10-max Seat #1 is the button
Seat 1: agentbond007 ($131.52 in chips)
Seat 5: ct-650 ($138 in chips)
agentbond007: posts small blind $1
ct-650: posts big blind $3
*** HOLE CARDS ***
agentbond007: raises $3 to $6
ct-650: raises $3 to $9
agentbond007: calls $3
*** FLOP *** [2h Tc Ad]
ct-650: bets $3
agentbond007: calls $3
*** TURN *** [2h Tc Ad] [3s]
ct-650: bets $6
agentbond007: calls $6
*** RIVER *** [2h Tc Ad 3s] [5s]
ct-650: bets $6
agentbond007: raises $6 to $12
ct-650: calls $6
*** SHOW DOWN ***
agentbond007: shows [4s Ks] (a straight, Ace to Five)
ct-650: mucks hand
agentbond007 collected $59.50 from pot
*** SUMMARY ***
Total pot $60 | Rake $0.50
Board [2h Tc Ad 3s 5s]
Seat 1: agentbond007 (button) (small blind) showed [4s Ks] and won ($59.50) with a straight, Ace to Five
Seat 5: ct-650 (big blind) mucked


PokerStars Hand #151956790499:  Hold'em Limit ($3/$6 USD) - 2016/04/15 13:43:19 ET
Table 'Valeska II' 10-max Seat #5 is the button
Seat 1: agentbond007 ($161.02 in chips)
Seat 5: ct-650 ($108 in chips)
ct-650: posts small blind $1
agentbond007: posts big blind $3
*** HOLE CARDS ***
ct-650: raises $3 to $6
agentbond007: raises $3 to $9
ct-650: calls $3
*** FLOP *** [Ah Kd 5s]
agentbond007: bets $3
ct-650: calls $3
*** TURN *** [Ah Kd 5s] [9h]
agentbond007: checks
ct-650: bets $6
agentbond007: raises $6 to $12
ct-650: calls $6
*** RIVER *** [Ah Kd 5s 9h] [Jd]
agentbond007: bets $6
ct-650: calls $6
*** SHOW DOWN ***
agentbond007: shows [Ad Qs] (a pair of Aces)
ct-650: shows [Qc Ac] (a pair of Aces)
agentbond007 collected $29.75 from pot
ct-650 collected $29.75 from pot
*** SUMMARY ***
Total pot $60 | Rake $0.50
Board [Ah Kd 5s 9h Jd]
Seat 1: agentbond007 (big blind) showed [Ad Qs] and won ($29.75) with a pair of Aces
Seat 5: ct-650 (button) (small blind) showed [Qc Ac] and won ($29.75) with a pair of Aces


PokerStars Hand #151957283603:  Hold'em Limit ($3/$6 USD) - 2016/04/15 13:54:04 ET
Table 'Valeska II' 10-max Seat #5 is the button
Seat 5: ct-650 ($108.75 in chips)
Seat 6: shalomrum ($29 in chips)
ct-650: posts small blind $1
shalomrum: posts big blind $3
*** HOLE CARDS ***
ct-650: raises $3 to $6
shalomrum: calls $3
*** FLOP *** [8h Jc 7d]
shalomrum: checks
ct-650: bets $3
shalomrum: calls $3
*** TURN *** [8h Jc 7d] [5c]
shalomrum: checks
ct-650: bets $6
13_forza_13 joins the table at seat #10
Minwu joins the table at seat #3
shalomrum: folds
Uncalled bet ($6) returned to ct-650
ct-650 collected $17.64 from pot
*** SUMMARY ***
Total pot $18 | Rake $0.36
Board [8h Jc 7d 5c]
Seat 5: ct-650 (button) (small blind) collected ($17.64)
Seat 6: shalomrum (big blind) folded on the Turn


PokerStars Hand #151969671308:  Hold'em Limit ($3/$6 USD) - 2016/04/15 17:58:06 ET
Table 'Valeska II' 10-max Seat #1 is the button
Seat 1: Chessnok ($86.39 in chips)
Seat 3: Yuriy Ceza11 ($125.60 in chips)
Chessnok: posts small blind $1
Yuriy Ceza11: posts big blind $3
*** HOLE CARDS ***
De_Gaffer leaves the table
Chessnok: folds
Uncalled bet ($2) returned to Yuriy Ceza11
Yuriy Ceza11 collected $2 from pot
*** SUMMARY ***
Total pot $2 | Rake $0
Seat 1: Chessnok (button) (small blind) folded before Flop
Seat 3: Yuriy Ceza11 (big blind) collected ($2)


