PokerStars Hand #149652282880:  Hold'em Limit ($3/$6 USD) - 2016/03/01 1:48:00 ET
Table 'Valentine' 6-max Seat #4 is the button
Seat 3: tweemeterzes ($119 in chips)
Seat 4: MTails ($121 in chips)
MTails: posts small blind $1
tweemeterzes: posts big blind $3
*** HOLE CARDS ***
MTails: folds
Uncalled bet ($2) returned to tweemeterzes
tweemeterzes collected $2 from pot
tweemeterzes: doesn't show hand
*** SUMMARY ***
Total pot $2 | Rake $0
Seat 3: tweemeterzes (big blind) collected ($2)
Seat 4: MTails (button) (small blind) folded before Flop


PokerStars Hand #149652280905:  Hold'em Limit ($3/$6 USD) - 2016/03/01 1:47:52 ET
Table 'Valentine' 6-max Seat #3 is the button
Seat 3: tweemeterzes ($120 in chips)
Seat 4: MTails ($120 in chips)
tweemeterzes: posts small blind $1
MTails: posts big blind $3
*** HOLE CARDS ***
tweemeterzes: folds
Uncalled bet ($2) returned to MTails
MTails collected $2 from pot
*** SUMMARY ***
Total pot $2 | Rake $0
Seat 3: tweemeterzes (button) (small blind) folded before Flop
Seat 4: MTails (big blind) collected ($2)


PokerStars Hand #149652294178:  Hold'em Limit ($3/$6 USD) - 2016/03/01 1:48:42 ET
Table 'Valentine' 6-max Seat #4 is the button
Seat 3: tweemeterzes ($114 in chips)
Seat 4: MTails ($125.76 in chips)
MTails: posts small blind $1
tweemeterzes: posts big blind $3
*** HOLE CARDS ***
MTails: raises $3 to $6
tweemeterzes: calls $3
*** FLOP *** [2d 6h 6s]
tweemeterzes: checks
MTails: bets $3
tweemeterzes: raises $3 to $6
MTails: calls $3
*** TURN *** [2d 6h 6s] [6c]
tweemeterzes: checks
MTails: bets $6
tweemeterzes: calls $6
*** RIVER *** [2d 6h 6s 6c] [Qh]
tweemeterzes: bets $6
MTails: calls $6
*** SHOW DOWN ***
tweemeterzes: shows [Qs Td] (a full house, Sixes full of Queens)
MTails: mucks hand
tweemeterzes collected $47.50 from pot
*** SUMMARY ***
Total pot $48 | Rake $0.50
Board [2d 6h 6s 6c Qh]
Seat 3: tweemeterzes (big blind) showed [Qs Td] and won ($47.50) with a full house, Sixes full of Queens
Seat 4: MTails (button) (small blind) mucked


PokerStars Hand #149652289639:  Hold'em Limit ($3/$6 USD) - 2016/03/01 1:48:25 ET
Table 'Valentine' 6-max Seat #3 is the button
Seat 3: tweemeterzes ($120 in chips)
Seat 4: MTails ($120 in chips)
tweemeterzes: posts small blind $1
MTails: posts big blind $3
*** HOLE CARDS ***
tweemeterzes: calls $2
MTails: raises $3 to $6
tweemeterzes: calls $3
*** FLOP *** [Kh 4d 6c]
MTails: bets $3
tweemeterzes: folds
Uncalled bet ($3) returned to MTails
MTails collected $11.76 from pot
*** SUMMARY ***
Total pot $12 | Rake $0.24
Board [Kh 4d 6c]
Seat 3: tweemeterzes (button) (small blind) folded on the Flop
Seat 4: MTails (big blind) collected ($11.76)


PokerStars Hand #149652287951:  Hold'em Limit ($3/$6 USD) - 2016/03/01 1:48:19 ET
Table 'Valentine' 6-max Seat #4 is the button
Seat 3: tweemeterzes ($123 in chips)
Seat 4: MTails ($117 in chips)
MTails: posts small blind $1
tweemeterzes: posts big blind $3
*** HOLE CARDS ***
MTails: raises $3 to $6
tweemeterzes: folds
Uncalled bet ($3) returned to MTails
MTails collected $6 from pot
*** SUMMARY ***
Total pot $6 | Rake $0
Seat 3: tweemeterzes (big blind) folded before Flop
Seat 4: MTails (button) (small blind) collected ($6)


PokerStars Hand #149652284357:  Hold'em Limit ($3/$6 USD) - 2016/03/01 1:48:05 ET
Table 'Valentine' 6-max Seat #3 is the button
Seat 3: tweemeterzes ($120 in chips)
Seat 4: MTails ($120 in chips)
tweemeterzes: posts small blind $1
MTails: posts big blind $3
*** HOLE CARDS ***
tweemeterzes: raises $3 to $6
MTails: folds
Uncalled bet ($3) returned to tweemeterzes
tweemeterzes collected $6 from pot
tweemeterzes: doesn't show hand
*** SUMMARY ***
Total pot $6 | Rake $0
Seat 3: tweemeterzes (button) (small blind) collected ($6)
Seat 4: MTails (big blind) folded before Flop


PokerStars Hand #149652301369:  Hold'em Limit ($3/$6 USD) - 2016/03/01 1:49:08 ET
Table 'Valentine' 6-max Seat #3 is the button
Seat 3: tweemeterzes ($137.50 in chips)
Seat 4: MTails ($101.76 in chips)
tweemeterzes: posts small blind $1
MTails: posts big blind $3
*** HOLE CARDS ***
tweemeterzes: calls $2
HAOYUN88888 joins the table at seat #6
MTails: raises $3 to $6
tweemeterzes: calls $3
*** FLOP *** [9d Tc 7h]
MTails: bets $3
Agrotait joins the table at seat #1
tweemeterzes: raises $3 to $6
MTails: calls $3
*** TURN *** [9d Tc 7h] [9h]
MTails: checks
tweemeterzes: bets $6
MTails: raises $6 to $12
tweemeterzes: raises $6 to $18
MTails: calls $6
*** RIVER *** [9d Tc 7h 9h] [3d]
MTails: checks
tweemeterzes: bets $6
MTails: calls $6
*** SHOW DOWN ***
tweemeterzes: shows [9s Qc] (three of a kind, Nines)
MTails: mucks hand
tweemeterzes collected $71.50 from pot
*** SUMMARY ***
Total pot $72 | Rake $0.50
Board [9d Tc 7h 9h 3d]
Seat 3: tweemeterzes (button) (small blind) showed [9s Qc] and won ($71.50) with three of a kind, Nines
Seat 4: MTails (big blind) mucked


PokerStars Hand #149654408154:  Hold'em Limit ($3/$6 USD) - 2016/03/01 3:45:38 ET
Table 'Valentine' 6-max Seat #2 is the button
Seat 2: Chefred ($165.72 in chips)
Seat 4: hubschi ($339.20 in chips)
Chefred: posts small blind $1
hubschi: posts big blind $3
*** HOLE CARDS ***
Chefred: folds
Uncalled bet ($2) returned to hubschi
hubschi collected $2 from pot
hubschi: doesn't show hand
*** SUMMARY ***
Total pot $2 | Rake $0
Seat 2: Chefred (button) (small blind) folded before Flop
Seat 4: hubschi (big blind) collected ($2)


PokerStars Hand #149654399588:  Hold'em Limit ($3/$6 USD) - 2016/03/01 3:45:13 ET
Table 'Valentine' 6-max Seat #4 is the button
Seat 2: Chefred ($183.72 in chips)
Seat 4: hubschi ($321.70 in chips)
hubschi: posts small blind $1
plummgg: is sitting out
Chefred: posts big blind $3
*** HOLE CARDS ***
hubschi: calls $2
plummgg leaves the table
Chefred: checks
*** FLOP *** [5d Kd Js]
Chefred: bets $3
hubschi: calls $3
*** TURN *** [5d Kd Js] [4h]
Chefred: bets $6
hubschi: calls $6
*** RIVER *** [5d Kd Js 4h] [Th]
Chefred: bets $6
hubschi: calls $6
*** SHOW DOWN ***
Chefred: shows [3d Qd] (high card King)
hubschi: shows [8d Ks] (a pair of Kings)
hubschi collected $35.50 from pot
*** SUMMARY ***
Total pot $36 | Rake $0.50
Board [5d Kd Js 4h Th]
Seat 2: Chefred (big blind) showed [3d Qd] and lost with high card King
Seat 4: hubschi (button) (small blind) showed [8d Ks] and won ($35.50) with a pair of Kings


PokerStars Hand #149655209935:  Hold'em Limit ($3/$6 USD) - 2016/03/01 4:22:35 ET
Table 'Valentine' 6-max Seat #2 is the button
Seat 2: Chefred ($179.42 in chips)
Seat 4: Hi Im Alexey ($85.37 in chips)
Chefred: posts small blind $1
Hi Im Alexey: posts big blind $3
*** HOLE CARDS ***
Chefred: raises $3 to $6
Hi Im Alexey: folds
Uncalled bet ($3) returned to Chefred
Chefred collected $6 from pot
Chefred: doesn't show hand
*** SUMMARY ***
Total pot $6 | Rake $0
Seat 2: Chefred (button) (small blind) collected ($6)
Seat 4: Hi Im Alexey (big blind) folded before Flop


PokerStars Hand #149655205928:  Hold'em Limit ($3/$6 USD) - 2016/03/01 4:22:25 ET
Table 'Valentine' 6-max Seat #4 is the button
Seat 2: Chefred ($178.42 in chips)
Seat 4: Hi Im Alexey ($86.37 in chips)
Hi Im Alexey: posts small blind $1
HAOYUN88888 was removed from the table for failing to post
kolaz03: is sitting out
Chefred: posts big blind $3
*** HOLE CARDS ***
kolaz03 leaves the table
Hi Im Alexey: folds
Uncalled bet ($2) returned to Chefred
Chefred collected $2 from pot
Chefred: doesn't show hand
*** SUMMARY ***
Total pot $2 | Rake $0
Seat 2: Chefred (big blind) collected ($2)
Seat 4: Hi Im Alexey (button) (small blind) folded before Flop


PokerStars Hand #149655241255:  Hold'em Limit ($3/$6 USD) - 2016/03/01 4:23:57 ET
Table 'Valentine' 6-max Seat #4 is the button
Seat 2: Chefred ($178.92 in chips)
Seat 4: Hi Im Alexey ($84.87 in chips)
Hi Im Alexey: posts small blind $1
Chefred: posts big blind $3
*** HOLE CARDS ***
Hi Im Alexey: raises $3 to $6
Chefred: calls $3
*** FLOP *** [Qh Qd 9s]
Chefred: checks
Hi Im Alexey: bets $3
Chefred: folds
Uncalled bet ($3) returned to Hi Im Alexey
Hi Im Alexey collected $11.76 from pot
*** SUMMARY ***
Total pot $12 | Rake $0.24
Board [Qh Qd 9s]
Seat 2: Chefred (big blind) folded on the Flop
Seat 4: Hi Im Alexey (button) (small blind) collected ($11.76)


PokerStars Hand #149655232288:  Hold'em Limit ($3/$6 USD) - 2016/03/01 4:23:34 ET
Table 'Valentine' 6-max Seat #2 is the button
Seat 2: Chefred ($155.42 in chips)
Seat 4: Hi Im Alexey ($108.87 in chips)
Chefred: posts small blind $1
Hi Im Alexey: posts big blind $3
*** HOLE CARDS ***
Chefred: raises $3 to $6
Hi Im Alexey: raises $3 to $9
Chefred: calls $3
*** FLOP *** [Tc 5s Ks]
Hi Im Alexey: bets $3
Chefred: calls $3
*** TURN *** [Tc 5s Ks] [7c]
Hi Im Alexey: bets $6
Chefred: calls $6
*** RIVER *** [Tc 5s Ks 7c] [Qs]
Hi Im Alexey: checks
Chefred: bets $6
Hi Im Alexey: calls $6
*** SHOW DOWN ***
Chefred: shows [Kd 9h] (a pair of Kings)
Hi Im Alexey: mucks hand
Chefred collected $47.50 from pot
*** SUMMARY ***
Total pot $48 | Rake $0.50
Board [Tc 5s Ks 7c Qs]
Seat 2: Chefred (button) (small blind) showed [Kd 9h] and won ($47.50) with a pair of Kings
Seat 4: Hi Im Alexey (big blind) mucked


PokerStars Hand #149655215938:  Hold'em Limit ($3/$6 USD) - 2016/03/01 4:22:51 ET
Table 'Valentine' 6-max Seat #4 is the button
Seat 2: Chefred ($182.42 in chips)
Seat 4: Hi Im Alexey ($82.37 in chips)
Hi Im Alexey: posts small blind $1
Chefred: posts big blind $3
*** HOLE CARDS ***
Hi Im Alexey: raises $3 to $6
Chefred: raises $3 to $9
Hi Im Alexey: raises $3 to $12
Betting is capped
Chefred: calls $3
*** FLOP *** [8c 3c 2s]
Chefred: checks
Hi Im Alexey: bets $3
Chefred: calls $3
*** TURN *** [8c 3c 2s] [4d]
Chefred: checks
Hi Im Alexey: bets $6
Chefred: calls $6
*** RIVER *** [8c 3c 2s 4d] [6h]
Chefred: checks
Hi Im Alexey: bets $6
Chefred: calls $6
*** SHOW DOWN ***
Hi Im Alexey: shows [Kd Ad] (high card Ace)
Chefred: mucks hand
Hi Im Alexey collected $53.50 from pot
*** SUMMARY ***
Total pot $54 | Rake $0.50
Board [8c 3c 2s 4d 6h]
Seat 2: Chefred (big blind) mucked
Seat 4: Hi Im Alexey (button) (small blind) showed [Kd Ad] and won ($53.50) with high card Ace


PokerStars Hand #149655259905:  Hold'em Limit ($3/$6 USD) - 2016/03/01 4:24:46 ET
Table 'Valentine' 6-max Seat #4 is the button
Seat 2: Chefred ($187.42 in chips)
Seat 4: Hi Im Alexey ($75.63 in chips)
Hi Im Alexey: posts small blind $1
Chefred: posts big blind $3
*** HOLE CARDS ***
Hi Im Alexey: raises $3 to $6
Chefred: calls $3
*** FLOP *** [Kh 2h 7s]
Chefred: checks
Hi Im Alexey: bets $3
Chefred: calls $3
*** TURN *** [Kh 2h 7s] [3s]
Chefred: checks
Hi Im Alexey: bets $6
Chefred: calls $6
*** RIVER *** [Kh 2h 7s 3s] [9d]
Chefred: checks
Hi Im Alexey: checks
*** SHOW DOWN ***
Chefred: shows [7c Th] (a pair of Sevens)
Hi Im Alexey: mucks hand
Chefred collected $29.50 from pot
*** SUMMARY ***
Total pot $30 | Rake $0.50
Board [Kh 2h 7s 3s 9d]
Seat 2: Chefred (big blind) showed [7c Th] and won ($29.50) with a pair of Sevens
Seat 4: Hi Im Alexey (button) (small blind) mucked


PokerStars Hand #149655246520:  Hold'em Limit ($3/$6 USD) - 2016/03/01 4:24:11 ET
Table 'Valentine' 6-max Seat #2 is the button
Seat 2: Chefred ($172.92 in chips)
Seat 4: Hi Im Alexey ($90.63 in chips)
Chefred: posts small blind $1
Hi Im Alexey: posts big blind $3
*** HOLE CARDS ***
Chefred: raises $3 to $6
Hi Im Alexey: calls $3
*** FLOP *** [Ad As Jh]
Hi Im Alexey: checks
Chefred: bets $3
Hi Im Alexey: calls $3
*** TURN *** [Ad As Jh] [7c]
Hi Im Alexey: checks
Chefred: checks
*** RIVER *** [Ad As Jh 7c] [2s]
Hi Im Alexey: checks
Chefred: bets $6
Hi Im Alexey: calls $6
*** SHOW DOWN ***
Chefred: shows [Js 5s] (two pair, Aces and Jacks)
Hi Im Alexey: mucks hand
Chefred collected $29.50 from pot
*** SUMMARY ***
Total pot $30 | Rake $0.50
Board [Ad As Jh 7c 2s]
Seat 2: Chefred (button) (small blind) showed [Js 5s] and won ($29.50) with two pair, Aces and Jacks
Seat 4: Hi Im Alexey (big blind) mucked


PokerStars Hand #149655295811:  Hold'em Limit ($3/$6 USD) - 2016/03/01 4:26:18 ET
Table 'Valentine' 6-max Seat #2 is the button
Seat 2: Chefred ($210.42 in chips)
Seat 4: Hi Im Alexey ($72 in chips)
Chefred: posts small blind $1
Hi Im Alexey: posts big blind $3
*** HOLE CARDS ***
Chefred: raises $3 to $6
Hi Im Alexey: folds
Uncalled bet ($3) returned to Chefred
Chefred collected $6 from pot
Chefred: doesn't show hand
*** SUMMARY ***
Total pot $6 | Rake $0
Seat 2: Chefred (button) (small blind) collected ($6)
Seat 4: Hi Im Alexey (big blind) folded before Flop


PokerStars Hand #149655283891:  Hold'em Limit ($3/$6 USD) - 2016/03/01 4:25:48 ET
Table 'Valentine' 6-max Seat #4 is the button
Seat 2: Chefred ($186.92 in chips)
Seat 4: Hi Im Alexey ($86.50 in chips)
Hi Im Alexey: posts small blind $1
Chefred: posts big blind $3
*** HOLE CARDS ***
Hi Im Alexey: raises $3 to $6
Chefred: calls $3
*** FLOP *** [Tc 7c Td]
Chefred: checks
Hi Im Alexey: bets $3
Chefred: raises $3 to $6
Hi Im Alexey: calls $3
*** TURN *** [Tc 7c Td] [9d]
Chefred: bets $6
Hi Im Alexey: calls $6
*** RIVER *** [Tc 7c Td 9d] [5c]
Chefred: bets $6
Hi Im Alexey: calls $6
*** SHOW DOWN ***
Chefred: shows [9h Ts] (a full house, Tens full of Nines)
Hi Im Alexey: mucks hand
Chefred collected $47.50 from pot
*** SUMMARY ***
Total pot $48 | Rake $0.50
Board [Tc 7c Td 9d 5c]
Seat 2: Chefred (big blind) showed [9h Ts] and won ($47.50) with a full house, Tens full of Nines
Seat 4: Hi Im Alexey (button) (small blind) mucked


PokerStars Hand #149655273760:  Hold'em Limit ($3/$6 USD) - 2016/03/01 4:25:22 ET
Table 'Valentine' 6-max Seat #2 is the button
Seat 2: Chefred ($201.92 in chips)
Seat 4: Hi Im Alexey ($72 in chips)
Chefred: posts small blind $1
Hi Im Alexey: posts big blind $3
*** HOLE CARDS ***
Chefred: raises $3 to $6
Hi Im Alexey: raises $3 to $9
Chefred: calls $3
*** FLOP *** [5h Kc Qs]
Hi Im Alexey: bets $3
Chefred: raises $3 to $6
Hi Im Alexey: calls $3
*** TURN *** [5h Kc Qs] [7c]
Hi Im Alexey: checks
Chefred: checks
*** RIVER *** [5h Kc Qs 7c] [8h]
Hi Im Alexey: bets $6
Chefred: folds
Uncalled bet ($6) returned to Hi Im Alexey
Hi Im Alexey collected $29.50 from pot
*** SUMMARY ***
Total pot $30 | Rake $0.50
Board [5h Kc Qs 7c 8h]
Seat 2: Chefred (button) (small blind) folded on the River
Seat 4: Hi Im Alexey (big blind) collected ($29.50)


PokerStars Hand #149655299021:  Hold'em Limit ($3/$6 USD) - 2016/03/01 4:26:27 ET
Table 'Valentine' 6-max Seat #4 is the button
Seat 2: Chefred ($213.42 in chips)
Seat 4: Hi Im Alexey ($72 in chips)
Hi Im Alexey: posts small blind $1
Chefred: posts big blind $3
*** HOLE CARDS ***
Hi Im Alexey: raises $3 to $6
Chefred: calls $3
*** FLOP *** [5c 6d 9h]
Chefred: checks
Hi Im Alexey: bets $3
Chefred: raises $3 to $6
Hi Im Alexey: calls $3
*** TURN *** [5c 6d 9h] [5s]
Chefred: bets $6
Hi Im Alexey: raises $6 to $12
Chefred: raises $6 to $18
Hi Im Alexey: raises $6 to $24
Betting is capped
Chefred: calls $6
*** RIVER *** [5c 6d 9h 5s] [4d]
Chefred: bets $6
Hi Im Alexey: raises $6 to $12
Chefred: calls $6
*** SHOW DOWN ***
Hi Im Alexey: shows [5h 9d] (a full house, Fives full of Nines)
Chefred: mucks hand
Hi Im Alexey collected $95.50 from pot
*** SUMMARY ***
Total pot $96 | Rake $0.50
Board [5c 6d 9h 5s 4d]
Seat 2: Chefred (big blind) mucked
Seat 4: Hi Im Alexey (button) (small blind) showed [5h 9d] and won ($95.50) with a full house, Fives full of Nines


PokerStars Hand #149655933814:  Hold'em Limit ($3/$6 USD) - 2016/03/01 4:52:37 ET
Table 'Valentine' 6-max Seat #6 is the button
Seat 4: Hi Im Alexey ($119.50 in chips)
Seat 6: joop124 ($30 in chips)
joop124: posts small blind $1
Hi Im Alexey: posts big blind $3
*** HOLE CARDS ***
joop124: raises $3 to $6
Hi Im Alexey: calls $3
*** FLOP *** [Js Ah 8s]
Hi Im Alexey: checks
joop124: bets $3
Hi Im Alexey: folds
Uncalled bet ($3) returned to joop124
joop124 collected $11.76 from pot
*** SUMMARY ***
Total pot $12 | Rake $0.24
Board [Js Ah 8s]
Seat 4: Hi Im Alexey (big blind) folded on the Flop
Seat 6: joop124 (button) (small blind) collected ($11.76)


PokerStars Hand #149655941034:  Hold'em Limit ($3/$6 USD) - 2016/03/01 4:52:55 ET
Table 'Valentine' 6-max Seat #4 is the button
Seat 4: Hi Im Alexey ($113.50 in chips)
Seat 6: joop124 ($35.76 in chips)
Hi Im Alexey: posts small blind $1
joop124: posts big blind $3
*** HOLE CARDS ***
Hi Im Alexey: raises $3 to $6
joop124: calls $3
*** FLOP *** [2d 8d 5h]
joop124: checks
Hi Im Alexey: bets $3
joop124: calls $3
*** TURN *** [2d 8d 5h] [As]
joop124: checks
Hi Im Alexey: bets $6
SmellyToes4u joins the table at seat #1
joop124: calls $6
*** RIVER *** [2d 8d 5h As] [3c]
joop124: checks
Hi Im Alexey: checks
*** SHOW DOWN ***
joop124: shows [9h Kd] (high card Ace)
Hi Im Alexey: shows [Td Kc] (high card Ace - King+Ten kicker)
Hi Im Alexey collected $29.50 from pot
*** SUMMARY ***
Total pot $30 | Rake $0.50
Board [2d 8d 5h As 3c]
Seat 4: Hi Im Alexey (button) (small blind) showed [Td Kc] and won ($29.50) with high card Ace
Seat 6: joop124 (big blind) showed [9h Kd] and lost with high card Ace


