PokerStars Hand #156079620291:  Hold'em Limit ($3/$6 USD) - 2016/07/17 9:38:44 ET
Table 'Valeria II' 6-max Seat #3 is the button
Seat 3: YourMother66 ($92.71 in chips)
Seat 6: conkris ($78.89 in chips)
YourMother66: posts small blind $1
conkris: posts big blind $3
*** HOLE CARDS ***
YourMother66: raises $3 to $6
conkris: folds
Uncalled bet ($3) returned to YourMother66
YourMother66 collected $6 from pot
YourMother66: doesn't show hand
*** SUMMARY ***
Total pot $6 | Rake $0
Seat 3: YourMother66 (button) (small blind) collected ($6)
Seat 6: conkris (big blind) folded before Flop


PokerStars Hand #156079765494:  Hold'em Limit ($3/$6 USD) - 2016/07/17 9:42:42 ET
Table 'Valeria II' 6-max Seat #2 is the button
Seat 2: Agrotait ($125 in chips)
Seat 6: conkris ($45.51 in chips)
Agrotait: posts small blind $1
YourMother66: is sitting out
conkris: posts big blind $3
*** HOLE CARDS ***
Agrotait: raises $3 to $6
YourMother66 leaves the table
conkris: raises $3 to $9
Agrotait: calls $3
*** FLOP *** [9c Kh 2s]
conkris: bets $3
Agrotait: calls $3
*** TURN *** [9c Kh 2s] [Kc]
conkris: bets $6
Agrotait: calls $6
*** RIVER *** [9c Kh 2s Kc] [4h]
conkris: bets $6
Agrotait: calls $6
*** SHOW DOWN ***
conkris: shows [9s 8h] (two pair, Kings and Nines)
Agrotait: mucks hand
conkris collected $47.50 from pot
*** SUMMARY ***
Total pot $48 | Rake $0.50
Board [9c Kh 2s Kc 4h]
Seat 2: Agrotait (button) (small blind) mucked
Seat 6: conkris (big blind) showed [9s 8h] and won ($47.50) with two pair, Kings and Nines


PokerStars Hand #156079807753:  Hold'em Limit ($3/$6 USD) - 2016/07/17 9:43:55 ET
Table 'Valeria II' 6-max Seat #6 is the button
Seat 2: Agrotait ($95 in chips)
Seat 6: conkris ($74.65 in chips)
conkris: posts small blind $1
Agrotait: posts big blind $3
*** HOLE CARDS ***
conkris: folds
Uncalled bet ($2) returned to Agrotait
Agrotait collected $2 from pot
Agrotait: doesn't show hand
*** SUMMARY ***
Total pot $2 | Rake $0
Seat 2: Agrotait (big blind) collected ($2)
Seat 6: conkris (button) (small blind) folded before Flop


PokerStars Hand #156079804016:  Hold'em Limit ($3/$6 USD) - 2016/07/17 9:43:49 ET
Table 'Valeria II' 6-max Seat #2 is the button
Seat 2: Agrotait ($92 in chips)
Seat 6: conkris ($77.65 in chips)
Agrotait: posts small blind $1
conkris: posts big blind $3
*** HOLE CARDS ***
Agrotait: raises $3 to $6
conkris: folds
Uncalled bet ($3) returned to Agrotait
Agrotait collected $6 from pot
Agrotait: doesn't show hand
*** SUMMARY ***
Total pot $6 | Rake $0
Seat 2: Agrotait (button) (small blind) collected ($6)
Seat 6: conkris (big blind) folded before Flop


PokerStars Hand #156079788983:  Hold'em Limit ($3/$6 USD) - 2016/07/17 9:43:23 ET
Table 'Valeria II' 6-max Seat #6 is the button
Seat 2: Agrotait ($101 in chips)
Seat 6: conkris ($69.01 in chips)
conkris: posts small blind $1
Agrotait: posts big blind $3
*** HOLE CARDS ***
conkris: calls $2
Agrotait: checks
*** FLOP *** [7d 7h 8c]
Agrotait: checks
conkris: checks
*** TURN *** [7d 7h 8c] [Kd]
Agrotait: bets $6
conkris: calls $6
*** RIVER *** [7d 7h 8c Kd] [2h]
Agrotait: checks
conkris: bets $6
Agrotait: folds
Uncalled bet ($6) returned to conkris
conkris collected $17.64 from pot
conkris: doesn't show hand
*** SUMMARY ***
Total pot $18 | Rake $0.36
Board [7d 7h 8c Kd 2h]
Seat 2: Agrotait (big blind) folded on the River
Seat 6: conkris (button) (small blind) collected ($17.64)


PokerStars Hand #156079810185:  Hold'em Limit ($3/$6 USD) - 2016/07/17 9:43:59 ET
Table 'Valeria II' 6-max Seat #2 is the button
Seat 2: Agrotait ($96 in chips)
Seat 6: conkris ($73.65 in chips)
Agrotait: posts small blind $1
conkris: posts big blind $3
*** HOLE CARDS ***
Agrotait: raises $3 to $6
conkris: calls $3
*** FLOP *** [3h Jd Qs]
conkris: bets $3
Agrotait: raises $3 to $6
conkris: calls $3
*** TURN *** [3h Jd Qs] [Kc]
conkris: bets $6
Agrotait: calls $6
*** RIVER *** [3h Jd Qs Kc] [2c]
conkris: bets $6
Agrotait: calls $6
*** SHOW DOWN ***
conkris: shows [Td Ks] (a pair of Kings)
Agrotait: mucks hand
conkris collected $47.50 from pot
*** SUMMARY ***
Total pot $48 | Rake $0.50
Board [3h Jd Qs Kc 2c]
Seat 2: Agrotait (button) (small blind) mucked
Seat 6: conkris (big blind) showed [Td Ks] and won ($47.50) with a pair of Kings


PokerStars Hand #156079863687:  Hold'em Limit ($3/$6 USD) - 2016/07/17 9:45:32 ET
Table 'Valeria II' 6-max Seat #6 is the button
Seat 2: Agrotait ($71 in chips)
Seat 6: conkris ($118.65 in chips)
conkris: posts small blind $1
Agrotait: posts big blind $3
*** HOLE CARDS ***
conkris: calls $2
Agrotait: checks
*** FLOP *** [Kd 6h 9d]
Agrotait: checks
conkris: bets $3
Agrotait: calls $3
*** TURN *** [Kd 6h 9d] [5h]
Agrotait: checks
conkris: bets $6
Agrotait: folds
Uncalled bet ($6) returned to conkris
conkris collected $11.76 from pot
conkris: doesn't show hand
*** SUMMARY ***
Total pot $12 | Rake $0.24
Board [Kd 6h 9d 5h]
Seat 2: Agrotait (big blind) folded on the Turn
Seat 6: conkris (button) (small blind) collected ($11.76)


PokerStars Hand #156079860603:  Hold'em Limit ($3/$6 USD) - 2016/07/17 9:45:27 ET
Table 'Valeria II' 6-max Seat #2 is the button
Seat 2: Agrotait ($72 in chips)
Seat 6: conkris ($117.65 in chips)
Agrotait: posts small blind $1
conkris: posts big blind $3
*** HOLE CARDS ***
Agrotait: folds
Uncalled bet ($2) returned to conkris
conkris collected $2 from pot
conkris: doesn't show hand
*** SUMMARY ***
Total pot $2 | Rake $0
Seat 2: Agrotait (button) (small blind) folded before Flop
Seat 6: conkris (big blind) collected ($2)


PokerStars Hand #156079857969:  Hold'em Limit ($3/$6 USD) - 2016/07/17 9:45:22 ET
Table 'Valeria II' 6-max Seat #6 is the button
Seat 2: Agrotait ($71 in chips)
Seat 6: conkris ($118.65 in chips)
conkris: posts small blind $1
Agrotait: posts big blind $3
*** HOLE CARDS ***
conkris: folds
Uncalled bet ($2) returned to Agrotait
Agrotait collected $2 from pot
Agrotait: doesn't show hand
*** SUMMARY ***
Total pot $2 | Rake $0
Seat 2: Agrotait (big blind) collected ($2)
Seat 6: conkris (button) (small blind) folded before Flop


PokerStars Hand #156079851119:  Hold'em Limit ($3/$6 USD) - 2016/07/17 9:45:10 ET
Table 'Valeria II' 6-max Seat #2 is the button
Seat 2: Agrotait ($72 in chips)
Seat 6: conkris ($117.65 in chips)
Agrotait: posts small blind $1
conkris: posts big blind $3
*** HOLE CARDS ***
Agrotait: folds
Uncalled bet ($2) returned to conkris
conkris collected $2 from pot
conkris: doesn't show hand
*** SUMMARY ***
Total pot $2 | Rake $0
Seat 2: Agrotait (button) (small blind) folded before Flop
Seat 6: conkris (big blind) collected ($2)


PokerStars Hand #156079823352:  Hold'em Limit ($3/$6 USD) - 2016/07/17 9:44:22 ET
Table 'Valeria II' 6-max Seat #6 is the button
Seat 2: Agrotait ($72 in chips)
Seat 6: conkris ($97.15 in chips)
conkris: posts small blind $1
Agrotait: posts big blind $3
*** HOLE CARDS ***
conkris: calls $2
Agrotait: raises $3 to $6
conkris: calls $3
*** FLOP *** [Ad 4d Ks]
Agrotait: bets $3
conkris: calls $3
*** TURN *** [Ad 4d Ks] [Qd]
Agrotait: checks
conkris: bets $6
Agrotait: calls $6
*** RIVER *** [Ad 4d Ks Qd] [3c]
Agrotait: checks
conkris: bets $6
Agrotait: calls $6
*** SHOW DOWN ***
conkris: shows [Ah 4s] (two pair, Aces and Fours)
Agrotait: mucks hand
conkris collected $41.50 from pot
*** SUMMARY ***
Total pot $42 | Rake $0.50
Board [Ad 4d Ks Qd 3c]
Seat 2: Agrotait (big blind) mucked
Seat 6: conkris (button) (small blind) showed [Ah 4s] and won ($41.50) with two pair, Aces and Fours


PokerStars Hand #156079907129:  Hold'em Limit ($3/$6 USD) - 2016/07/17 9:46:47 ET
Table 'Valeria II' 6-max Seat #2 is the button
Seat 2: Agrotait ($66 in chips)
Seat 6: conkris ($123.17 in chips)
Agrotait: posts small blind $1
conkris: posts big blind $3
*** HOLE CARDS ***
Agrotait: raises $3 to $6
conkris: calls $3
*** FLOP *** [Ah 5h Qs]
conkris: checks
Agrotait: bets $3
conkris: calls $3
*** TURN *** [Ah 5h Qs] [4d]
conkris: checks
Agrotait: checks
*** RIVER *** [Ah 5h Qs 4d] [2s]
conkris: bets $6
Agrotait: folds
Uncalled bet ($6) returned to conkris
conkris collected $17.64 from pot
conkris: doesn't show hand
*** SUMMARY ***
Total pot $18 | Rake $0.36
Board [Ah 5h Qs 4d 2s]
Seat 2: Agrotait (button) (small blind) folded on the River
Seat 6: conkris (big blind) collected ($17.64)


PokerStars Hand #156079904566:  Hold'em Limit ($3/$6 USD) - 2016/07/17 9:46:43 ET
Table 'Valeria II' 6-max Seat #6 is the button
Seat 2: Agrotait ($65 in chips)
Seat 6: conkris ($124.17 in chips)
conkris: posts small blind $1
Agrotait: posts big blind $3
*** HOLE CARDS ***
conkris: folds
Uncalled bet ($2) returned to Agrotait
Agrotait collected $2 from pot
Agrotait: doesn't show hand
*** SUMMARY ***
Total pot $2 | Rake $0
Seat 2: Agrotait (big blind) collected ($2)
Seat 6: conkris (button) (small blind) folded before Flop


PokerStars Hand #156079900138:  Hold'em Limit ($3/$6 USD) - 2016/07/17 9:46:35 ET
Table 'Valeria II' 6-max Seat #2 is the button
Seat 2: Agrotait ($62 in chips)
Seat 6: conkris ($127.17 in chips)
Agrotait: posts small blind $1
conkris: posts big blind $3
*** HOLE CARDS ***
Agrotait: raises $3 to $6
conkris: folds
Uncalled bet ($3) returned to Agrotait
Agrotait collected $6 from pot
Agrotait: doesn't show hand
*** SUMMARY ***
Total pot $6 | Rake $0
Seat 2: Agrotait (button) (small blind) collected ($6)
Seat 6: conkris (big blind) folded before Flop


PokerStars Hand #156079888838:  Hold'em Limit ($3/$6 USD) - 2016/07/17 9:46:16 ET
Table 'Valeria II' 6-max Seat #6 is the button
Seat 2: Agrotait ($68 in chips)
Seat 6: conkris ($121.41 in chips)
conkris: posts small blind $1
Agrotait: posts big blind $3
*** HOLE CARDS ***
conkris: calls $2
Agrotait: checks
*** FLOP *** [Kh 5c Jd]
Agrotait: bets $3
conkris: calls $3
*** TURN *** [Kh 5c Jd] [7c]
Agrotait: checks
conkris: bets $6
Agrotait: folds
Uncalled bet ($6) returned to conkris
conkris collected $11.76 from pot
conkris: doesn't show hand
*** SUMMARY ***
Total pot $12 | Rake $0.24
Board [Kh 5c Jd 7c]
Seat 2: Agrotait (big blind) folded on the Turn
Seat 6: conkris (button) (small blind) collected ($11.76)


PokerStars Hand #156079883478:  Hold'em Limit ($3/$6 USD) - 2016/07/17 9:46:06 ET
Table 'Valeria II' 6-max Seat #2 is the button
Seat 2: Agrotait ($65 in chips)
Seat 6: conkris ($124.41 in chips)
Agrotait: posts small blind $1
conkris: posts big blind $3
*** HOLE CARDS ***
Agrotait: raises $3 to $6
conkris: folds
Uncalled bet ($3) returned to Agrotait
Agrotait collected $6 from pot
Agrotait: doesn't show hand
*** SUMMARY ***
Total pot $6 | Rake $0
Seat 2: Agrotait (button) (small blind) collected ($6)
Seat 6: conkris (big blind) folded before Flop


PokerStars Hand #156079949950:  Hold'em Limit ($3/$6 USD) - 2016/07/17 9:47:38 ET
Table 'Valeria II' 6-max Seat #2 is the button
Seat 2: Agrotait ($80.64 in chips)
Seat 6: conkris ($122.81 in chips)
Agrotait: posts small blind $1
conkris: posts big blind $3
*** HOLE CARDS ***
Agrotait: folds
Uncalled bet ($2) returned to conkris
conkris collected $2 from pot
conkris: doesn't show hand
*** SUMMARY ***
Total pot $2 | Rake $0
Seat 2: Agrotait (button) (small blind) folded before Flop
Seat 6: conkris (big blind) collected ($2)


PokerStars Hand #156079923385:  Hold'em Limit ($3/$6 USD) - 2016/07/17 9:47:08 ET
Table 'Valeria II' 6-max Seat #6 is the button
Seat 2: Agrotait ($72 in chips)
Seat 6: conkris ($131.81 in chips)
conkris: posts small blind $1
Agrotait: posts big blind $3
*** HOLE CARDS ***
conkris: raises $3 to $6
Agrotait: calls $3
*** FLOP *** [5s Qc 2d]
Agrotait: checks
conkris: bets $3
Agrotait: raises $3 to $6
conkris: folds
Uncalled bet ($3) returned to Agrotait
Agrotait collected $17.64 from pot
Agrotait: doesn't show hand
*** SUMMARY ***
Total pot $18 | Rake $0.36
Board [5s Qc 2d]
Seat 2: Agrotait (big blind) collected ($17.64)
Seat 6: conkris (button) (small blind) folded on the Flop


PokerStars Hand #156079953365:  Hold'em Limit ($3/$6 USD) - 2016/07/17 9:47:43 ET
Table 'Valeria II' 6-max Seat #6 is the button
Seat 2: Agrotait ($79.64 in chips)
Seat 6: conkris ($123.81 in chips)
conkris: posts small blind $1
Agrotait: posts big blind $3
*** HOLE CARDS ***
conkris: raises $3 to $6
Agrotait: calls $3
*** FLOP *** [Qs 5c Qc]
Agrotait: checks
conkris: bets $3
Agrotait: calls $3
*** TURN *** [Qs 5c Qc] [2s]
Agrotait: checks
conkris: bets $6
Agrotait: calls $6
*** RIVER *** [Qs 5c Qc 2s] [Qh]
Agrotait: checks
conkris: bets $6
Agrotait: calls $6
*** SHOW DOWN ***
conkris: shows [2c As] (a full house, Queens full of Deuces)
Agrotait: mucks hand
conkris collected $41.50 from pot
*** SUMMARY ***
Total pot $42 | Rake $0.50
Board [Qs 5c Qc 2s Qh]
Seat 2: Agrotait (big blind) mucked
Seat 6: conkris (button) (small blind) showed [2c As] and won ($41.50) with a full house, Queens full of Deuces


PokerStars Hand #156080000412:  Hold'em Limit ($3/$6 USD) - 2016/07/17 9:49:01 ET
Table 'Valeria II' 6-max Seat #2 is the button
Seat 2: Agrotait ($68 in chips)
Seat 6: conkris ($147.95 in chips)
Agrotait: posts small blind $1
conkris: posts big blind $3
*** HOLE CARDS ***
Agrotait: folds
Uncalled bet ($2) returned to conkris
conkris collected $2 from pot
conkris: doesn't show hand
*** SUMMARY ***
Total pot $2 | Rake $0
Seat 2: Agrotait (button) (small blind) folded before Flop
Seat 6: conkris (big blind) collected ($2)


PokerStars Hand #156079990405:  Hold'em Limit ($3/$6 USD) - 2016/07/17 9:48:44 ET
Table 'Valeria II' 6-max Seat #2 is the button
Seat 2: Agrotait ($68 in chips)
Seat 6: conkris ($147.95 in chips)
Agrotait: posts small blind $1
conkris: posts big blind $3
*** HOLE CARDS ***
Agrotait: folds
Uncalled bet ($2) returned to conkris
conkris collected $2 from pot
conkris: doesn't show hand
*** SUMMARY ***
Total pot $2 | Rake $0
Seat 2: Agrotait (button) (small blind) folded before Flop
Seat 6: conkris (big blind) collected ($2)


PokerStars Hand #156079975650:  Hold'em Limit ($3/$6 USD) - 2016/07/17 9:48:18 ET
Table 'Valeria II' 6-max Seat #2 is the button
Seat 2: Agrotait ($76 in chips)
Seat 6: conkris ($140.31 in chips)
Agrotait: posts small blind $1
conkris: posts big blind $3
*** HOLE CARDS ***
Agrotait: raises $3 to $6
conkris: calls $3
*** FLOP *** [Ts 9d Qd]
conkris: checks
Agrotait: bets $3
conkris: calls $3
*** TURN *** [Ts 9d Qd] [Qh]
conkris: checks
Agrotait: checks
*** RIVER *** [Ts 9d Qd Qh] [9s]
conkris: checks
Agrotait: checks
*** SHOW DOWN ***
conkris: shows [Ah 7d] (two pair, Queens and Nines)
Agrotait: mucks hand
conkris collected $17.64 from pot
*** SUMMARY ***
Total pot $18 | Rake $0.36
Board [Ts 9d Qd Qh 9s]
Seat 2: Agrotait (button) (small blind) mucked
Seat 6: conkris (big blind) showed [Ah 7d] and won ($17.64) with two pair, Queens and Nines


PokerStars Hand #156079972835:  Hold'em Limit ($3/$6 USD) - 2016/07/17 9:48:13 ET
Table 'Valeria II' 6-max Seat #6 is the button
Seat 2: Agrotait ($75 in chips)
Seat 6: conkris ($141.31 in chips)
conkris: posts small blind $1
Agrotait: posts big blind $3
*** HOLE CARDS ***
conkris: folds
Uncalled bet ($2) returned to Agrotait
Agrotait collected $2 from pot
Agrotait: doesn't show hand
*** SUMMARY ***
Total pot $2 | Rake $0
Seat 2: Agrotait (big blind) collected ($2)
Seat 6: conkris (button) (small blind) folded before Flop


PokerStars Hand #156079968658:  Hold'em Limit ($3/$6 USD) - 2016/07/17 9:48:07 ET
Table 'Valeria II' 6-max Seat #2 is the button
Seat 2: Agrotait ($72 in chips)
Seat 6: conkris ($144.31 in chips)
Agrotait: posts small blind $1
conkris: posts big blind $3
*** HOLE CARDS ***
Agrotait: raises $3 to $6
conkris: folds
Uncalled bet ($3) returned to Agrotait
Agrotait collected $6 from pot
Agrotait: doesn't show hand
*** SUMMARY ***
Total pot $6 | Rake $0
Seat 2: Agrotait (button) (small blind) collected ($6)
Seat 6: conkris (big blind) folded before Flop


PokerStars Hand #156080026424:  Hold'em Limit ($3/$6 USD) - 2016/07/17 9:49:46 ET
Table 'Valeria II' 6-max Seat #6 is the button
Seat 2: Agrotait ($94.50 in chips)
Seat 6: conkris ($120.95 in chips)
conkris: posts small blind $1
Agrotait: posts big blind $3
*** HOLE CARDS ***
conkris: folds
Uncalled bet ($2) returned to Agrotait
Agrotait collected $2 from pot
Agrotait: doesn't show hand
*** SUMMARY ***
Total pot $2 | Rake $0
Seat 2: Agrotait (big blind) collected ($2)
Seat 6: conkris (button) (small blind) folded before Flop


PokerStars Hand #156080006870:  Hold'em Limit ($3/$6 USD) - 2016/07/17 9:49:12 ET
Table 'Valeria II' 6-max Seat #2 is the button
Seat 2: Agrotait ($68 in chips)
Seat 6: conkris ($147.95 in chips)
Agrotait: posts small blind $1
conkris: posts big blind $3
*** HOLE CARDS ***
Agrotait: raises $3 to $6
conkris: raises $3 to $9
Agrotait: calls $3
*** FLOP *** [5d 4h 8h]
conkris: bets $3
Agrotait: raises $3 to $6
conkris: calls $3
*** TURN *** [5d 4h 8h] [9h]
conkris: checks
Agrotait: bets $6
conkris: calls $6
*** RIVER *** [5d 4h 8h 9h] [4s]
conkris: checks
Agrotait: bets $6
conkris: calls $6
*** SHOW DOWN ***
Agrotait: shows [Tc 5c] (two pair, Fives and Fours)
conkris: mucks hand
Agrotait collected $53.50 from pot
*** SUMMARY ***
Total pot $54 | Rake $0.50
Board [5d 4h 8h 9h 4s]
Seat 2: Agrotait (button) (small blind) showed [Tc 5c] and won ($53.50) with two pair, Fives and Fours
Seat 6: conkris (big blind) mucked


PokerStars Hand #156080003928:  Hold'em Limit ($3/$6 USD) - 2016/07/17 9:49:07 ET
Table 'Valeria II' 6-max Seat #6 is the button
Seat 2: Agrotait ($67 in chips)
Seat 6: conkris ($148.95 in chips)
conkris: posts small blind $1
Agrotait: posts big blind $3
*** HOLE CARDS ***
conkris: folds
Uncalled bet ($2) returned to Agrotait
Agrotait collected $2 from pot
Agrotait: doesn't show hand
*** SUMMARY ***
Total pot $2 | Rake $0
Seat 2: Agrotait (big blind) collected ($2)
Seat 6: conkris (button) (small blind) folded before Flop


PokerStars Hand #156080066021:  Hold'em Limit ($3/$6 USD) - 2016/07/17 9:50:54 ET
Table 'Valeria II' 6-max Seat #2 is the button
Seat 2: Agrotait ($102.26 in chips)
Seat 6: conkris ($112.83 in chips)
Agrotait: posts small blind $1
conkris: posts big blind $3
*** HOLE CARDS ***
Agrotait: raises $3 to $6
conkris: folds
Uncalled bet ($3) returned to Agrotait
Agrotait collected $6 from pot
Agrotait: doesn't show hand
*** SUMMARY ***
Total pot $6 | Rake $0
Seat 2: Agrotait (button) (small blind) collected ($6)
Seat 6: conkris (big blind) folded before Flop


PokerStars Hand #156080055172:  Hold'em Limit ($3/$6 USD) - 2016/07/17 9:50:35 ET
Table 'Valeria II' 6-max Seat #6 is the button
Seat 2: Agrotait ($105.26 in chips)
Seat 6: conkris ($109.95 in chips)
conkris: posts small blind $1
Agrotait: posts big blind $3
*** HOLE CARDS ***
conkris: calls $2
Agrotait: checks
*** FLOP *** [8s Ts 3h]
Agrotait: checks
conkris: bets $3
Agrotait: folds
Uncalled bet ($3) returned to conkris
conkris collected $5.88 from pot
conkris: doesn't show hand
*** SUMMARY ***
Total pot $6 | Rake $0.12
Board [8s Ts 3h]
Seat 2: Agrotait (big blind) folded on the Flop
Seat 6: conkris (button) (small blind) collected ($5.88)


PokerStars Hand #156080051670:  Hold'em Limit ($3/$6 USD) - 2016/07/17 9:50:29 ET
Table 'Valeria II' 6-max Seat #2 is the button
Seat 2: Agrotait ($106.26 in chips)
Seat 6: conkris ($108.95 in chips)
Agrotait: posts small blind $1
conkris: posts big blind $3
*** HOLE CARDS ***
Agrotait: folds
Uncalled bet ($2) returned to conkris
conkris collected $2 from pot
conkris: doesn't show hand
*** SUMMARY ***
Total pot $2 | Rake $0
Seat 2: Agrotait (button) (small blind) folded before Flop
Seat 6: conkris (big blind) collected ($2)


PokerStars Hand #156080049060:  Hold'em Limit ($3/$6 USD) - 2016/07/17 9:50:25 ET
Table 'Valeria II' 6-max Seat #6 is the button
Seat 2: Agrotait ($105.26 in chips)
Seat 6: conkris ($109.95 in chips)
conkris: posts small blind $1
Agrotait: posts big blind $3
*** HOLE CARDS ***
conkris: folds
Uncalled bet ($2) returned to Agrotait
Agrotait collected $2 from pot
Agrotait: doesn't show hand
*** SUMMARY ***
Total pot $2 | Rake $0
Seat 2: Agrotait (big blind) collected ($2)
Seat 6: conkris (button) (small blind) folded before Flop


PokerStars Hand #156080044857:  Hold'em Limit ($3/$6 USD) - 2016/07/17 9:50:17 ET
Table 'Valeria II' 6-max Seat #2 is the button
Seat 2: Agrotait ($102.26 in chips)
Seat 6: conkris ($112.95 in chips)
Agrotait: posts small blind $1
conkris: posts big blind $3
*** HOLE CARDS ***
Agrotait: raises $3 to $6
conkris: folds
Uncalled bet ($3) returned to Agrotait
Agrotait collected $6 from pot
Agrotait: doesn't show hand
*** SUMMARY ***
Total pot $6 | Rake $0
Seat 2: Agrotait (button) (small blind) collected ($6)
Seat 6: conkris (big blind) folded before Flop


PokerStars Hand #156080042277:  Hold'em Limit ($3/$6 USD) - 2016/07/17 9:50:13 ET
Table 'Valeria II' 6-max Seat #6 is the button
Seat 2: Agrotait ($101.26 in chips)
Seat 6: conkris ($113.95 in chips)
conkris: posts small blind $1
Agrotait: posts big blind $3
*** HOLE CARDS ***
conkris: folds
Uncalled bet ($2) returned to Agrotait
Agrotait collected $2 from pot
Agrotait: doesn't show hand
*** SUMMARY ***
Total pot $2 | Rake $0
Seat 2: Agrotait (big blind) collected ($2)
Seat 6: conkris (button) (small blind) folded before Flop


PokerStars Hand #156080029320:  Hold'em Limit ($3/$6 USD) - 2016/07/17 9:49:51 ET
Table 'Valeria II' 6-max Seat #2 is the button
Seat 2: Agrotait ($95.50 in chips)
Seat 6: conkris ($119.95 in chips)
Agrotait: posts small blind $1
conkris: posts big blind $3
*** HOLE CARDS ***
Agrotait: raises $3 to $6
conkris: calls $3
*** FLOP *** [Qd Qh 9s]
conkris: checks
Agrotait: bets $3
conkris: folds
Uncalled bet ($3) returned to Agrotait
Agrotait collected $11.76 from pot
Agrotait: doesn't show hand
*** SUMMARY ***
Total pot $12 | Rake $0.24
Board [Qd Qh 9s]
Seat 2: Agrotait (button) (small blind) collected ($11.76)
Seat 6: conkris (big blind) folded on the Flop


PokerStars Hand #156080070405:  Hold'em Limit ($3/$6 USD) - 2016/07/17 9:51:01 ET
Table 'Valeria II' 6-max Seat #6 is the button
Seat 2: Agrotait ($105.26 in chips)
Seat 6: conkris ($109.83 in chips)
conkris: posts small blind $1
Agrotait: posts big blind $3
*** HOLE CARDS ***
conkris: raises $3 to $6
Agrotait: calls $3
*** FLOP *** [4h 7h Js]
Agrotait: checks
conkris: bets $3
Agrotait: calls $3
*** TURN *** [4h 7h Js] [7d]
Agrotait: checks
conkris: bets $6
Agrotait: raises $6 to $12
conkris: calls $6
*** RIVER *** [4h 7h Js 7d] [8h]
Agrotait: checks
conkris: checks
*** SHOW DOWN ***
Agrotait: shows [6d 4c] (two pair, Sevens and Fours)
conkris: shows [4d As] (two pair, Sevens and Fours - Ace kicker)
conkris collected $41.50 from pot
*** SUMMARY ***
Total pot $42 | Rake $0.50
Board [4h 7h Js 7d 8h]
Seat 2: Agrotait (big blind) showed [6d 4c] and lost with two pair, Sevens and Fours
Seat 6: conkris (button) (small blind) showed [4d As] and won ($41.50) with two pair, Sevens and Fours


PokerStars Hand #156080114367:  Hold'em Limit ($3/$6 USD) - 2016/07/17 9:52:17 ET
Table 'Valeria II' 6-max Seat #2 is the button
Seat 2: Agrotait ($76.26 in chips)
Seat 6: conkris ($137.97 in chips)
Agrotait: posts small blind $1
conkris: posts big blind $3
*** HOLE CARDS ***
Agrotait: raises $3 to $6
conkris: raises $3 to $9
Agrotait: calls $3
*** FLOP *** [6s Ts Tc]
conkris: bets $3
Agrotait: raises $3 to $6
conkris: calls $3
*** TURN *** [6s Ts Tc] [9s]
conkris: checks
Agrotait: bets $6
conkris: calls $6
*** RIVER *** [6s Ts Tc 9s] [Th]
conkris: checks
Agrotait: bets $6
conkris: calls $6
*** SHOW DOWN ***
Agrotait: shows [6d Qc] (a full house, Tens full of Sixes)
conkris: shows [Ad 9c] (a full house, Tens full of Nines)
conkris collected $53.50 from pot
*** SUMMARY ***
Total pot $54 | Rake $0.50
Board [6s Ts Tc 9s Th]
Seat 2: Agrotait (button) (small blind) showed [6d Qc] and lost with a full house, Tens full of Sixes
Seat 6: conkris (big blind) showed [Ad 9c] and won ($53.50) with a full house, Tens full of Nines


PokerStars Hand #156080111791:  Hold'em Limit ($3/$6 USD) - 2016/07/17 9:52:12 ET
Table 'Valeria II' 6-max Seat #6 is the button
Seat 2: Agrotait ($75.26 in chips)
Seat 6: conkris ($138.97 in chips)
conkris: posts small blind $1
Agrotait: posts big blind $3
*** HOLE CARDS ***
conkris: folds
Uncalled bet ($2) returned to Agrotait
Agrotait collected $2 from pot
Agrotait: doesn't show hand
*** SUMMARY ***
Total pot $2 | Rake $0
Seat 2: Agrotait (big blind) collected ($2)
Seat 6: conkris (button) (small blind) folded before Flop


PokerStars Hand #156080097694:  Hold'em Limit ($3/$6 USD) - 2016/07/17 9:51:48 ET
Table 'Valeria II' 6-max Seat #2 is the button
Seat 2: Agrotait ($84.26 in chips)
Seat 6: conkris ($130.33 in chips)
Agrotait: posts small blind $1
conkris: posts big blind $3
*** HOLE CARDS ***
Agrotait: raises $3 to $6
conkris: calls $3
*** FLOP *** [4h 7c Jh]
conkris: bets $3
Agrotait: calls $3
*** TURN *** [4h 7c Jh] [Qs]
conkris: bets $6
Agrotait: folds
Uncalled bet ($6) returned to conkris
conkris collected $17.64 from pot
conkris: doesn't show hand
*** SUMMARY ***
Total pot $18 | Rake $0.36
Board [4h 7c Jh Qs]
Seat 2: Agrotait (button) (small blind) folded on the Turn
Seat 6: conkris (big blind) collected ($17.64)


