PokerStars Hand #170931994001:  Hold'em Limit ($3/$6 USD) - 2017/05/26 6:30:30 ET
Table 'Valeria' 6-max Seat #3 is the button
Seat 3: D Juice11 ($76.67 in chips)
Seat 4: MTails ($120 in chips)
D Juice11: posts small blind $1
MTails: posts big blind $3
*** HOLE CARDS ***
D Juice11: raises $3 to $6
MTails: calls $3
*** FLOP *** [9d 3h 8s]
MTails: checks
D Juice11: bets $3
MTails: raises $3 to $6
D Juice11: raises $3 to $9
MTails: calls $3
*** TURN *** [9d 3h 8s] [3s]
MTails: checks
D Juice11: checks
*** RIVER *** [9d 3h 8s 3s] [7h]
MTails: checks
D Juice11: bets $6
MTails: calls $6
*** SHOW DOWN ***
D Juice11: shows [9s Jc] (two pair, Nines and Threes)
MTails: mucks hand
D Juice11 collected $41.50 from pot
*** SUMMARY ***
Total pot $42 | Rake $0.50
Board [9d 3h 8s 3s 7h]
Seat 3: D Juice11 (button) (small blind) showed [9s Jc] and won ($41.50) with two pair, Nines and Threes
Seat 4: MTails (big blind) mucked


PokerStars Hand #170932022014:  Hold'em Limit ($3/$6 USD) - 2017/05/26 6:31:42 ET
Table 'Valeria' 6-max Seat #4 is the button
Seat 3: D Juice11 ($82.17 in chips)
Seat 4: MTails ($113.40 in chips)
MTails: posts small blind $1
D Juice11: posts big blind $3
*** HOLE CARDS ***
MTails: raises $3 to $6
D Juice11: calls $3
*** FLOP *** [9c 8c 5h]
D Juice11: checks
MTails: bets $3
D Juice11: calls $3
*** TURN *** [9c 8c 5h] [3s]
D Juice11: checks
MTails: checks
*** RIVER *** [9c 8c 5h 3s] [Th]
D Juice11: bets $6
MTails: calls $6
*** SHOW DOWN ***
D Juice11: shows [Jh 5s] (a pair of Fives)
MTails: mucks hand
D Juice11 collected $29.50 from pot
*** SUMMARY ***
Total pot $30 | Rake $0.50
Board [9c 8c 5h 3s Th]
Seat 3: D Juice11 (big blind) showed [Jh 5s] and won ($29.50) with a pair of Fives
Seat 4: MTails (button) (small blind) mucked


PokerStars Hand #170932009776:  Hold'em Limit ($3/$6 USD) - 2017/05/26 6:31:10 ET
Table 'Valeria' 6-max Seat #4 is the button
Seat 3: D Juice11 ($97.17 in chips)
Seat 4: MTails ($99 in chips)
MTails: posts small blind $1
D Juice11: posts big blind $3
*** HOLE CARDS ***
MTails: raises $3 to $6
D Juice11: calls $3
*** FLOP *** [2h Js Qh]
D Juice11: checks
MTails: bets $3
D Juice11: folds
Uncalled bet ($3) returned to MTails
MTails collected $11.76 from pot
*** SUMMARY ***
Total pot $12 | Rake $0.24
Board [2h Js Qh]
Seat 3: D Juice11 (big blind) folded on the Flop
Seat 4: MTails (button) (small blind) collected ($11.76)


PokerStars Hand #170932015361:  Hold'em Limit ($3/$6 USD) - 2017/05/26 6:31:25 ET
Table 'Valeria' 6-max Seat #3 is the button
Seat 3: D Juice11 ($91.17 in chips)
Seat 4: MTails ($104.76 in chips)
D Juice11: posts small blind $1
MTails: posts big blind $3
*** HOLE CARDS ***
D Juice11: raises $3 to $6
MTails: calls $3
*** FLOP *** [Qc 2h Js]
MTails: checks
D Juice11: bets $3
MTails: raises $3 to $6
D Juice11: folds
Uncalled bet ($3) returned to MTails
MTails collected $17.64 from pot
*** SUMMARY ***
Total pot $18 | Rake $0.36
Board [Qc 2h Js]
Seat 3: D Juice11 (button) (small blind) folded on the Flop
Seat 4: MTails (big blind) collected ($17.64)


PokerStars Hand #170932053712:  Hold'em Limit ($3/$6 USD) - 2017/05/26 6:33:03 ET
Table 'Valeria' 6-max Seat #3 is the button
Seat 3: D Juice11 ($87.17 in chips)
Seat 4: MTails ($106.90 in chips)
D Juice11: posts small blind $1
MTails: posts big blind $3
*** HOLE CARDS ***
D Juice11: folds
Uncalled bet ($2) returned to MTails
MTails collected $2 from pot
*** SUMMARY ***
Total pot $2 | Rake $0
Seat 3: D Juice11 (button) (small blind) folded before Flop
Seat 4: MTails (big blind) collected ($2)


PokerStars Hand #170932042272:  Hold'em Limit ($3/$6 USD) - 2017/05/26 6:32:33 ET
Table 'Valeria' 6-max Seat #4 is the button
Seat 3: D Juice11 ($69.67 in chips)
Seat 4: MTails ($124.90 in chips)
MTails: posts small blind $1
D Juice11: posts big blind $3
*** HOLE CARDS ***
MTails: raises $3 to $6
D Juice11: raises $3 to $9
MTails: calls $3
*** FLOP *** [5s 7d 4c]
D Juice11: bets $3
MTails: calls $3
*** TURN *** [5s 7d 4c] [5c]
D Juice11: bets $6
MTails: calls $6
*** RIVER *** [5s 7d 4c 5c] [Ts]
D Juice11: bets $6
MTails: folds
Uncalled bet ($6) returned to D Juice11
D Juice11 collected $35.50 from pot
D Juice11: doesn't show hand
*** SUMMARY ***
Total pot $36 | Rake $0.50
Board [5s 7d 4c 5c Ts]
Seat 3: D Juice11 (big blind) collected ($35.50)
Seat 4: MTails (button) (small blind) folded on the River


PokerStars Hand #170932032993:  Hold'em Limit ($3/$6 USD) - 2017/05/26 6:32:10 ET
Table 'Valeria' 6-max Seat #3 is the button
Seat 3: D Juice11 ($96.67 in chips)
Seat 4: MTails ($98.40 in chips)
D Juice11: posts small blind $1
MTails: posts big blind $3
*** HOLE CARDS ***
D Juice11: calls $2
MTails: raises $3 to $6
D Juice11: calls $3
*** FLOP *** [9h 7h 8c]
MTails: bets $3
D Juice11: raises $3 to $6
MTails: raises $3 to $9
D Juice11: calls $3
*** TURN *** [9h 7h 8c] [Js]
MTails: bets $6
D Juice11: calls $6
*** RIVER *** [9h 7h 8c Js] [9s]
MTails: bets $6
D Juice11: calls $6
*** SHOW DOWN ***
MTails: shows [6d 9d] (three of a kind, Nines)
D Juice11: mucks hand
MTails collected $53.50 from pot
*** SUMMARY ***
Total pot $54 | Rake $0.50
Board [9h 7h 8c Js 9s]
Seat 3: D Juice11 (button) (small blind) mucked
Seat 4: MTails (big blind) showed [6d 9d] and won ($53.50) with three of a kind, Nines


PokerStars Hand #170932056011:  Hold'em Limit ($3/$6 USD) - 2017/05/26 6:33:09 ET
Table 'Valeria' 6-max Seat #4 is the button
Seat 3: D Juice11 ($86.17 in chips)
Seat 4: MTails ($107.90 in chips)
MTails: posts small blind $1
D Juice11: posts big blind $3
*** HOLE CARDS ***
MTails: raises $3 to $6
D Juice11: calls $3
*** FLOP *** [8d 7c 9c]
D Juice11: bets $3
MTails: calls $3
*** TURN *** [8d 7c 9c] [Kh]
D Juice11: checks
MTails: bets $6
D Juice11: folds
Uncalled bet ($6) returned to MTails
MTails collected $17.64 from pot
*** SUMMARY ***
Total pot $18 | Rake $0.36
Board [8d 7c 9c Kh]
Seat 3: D Juice11 (big blind) folded on the Turn
Seat 4: MTails (button) (small blind) collected ($17.64)


PokerStars Hand #170932066162:  Hold'em Limit ($3/$6 USD) - 2017/05/26 6:33:34 ET
Table 'Valeria' 6-max Seat #3 is the button
Seat 3: D Juice11 ($77.17 in chips)
Seat 4: MTails ($116.54 in chips)
D Juice11: posts small blind $1
MTails: posts big blind $3
*** HOLE CARDS ***
D Juice11: raises $3 to $6
MTails: calls $3
*** FLOP *** [Th 4s Ts]
MTails: checks
D Juice11: bets $3
MTails: folds
Uncalled bet ($3) returned to D Juice11
D Juice11 collected $11.76 from pot
D Juice11: doesn't show hand
*** SUMMARY ***
Total pot $12 | Rake $0.24
Board [Th 4s Ts]
Seat 3: D Juice11 (button) (small blind) collected ($11.76)
Seat 4: MTails (big blind) folded on the Flop


PokerStars Hand #170932090535:  Hold'em Limit ($3/$6 USD) - 2017/05/26 6:34:36 ET
Table 'Valeria' 6-max Seat #3 is the button
Seat 3: D Juice11 ($100.43 in chips)
Seat 4: MTails ($92.54 in chips)
D Juice11: posts small blind $1
MTails: posts big blind $3
*** HOLE CARDS ***
D Juice11: calls $2
MTails: raises $3 to $6
D Juice11: calls $3
*** FLOP *** [5d 3c 8s]
MTails: bets $3
D Juice11: calls $3
*** TURN *** [5d 3c 8s] [5h]
MTails: bets $6
D Juice11: folds
Uncalled bet ($6) returned to MTails
MTails collected $17.64 from pot
*** SUMMARY ***
Total pot $18 | Rake $0.36
Board [5d 3c 8s 5h]
Seat 3: D Juice11 (button) (small blind) folded on the Turn
Seat 4: MTails (big blind) collected ($17.64)


PokerStars Hand #170932074237:  Hold'em Limit ($3/$6 USD) - 2017/05/26 6:33:55 ET
Table 'Valeria' 6-max Seat #4 is the button
Seat 3: D Juice11 ($82.93 in chips)
Seat 4: MTails ($110.54 in chips)
MTails: posts small blind $1
D Juice11: posts big blind $3
*** HOLE CARDS ***
MTails: raises $3 to $6
D Juice11: calls $3
*** FLOP *** [9s 5h 4c]
D Juice11: checks
MTails: bets $3
D Juice11: raises $3 to $6
MTails: calls $3
*** TURN *** [9s 5h 4c] [2d]
D Juice11: bets $6
MTails: calls $6
*** RIVER *** [9s 5h 4c 2d] [4s]
D Juice11: bets $6
MTails: folds
Uncalled bet ($6) returned to D Juice11
D Juice11 collected $35.50 from pot
D Juice11: doesn't show hand
*** SUMMARY ***
Total pot $36 | Rake $0.50
Board [9s 5h 4c 2d 4s]
Seat 3: D Juice11 (big blind) collected ($35.50)
Seat 4: MTails (button) (small blind) folded on the River


PokerStars Hand #170932099708:  Hold'em Limit ($3/$6 USD) - 2017/05/26 6:34:59 ET
Table 'Valeria' 6-max Seat #4 is the button
Seat 3: D Juice11 ($91.43 in chips)
Seat 4: MTails ($101.18 in chips)
MTails: posts small blind $1
D Juice11: posts big blind $3
*** HOLE CARDS ***
MTails: raises $3 to $6
D Juice11: calls $3
*** FLOP *** [Kd Td 2c]
D Juice11: checks
MTails: bets $3
D Juice11: folds
Uncalled bet ($3) returned to MTails
MTails collected $11.76 from pot
*** SUMMARY ***
Total pot $12 | Rake $0.24
Board [Kd Td 2c]
Seat 3: D Juice11 (big blind) folded on the Flop
Seat 4: MTails (button) (small blind) collected ($11.76)


PokerStars Hand #170932105774:  Hold'em Limit ($3/$6 USD) - 2017/05/26 6:35:14 ET
Table 'Valeria' 6-max Seat #3 is the button
Seat 3: D Juice11 ($85.43 in chips)
Seat 4: MTails ($106.94 in chips)
D Juice11: posts small blind $1
MTails: posts big blind $3
*** HOLE CARDS ***
D Juice11: raises $3 to $6
MTails: calls $3
*** FLOP *** [Th Qs Ah]
MTails: checks
D Juice11: bets $3
MTails: raises $3 to $6
D Juice11: raises $3 to $9
MTails: raises $3 to $12
Betting is capped
D Juice11: calls $3
*** TURN *** [Th Qs Ah] [4h]
MTails: checks
D Juice11: bets $6
MTails: calls $6
*** RIVER *** [Th Qs Ah 4h] [2s]
MTails: checks
D Juice11: checks
*** SHOW DOWN ***
MTails: shows [Ad 9s] (a pair of Aces)
D Juice11: mucks hand
MTails collected $47.50 from pot
*** SUMMARY ***
Total pot $48 | Rake $0.50
Board [Th Qs Ah 4h 2s]
Seat 3: D Juice11 (button) (small blind) mucked
Seat 4: MTails (big blind) showed [Ad 9s] and won ($47.50) with a pair of Aces


PokerStars Hand #170932143084:  Hold'em Limit ($3/$6 USD) - 2017/05/26 6:36:48 ET
Table 'Valeria' 6-max Seat #3 is the button
Seat 3: D Juice11 ($22.43 in chips)
Seat 4: MTails ($168.94 in chips)
D Juice11: posts small blind $1
MTails: posts big blind $3
*** HOLE CARDS ***
D Juice11: folds
Uncalled bet ($2) returned to MTails
MTails collected $2 from pot
*** SUMMARY ***
Total pot $2 | Rake $0
Seat 3: D Juice11 (button) (small blind) folded before Flop
Seat 4: MTails (big blind) collected ($2)


PokerStars Hand #170932122922:  Hold'em Limit ($3/$6 USD) - 2017/05/26 6:35:58 ET
Table 'Valeria' 6-max Seat #4 is the button
Seat 3: D Juice11 ($61.43 in chips)
Seat 4: MTails ($130.44 in chips)
MTails: posts small blind $1
D Juice11: posts big blind $3
*** HOLE CARDS ***
MTails: raises $3 to $6
D Juice11: calls $3
*** FLOP *** [4s 6s Jh]
D Juice11: bets $3
MTails: calls $3
*** TURN *** [4s 6s Jh] [7s]
D Juice11: bets $6
MTails: raises $6 to $12
D Juice11: calls $6
*** RIVER *** [4s 6s Jh 7s] [7h]
D Juice11: bets $6
MTails: raises $6 to $12
D Juice11: raises $6 to $18
MTails: calls $6
*** SHOW DOWN ***
D Juice11: shows [8s 7d] (three of a kind, Sevens)
MTails: shows [6d 6c] (a full house, Sixes full of Sevens)
MTails collected $77.50 from pot
*** SUMMARY ***
Total pot $78 | Rake $0.50
Board [4s 6s Jh 7s 7h]
Seat 3: D Juice11 (big blind) showed [8s 7d] and lost with three of a kind, Sevens
Seat 4: MTails (button) (small blind) showed [6d 6c] and won ($77.50) with a full house, Sixes full of Sevens


PokerStars Hand #170932913113:  Hold'em Limit ($3/$6 USD) - 2017/05/26 7:08:59 ET
Table 'Valeria' 6-max Seat #4 is the button
Seat 3: your_hot15 ($65.76 in chips)
Seat 4: Agrotait ($66 in chips)
Agrotait: posts small blind $1
your_hot15: posts big blind $3
*** HOLE CARDS ***
Agrotait: raises $3 to $6
your_hot15: calls $3
*** FLOP *** [Kh 5d 9c]
your_hot15: checks
Agrotait: bets $3
your_hot15: folds
Uncalled bet ($3) returned to Agrotait
Agrotait collected $11.76 from pot
Agrotait: doesn't show hand
*** SUMMARY ***
Total pot $12 | Rake $0.24
Board [Kh 5d 9c]
Seat 3: your_hot15 (big blind) folded on the Flop
Seat 4: Agrotait (button) (small blind) collected ($11.76)


PokerStars Hand #170932901681:  Hold'em Limit ($3/$6 USD) - 2017/05/26 7:08:32 ET
Table 'Valeria' 6-max Seat #3 is the button
Seat 3: your_hot15 ($60 in chips)
Seat 4: Agrotait ($72 in chips)
your_hot15: posts small blind $1
Agrotait: posts big blind $3
*** HOLE CARDS ***
your_hot15: raises $3 to $6
Agrotait: calls $3
*** FLOP *** [3h 6h 4h]
Agrotait: checks
your_hot15: bets $3
Agrotait: folds
Uncalled bet ($3) returned to your_hot15
your_hot15 collected $11.76 from pot
*** SUMMARY ***
Total pot $12 | Rake $0.24
Board [3h 6h 4h]
Seat 3: your_hot15 (button) (small blind) collected ($11.76)
Seat 4: Agrotait (big blind) folded on the Flop


PokerStars Hand #170932939945:  Hold'em Limit ($3/$6 USD) - 2017/05/26 7:10:04 ET
Table 'Valeria' 6-max Seat #4 is the button
Seat 3: your_hot15 ($68.40 in chips)
Seat 4: Agrotait ($62.76 in chips)
Agrotait: posts small blind $1
your_hot15: posts big blind $3
*** HOLE CARDS ***
Agrotait: raises $3 to $6
your_hot15: calls $3
*** FLOP *** [Ad 2h Td]
your_hot15: checks
Agrotait: bets $3
your_hot15: folds
Uncalled bet ($3) returned to Agrotait
Agrotait collected $11.76 from pot
Agrotait: doesn't show hand
Anchig joins the table at seat #5
*** SUMMARY ***
Total pot $12 | Rake $0.24
Board [Ad 2h Td]
Seat 3: your_hot15 (big blind) folded on the Flop
Seat 4: Agrotait (button) (small blind) collected ($11.76)


PokerStars Hand #170932919956:  Hold'em Limit ($3/$6 USD) - 2017/05/26 7:09:16 ET
Table 'Valeria' 6-max Seat #3 is the button
Seat 3: your_hot15 ($59.76 in chips)
Seat 4: Agrotait ($71.76 in chips)
your_hot15: posts small blind $1
Agrotait: posts big blind $3
*** HOLE CARDS ***
your_hot15: raises $3 to $6
Agrotait: calls $3
*** FLOP *** [6c Jd As]
Agrotait: checks
your_hot15: bets $3
Agrotait: calls $3
*** TURN *** [6c Jd As] [4s]
Agrotait: checks
your_hot15: bets $6
Agrotait: folds
Uncalled bet ($6) returned to your_hot15
your_hot15 collected $17.64 from pot
your_hot15: doesn't show hand
*** SUMMARY ***
Total pot $18 | Rake $0.36
Board [6c Jd As 4s]
Seat 3: your_hot15 (button) (small blind) collected ($17.64)
Seat 4: Agrotait (big blind) folded on the Turn


PokerStars Hand #170932946316:  Hold'em Limit ($3/$6 USD) - 2017/05/26 7:10:19 ET
Table 'Valeria' 6-max Seat #3 is the button
Seat 3: your_hot15 ($62.40 in chips)
Seat 4: Agrotait ($68.52 in chips)
your_hot15: posts small blind $1
Agrotait: posts big blind $3
*** HOLE CARDS ***
your_hot15: raises $3 to $6
Agrotait: calls $3
*** FLOP *** [6c 6d Td]
Agrotait: checks
your_hot15: bets $3
Agrotait: calls $3
*** TURN *** [6c 6d Td] [4d]
Agrotait: checks
your_hot15: bets $6
Agrotait: calls $6
*** RIVER *** [6c 6d Td 4d] [6s]
Agrotait: checks
your_hot15: bets $6
Agrotait: folds
Uncalled bet ($6) returned to your_hot15
your_hot15 collected $29.50 from pot
your_hot15: shows [7d Jh] (three of a kind, Sixes)
*** SUMMARY ***
Total pot $30 | Rake $0.50
Board [6c 6d Td 4d 6s]
Seat 3: your_hot15 (button) (small blind) collected ($29.50)
Seat 4: Agrotait (big blind) folded on the River


PokerStars Hand #170933137082:  Hold'em Limit ($3/$6 USD) - 2017/05/26 7:17:52 ET
Table 'Valeria' 6-max Seat #3 is the button
Seat 2: scorpio04 ($180.96 in chips)
Seat 3: ogdealer ($12.22 in chips)
ogdealer: posts small blind $1
Anchig: is sitting out
scorpio04: posts big blind $3
*** HOLE CARDS ***
ogdealer: folds
Uncalled bet ($2) returned to scorpio04
scorpio04 collected $2 from pot
scorpio04: doesn't show hand
Anchig leaves the table
*** SUMMARY ***
Total pot $2 | Rake $0
Seat 2: scorpio04 (big blind) collected ($2)
Seat 3: ogdealer (button) (small blind) folded before Flop


PokerStars Hand #170933139146:  Hold'em Limit ($3/$6 USD) - 2017/05/26 7:17:57 ET
Table 'Valeria' 6-max Seat #2 is the button
Seat 2: scorpio04 ($181.96 in chips)
Seat 3: ogdealer ($11.22 in chips)
scorpio04: posts small blind $1
ogdealer: posts big blind $3
*** HOLE CARDS ***
scorpio04: raises $3 to $6
ogdealer: calls $3
*** FLOP *** [4c 9s Tc]
ogdealer: checks
scorpio04: bets $3
ogdealer: calls $3
*** TURN *** [4c 9s Tc] [5h]
ogdealer: bets $2.22 and is all-in
scorpio04: calls $2.22
*** RIVER *** [4c 9s Tc 5h] [6s]
*** SHOW DOWN ***
ogdealer: shows [Th Js] (a pair of Tens)
scorpio04: shows [8c 7h] (a straight, Six to Ten)
scorpio04 collected $21.99 from pot
*** SUMMARY ***
Total pot $22.44 | Rake $0.45
Board [4c 9s Tc 5h 6s]
Seat 2: scorpio04 (button) (small blind) showed [8c 7h] and won ($21.99) with a straight, Six to Ten
Seat 3: ogdealer (big blind) showed [Th Js] and lost with a pair of Tens


PokerStars Hand #170933738698:  Hold'em Limit ($3/$6 USD) - 2017/05/26 7:41:17 ET
Table 'Valeria' 6-max Seat #4 is the button
Seat 1: popesxxx ($49.50 in chips)
Seat 4: Anchig ($108.88 in chips)
Anchig: posts small blind $1
popesxxx: posts big blind $3
*** HOLE CARDS ***
Anchig: raises $3 to $6
popesxxx: calls $3
*** FLOP *** [Kd 9s 2c]
popesxxx: checks
Anchig: bets $3
popesxxx: calls $3
*** TURN *** [Kd 9s 2c] [8s]
popesxxx: checks
Anchig: bets $6
popesxxx: folds
Uncalled bet ($6) returned to Anchig
Anchig collected $17.64 from pot
Anchig: doesn't show hand
*** SUMMARY ***
Total pot $18 | Rake $0.36
Board [Kd 9s 2c 8s]
Seat 1: popesxxx (big blind) folded on the Turn
Seat 4: Anchig (button) (small blind) collected ($17.64)


PokerStars Hand #170933736405:  Hold'em Limit ($3/$6 USD) - 2017/05/26 7:41:12 ET
Table 'Valeria' 6-max Seat #1 is the button
Seat 1: popesxxx ($50.50 in chips)
Seat 4: Anchig ($107.88 in chips)
popesxxx: posts small blind $1
Anchig: posts big blind $3
*** HOLE CARDS ***
popesxxx: folds
Uncalled bet ($2) returned to Anchig
Anchig collected $2 from pot
Anchig: doesn't show hand
*** SUMMARY ***
Total pot $2 | Rake $0
Seat 1: popesxxx (button) (small blind) folded before Flop
Seat 4: Anchig (big blind) collected ($2)


PokerStars Hand #170933723920:  Hold'em Limit ($3/$6 USD) - 2017/05/26 7:40:43 ET
Table 'Valeria' 6-max Seat #1 is the button
Seat 1: popesxxx ($39 in chips)
Seat 4: Anchig ($120 in chips)
popesxxx: posts small blind $1
Anchig: posts big blind $3
*** HOLE CARDS ***
popesxxx: calls $2
Anchig: checks
*** FLOP *** [9d 6d 7s]
Anchig: bets $3
popesxxx: folds
Uncalled bet ($3) returned to Anchig
Anchig collected $5.88 from pot
Anchig: doesn't show hand
*** SUMMARY ***
Total pot $6 | Rake $0.12
Board [9d 6d 7s]
Seat 1: popesxxx (button) (small blind) folded on the Flop
Seat 4: Anchig (big blind) collected ($5.88)


PokerStars Hand #170933730914:  Hold'em Limit ($3/$6 USD) - 2017/05/26 7:40:59 ET
Table 'Valeria' 6-max Seat #4 is the button
Seat 1: popesxxx ($36 in chips)
Seat 4: Anchig ($122.88 in chips)
Anchig: posts small blind $1
popesxxx: posts big blind $3
*** HOLE CARDS ***
Anchig: raises $3 to $6
popesxxx: calls $3
*** FLOP *** [Ad Th 4s]
popesxxx: checks
Anchig: bets $3
popesxxx: calls $3
*** TURN *** [Ad Th 4s] [Qd]
popesxxx: checks
Anchig: checks
*** RIVER *** [Ad Th 4s Qd] [7h]
popesxxx: bets $6
Anchig: calls $6
*** SHOW DOWN ***
popesxxx: shows [Ah 5c] (a pair of Aces)
Anchig: mucks hand
popesxxx collected $29.50 from pot
*** SUMMARY ***
Total pot $30 | Rake $0.50
Board [Ad Th 4s Qd 7h]
Seat 1: popesxxx (big blind) showed [Ah 5c] and won ($29.50) with a pair of Aces
Seat 4: Anchig (button) (small blind) mucked


PokerStars Hand #170933771611:  Hold'em Limit ($3/$6 USD) - 2017/05/26 7:42:33 ET
Table 'Valeria' 6-max Seat #4 is the button
Seat 1: popesxxx ($15 in chips)
Seat 4: Anchig ($141.52 in chips)
Anchig: posts small blind $1
popesxxx: posts big blind $3
*** HOLE CARDS ***
Anchig: raises $3 to $6
popesxxx: folds
Uncalled bet ($3) returned to Anchig
Anchig collected $6 from pot
Anchig: doesn't show hand
*** SUMMARY ***
Total pot $6 | Rake $0
Seat 1: popesxxx (big blind) folded before Flop
Seat 4: Anchig (button) (small blind) collected ($6)


PokerStars Hand #170933765571:  Hold'em Limit ($3/$6 USD) - 2017/05/26 7:42:19 ET
Table 'Valeria' 6-max Seat #1 is the button
Seat 1: popesxxx ($30 in chips)
Seat 4: Anchig ($127.02 in chips)
popesxxx: posts small blind $1
Anchig: posts big blind $3
*** HOLE CARDS ***
popesxxx: raises $3 to $6
Anchig: calls $3
*** FLOP *** [Td Qs 7h]
Anchig: checks
popesxxx: bets $3
Anchig: calls $3
*** TURN *** [Td Qs 7h] [4h]
Anchig: checks
popesxxx: checks
*** RIVER *** [Td Qs 7h 4h] [3d]
Anchig: bets $6
popesxxx: calls $6
*** SHOW DOWN ***
Anchig: shows [7d As] (a pair of Sevens)
popesxxx: mucks hand
Anchig collected $29.50 from pot
*** SUMMARY ***
Total pot $30 | Rake $0.50
Board [Td Qs 7h 4h 3d]
Seat 1: popesxxx (button) (small blind) mucked
Seat 4: Anchig (big blind) showed [7d As] and won ($29.50) with a pair of Sevens


PokerStars Hand #170933750504:  Hold'em Limit ($3/$6 USD) - 2017/05/26 7:41:44 ET
Table 'Valeria' 6-max Seat #4 is the button
Seat 1: popesxxx ($67 in chips)
Seat 4: Anchig ($90.52 in chips)
Anchig: posts small blind $1
popesxxx: posts big blind $3
*** HOLE CARDS ***
Anchig: raises $3 to $6
popesxxx: folds
Uncalled bet ($3) returned to Anchig
Anchig collected $6 from pot
Anchig: doesn't show hand
*** SUMMARY ***
Total pot $6 | Rake $0
Seat 1: popesxxx (big blind) folded before Flop
Seat 4: Anchig (button) (small blind) collected ($6)


PokerStars Hand #170933744158:  Hold'em Limit ($3/$6 USD) - 2017/05/26 7:41:30 ET
Table 'Valeria' 6-max Seat #1 is the button
Seat 1: popesxxx ($40.50 in chips)
Seat 4: Anchig ($117.52 in chips)
popesxxx: posts small blind $1
Anchig: posts big blind $3
*** HOLE CARDS ***
popesxxx: calls $2
Anchig: raises $3 to $6
popesxxx: calls $3
*** FLOP *** [9d 6c 6s]
Anchig: bets $3
popesxxx: calls $3
*** TURN *** [9d 6c 6s] [7h]
Anchig: bets $6
popesxxx: calls $6
*** RIVER *** [9d 6c 6s 7h] [Qs]
Anchig: bets $6
popesxxx: raises $6 to $12
Anchig: calls $6
*** SHOW DOWN ***
popesxxx: shows [6h 8c] (three of a kind, Sixes)
Anchig: mucks hand
popesxxx collected $53.50 from pot
*** SUMMARY ***
Total pot $54 | Rake $0.50
Board [9d 6c 6s 7h Qs]
Seat 1: popesxxx (button) (small blind) showed [6h 8c] and won ($53.50) with three of a kind, Sixes
Seat 4: Anchig (big blind) mucked


PokerStars Hand #170933753839:  Hold'em Limit ($3/$6 USD) - 2017/05/26 7:41:52 ET
Table 'Valeria' 6-max Seat #1 is the button
Seat 1: popesxxx ($64 in chips)
Seat 4: Anchig ($93.52 in chips)
popesxxx: posts small blind $1
Anchig: posts big blind $3
*** HOLE CARDS ***
popesxxx: folds
Uncalled bet ($2) returned to Anchig
Anchig collected $2 from pot
Anchig: doesn't show hand
*** SUMMARY ***
Total pot $2 | Rake $0
Seat 1: popesxxx (button) (small blind) folded before Flop
Seat 4: Anchig (big blind) collected ($2)


PokerStars Hand #170933788440:  Hold'em Limit ($3/$6 USD) - 2017/05/26 7:43:12 ET
Table 'Valeria' 6-max Seat #1 is the button
Seat 1: popesxxx ($32.16 in chips)
Seat 4: Anchig ($123.52 in chips)
popesxxx: posts small blind $1
Anchig: posts big blind $3
*** HOLE CARDS ***
popesxxx: folds
Uncalled bet ($2) returned to Anchig
Anchig collected $2 from pot
Anchig: doesn't show hand
*** SUMMARY ***
Total pot $2 | Rake $0
Seat 1: popesxxx (button) (small blind) folded before Flop
Seat 4: Anchig (big blind) collected ($2)


PokerStars Hand #170933774152:  Hold'em Limit ($3/$6 USD) - 2017/05/26 7:42:39 ET
Table 'Valeria' 6-max Seat #1 is the button
Seat 1: popesxxx ($12 in chips)
Seat 4: Anchig ($144.52 in chips)
popesxxx: posts small blind $1
Anchig: posts big blind $3
*** HOLE CARDS ***
popesxxx: calls $2
Anchig: raises $3 to $6
popesxxx: calls $3
*** FLOP *** [Kc Td 9d]
Anchig: bets $3
popesxxx: raises $3 to $6 and is all-in
Anchig: calls $3
*** TURN *** [Kc Td 9d] [Jc]
*** RIVER *** [Kc Td 9d Jc] [8c]
*** SHOW DOWN ***
Anchig: shows [9s Js] (two pair, Jacks and Nines)
popesxxx: shows [7s Qh] (a straight, Nine to King)
popesxxx collected $23.52 from pot
*** SUMMARY ***
Total pot $24 | Rake $0.48
Board [Kc Td 9d Jc 8c]
Seat 1: popesxxx (button) (small blind) showed [7s Qh] and won ($23.52) with a straight, Nine to King
Seat 4: Anchig (big blind) showed [9s Js] and lost with two pair, Jacks and Nines


PokerStars Hand #170933781032:  Hold'em Limit ($3/$6 USD) - 2017/05/26 7:42:55 ET
Table 'Valeria' 6-max Seat #4 is the button
Seat 1: popesxxx ($23.52 in chips)
Seat 4: Anchig ($132.52 in chips)
Anchig: posts small blind $1
popesxxx: posts big blind $3
*** HOLE CARDS ***
Anchig: raises $3 to $6
popesxxx: calls $3
*** FLOP *** [2s Kd Qs]
popesxxx: checks
Anchig: bets $3
popesxxx: calls $3
*** TURN *** [2s Kd Qs] [5h]
popesxxx: checks
Anchig: checks
*** RIVER *** [2s Kd Qs 5h] [Qh]
popesxxx: bets $6
Anchig: folds
Uncalled bet ($6) returned to popesxxx
popesxxx collected $17.64 from pot
*** SUMMARY ***
Total pot $18 | Rake $0.36
Board [2s Kd Qs 5h Qh]
Seat 1: popesxxx (big blind) collected ($17.64)
Seat 4: Anchig (button) (small blind) folded on the River


PokerStars Hand #170933790466:  Hold'em Limit ($3/$6 USD) - 2017/05/26 7:43:16 ET
Table 'Valeria' 6-max Seat #4 is the button
Seat 1: popesxxx ($31.16 in chips)
Seat 4: Anchig ($124.52 in chips)
RockKillerTY joins the table at seat #2
Anchig: posts small blind $1
popesxxx: posts big blind $3
*** HOLE CARDS ***
Anchig: raises $3 to $6
popesxxx: calls $3
*** FLOP *** [Th Tc Ts]
nedo1414 joins the table at seat #3
popesxxx: checks
Anchig: bets $3
popesxxx: calls $3
*** TURN *** [Th Tc Ts] [Qd]
popesxxx: checks
Anchig: checks
*** RIVER *** [Th Tc Ts Qd] [4c]
popesxxx: bets $6
Anchig: raises $6 to $12
popesxxx: calls $6
*** SHOW DOWN ***
Anchig: shows [Qc 9s] (a full house, Tens full of Queens)
popesxxx: mucks hand
Anchig collected $41.50 from pot
*** SUMMARY ***
Total pot $42 | Rake $0.50
Board [Th Tc Ts Qd 4c]
Seat 1: popesxxx (big blind) mucked
Seat 4: Anchig (button) (small blind) showed [Qc 9s] and won ($41.50) with a full house, Tens full of Queens


PokerStars Hand #170934885954:  Hold'em Limit ($3/$6 USD) - 2017/05/26 8:24:11 ET
Table 'Valeria' 6-max Seat #6 is the button
Seat 5: scorpio04 ($193.74 in chips)
Seat 6: Bird87bird ($104.65 in chips)
Bird87bird: posts small blind $1
scorpio04: posts big blind $3
*** HOLE CARDS ***
Bird87bird: folds
Uncalled bet ($2) returned to scorpio04
scorpio04 collected $2 from pot
scorpio04: doesn't show hand
*** SUMMARY ***
Total pot $2 | Rake $0
Seat 5: scorpio04 (big blind) collected ($2)
Seat 6: Bird87bird (button) (small blind) folded before Flop


PokerStars Hand #170935613760:  Hold'em Limit ($3/$6 USD) - 2017/05/26 8:49:52 ET
Table 'Valeria' 6-max Seat #5 is the button
Seat 2: AA_ILI ($191.41 in chips)
Seat 5: scorpio04 ($205.24 in chips)
scorpio04: posts small blind $1
AA_ILI: posts big blind $3
*** HOLE CARDS ***
scorpio04: raises $3 to $6
AA_ILI: calls $3
*** FLOP *** [3c 2c Kd]
AA_ILI: checks
scorpio04: bets $3
AA_ILI: calls $3
*** TURN *** [3c 2c Kd] [Tc]
AA_ILI: checks
scorpio04: bets $6
AA_ILI: raises $6 to $12
scorpio04: raises $6 to $18
AA_ILI: raises $6 to $24
Betting is capped
scorpio04: calls $6
*** RIVER *** [3c 2c Kd Tc] [Jc]
AA_ILI: bets $6
scorpio04: calls $6
*** SHOW DOWN ***
AA_ILI: shows [Kc 5c] (a flush, King high)
scorpio04: mucks hand
AA_ILI collected $77.50 from pot
*** SUMMARY ***
Total pot $78 | Rake $0.50
Board [3c 2c Kd Tc Jc]
Seat 2: AA_ILI (big blind) showed [Kc 5c] and won ($77.50) with a flush, King high
Seat 5: scorpio04 (button) (small blind) mucked


PokerStars Hand #170935606795:  Hold'em Limit ($3/$6 USD) - 2017/05/26 8:49:38 ET
Table 'Valeria' 6-max Seat #2 is the button
Seat 2: AA_ILI ($185.65 in chips)
Seat 5: scorpio04 ($211.24 in chips)
AA_ILI: posts small blind $1
Homasapien: is sitting out
scorpio04: posts big blind $3
*** HOLE CARDS ***
AA_ILI: raises $3 to $6
scorpio04: calls $3
*** FLOP *** [Kd 9c 2d]
scorpio04: checks
AA_ILI: bets $3
scorpio04: folds
Uncalled bet ($3) returned to AA_ILI
AA_ILI collected $11.76 from pot
*** SUMMARY ***
Total pot $12 | Rake $0.24
Board [Kd 9c 2d]
Seat 2: AA_ILI (button) (small blind) collected ($11.76)
Seat 5: scorpio04 (big blind) folded on the Flop


PokerStars Hand #170935624112:  Hold'em Limit ($3/$6 USD) - 2017/05/26 8:50:14 ET
Table 'Valeria' 6-max Seat #2 is the button
Seat 2: AA_ILI ($229.91 in chips)
Seat 5: scorpio04 ($166.24 in chips)
AA_ILI: posts small blind $1
scorpio04: posts big blind $3
*** HOLE CARDS ***
AA_ILI: raises $3 to $6
scorpio04: calls $3
*** FLOP *** [9d 3s Ah]
scorpio04: checks
AA_ILI: bets $3
scorpio04: calls $3
*** TURN *** [9d 3s Ah] [4c]
scorpio04: checks
AA_ILI: checks
*** RIVER *** [9d 3s Ah 4c] [5h]
scorpio04: bets $6
AA_ILI: raises $6 to $12
scorpio04: calls $6
*** SHOW DOWN ***
AA_ILI: shows [3c 5c] (two pair, Fives and Threes)
scorpio04: shows [Jh 2s] (a straight, Ace to Five)
scorpio04 collected $41.50 from pot
*** SUMMARY ***
Total pot $42 | Rake $0.50
Board [9d 3s Ah 4c 5h]
Seat 2: AA_ILI (button) (small blind) showed [3c 5c] and lost with two pair, Fives and Threes
Seat 5: scorpio04 (big blind) showed [Jh 2s] and won ($41.50) with a straight, Ace to Five


PokerStars Hand #170935637236:  Hold'em Limit ($3/$6 USD) - 2017/05/26 8:50:41 ET
Table 'Valeria' 6-max Seat #5 is the button
Seat 2: AA_ILI ($208.91 in chips)
Seat 5: scorpio04 ($186.74 in chips)
scorpio04: posts small blind $1
AA_ILI: posts big blind $3
*** HOLE CARDS ***
scorpio04: folds
Uncalled bet ($2) returned to AA_ILI
AA_ILI collected $2 from pot
*** SUMMARY ***
Total pot $2 | Rake $0
Seat 2: AA_ILI (big blind) collected ($2)
Seat 5: scorpio04 (button) (small blind) folded before Flop


