PokerStars Hand #153677974690:  Hold'em Limit ($3/$6 USD) - 2016/05/22 9:49:47 ET
Table 'Valeska II' 6-max Seat #1 is the button
Seat 1: LolDnkaments ($72 in chips)
Seat 3: kowa95 ($133.28 in chips)
LolDnkaments: posts small blind $1
kowa95: posts big blind $3
*** HOLE CARDS ***
LolDnkaments: raises $3 to $6
kowa95: folds
Uncalled bet ($3) returned to LolDnkaments
LolDnkaments collected $6 from pot
LolDnkaments: doesn't show hand
*** SUMMARY ***
Total pot $6 | Rake $0
Seat 1: LolDnkaments (button) (small blind) collected ($6)
Seat 3: kowa95 (big blind) folded before Flop


PokerStars Hand #153677962067:  Hold'em Limit ($3/$6 USD) - 2016/05/22 9:49:28 ET
Table 'Valeska II' 6-max Seat #3 is the button
Seat 1: LolDnkaments ($72 in chips)
Seat 3: kowa95 ($124.64 in chips)
kowa95: posts small blind $1
LolDnkaments: posts big blind $3
*** HOLE CARDS ***
kowa95: raises $3 to $6
LolDnkaments: calls $3
*** FLOP *** [Kd Qd 7d]
LolDnkaments: checks
kowa95: bets $3
LolDnkaments: calls $3
*** TURN *** [Kd Qd 7d] [3d]
LolDnkaments: checks
kowa95: bets $6
LolDnkaments: folds
Uncalled bet ($6) returned to kowa95
kowa95 collected $17.64 from pot
kowa95: doesn't show hand
*** SUMMARY ***
Total pot $18 | Rake $0.36
Board [Kd Qd 7d 3d]
Seat 1: LolDnkaments (big blind) folded on the Turn
Seat 3: kowa95 (button) (small blind) collected ($17.64)


PokerStars Hand #153677953131:  Hold'em Limit ($3/$6 USD) - 2016/05/22 9:49:15 ET
Table 'Valeska II' 6-max Seat #1 is the button
Seat 1: LolDnkaments ($76 in chips)
Seat 3: kowa95 ($116 in chips)
LolDnkaments: posts small blind $1
kowa95: posts big blind $3
*** HOLE CARDS ***
LolDnkaments: raises $3 to $6
kowa95: raises $3 to $9
LolDnkaments: calls $3
*** FLOP *** [Jd 7d 3d]
kowa95: bets $3
LolDnkaments: folds
Uncalled bet ($3) returned to kowa95
kowa95 collected $17.64 from pot
kowa95: doesn't show hand
*** SUMMARY ***
Total pot $18 | Rake $0.36
Board [Jd 7d 3d]
Seat 1: LolDnkaments (button) (small blind) folded on the Flop
Seat 3: kowa95 (big blind) collected ($17.64)


PokerStars Hand #153677949849:  Hold'em Limit ($3/$6 USD) - 2016/05/22 9:49:10 ET
Table 'Valeska II' 6-max Seat #3 is the button
Seat 1: LolDnkaments ($75 in chips)
Seat 3: kowa95 ($117 in chips)
kowa95: posts small blind $1
LolDnkaments: posts big blind $3
*** HOLE CARDS ***
kowa95: folds
Uncalled bet ($2) returned to LolDnkaments
LolDnkaments collected $2 from pot
LolDnkaments: doesn't show hand
*** SUMMARY ***
Total pot $2 | Rake $0
Seat 1: LolDnkaments (big blind) collected ($2)
Seat 3: kowa95 (button) (small blind) folded before Flop


PokerStars Hand #153677943827:  Hold'em Limit ($3/$6 USD) - 2016/05/22 9:49:01 ET
Table 'Valeska II' 6-max Seat #1 is the button
Seat 1: LolDnkaments ($72 in chips)
Seat 3: kowa95 ($120 in chips)
LolDnkaments: posts small blind $1
kowa95: posts big blind $3
*** HOLE CARDS ***
LolDnkaments: raises $3 to $6
kowa95: folds
Uncalled bet ($3) returned to LolDnkaments
LolDnkaments collected $6 from pot
LolDnkaments: doesn't show hand
*** SUMMARY ***
Total pot $6 | Rake $0
Seat 1: LolDnkaments (button) (small blind) collected ($6)
Seat 3: kowa95 (big blind) folded before Flop


PokerStars Hand #153678021540:  Hold'em Limit ($3/$6 USD) - 2016/05/22 9:50:56 ET
Table 'Valeska II' 6-max Seat #3 is the button
Seat 1: LolDnkaments ($72 in chips)
Seat 3: kowa95 ($164.28 in chips)
kowa95: posts small blind $1
LolDnkaments: posts big blind $3
*** HOLE CARDS ***
kowa95: folds
Uncalled bet ($2) returned to LolDnkaments
LolDnkaments collected $2 from pot
LolDnkaments: doesn't show hand
*** SUMMARY ***
Total pot $2 | Rake $0
Seat 1: LolDnkaments (big blind) collected ($2)
Seat 3: kowa95 (button) (small blind) folded before Flop


PokerStars Hand #153678008243:  Hold'em Limit ($3/$6 USD) - 2016/05/22 9:50:36 ET
Table 'Valeska II' 6-max Seat #1 is the button
Seat 1: LolDnkaments ($76 in chips)
Seat 3: kowa95 ($140.78 in chips)
LolDnkaments: posts small blind $1
kowa95: posts big blind $3
*** HOLE CARDS ***
LolDnkaments: raises $3 to $6
kowa95: raises $3 to $9
LolDnkaments: calls $3
*** FLOP *** [Qs Ks Ac]
kowa95: bets $3
LolDnkaments: calls $3
*** TURN *** [Qs Ks Ac] [3d]
kowa95: bets $6
LolDnkaments: calls $6
*** RIVER *** [Qs Ks Ac 3d] [8s]
kowa95: bets $6
LolDnkaments: calls $6
*** SHOW DOWN ***
kowa95: shows [As 5s] (a flush, Ace high)
LolDnkaments: mucks hand
kowa95 collected $47.50 from pot
*** SUMMARY ***
Total pot $48 | Rake $0.50
Board [Qs Ks Ac 3d 8s]
Seat 1: LolDnkaments (button) (small blind) mucked
Seat 3: kowa95 (big blind) showed [As 5s] and won ($47.50) with a flush, Ace high


PokerStars Hand #153678002513:  Hold'em Limit ($3/$6 USD) - 2016/05/22 9:50:28 ET
Table 'Valeska II' 6-max Seat #3 is the button
Seat 1: LolDnkaments ($75 in chips)
Seat 3: kowa95 ($141.78 in chips)
kowa95: posts small blind $1
LolDnkaments: posts big blind $3
*** HOLE CARDS ***
kowa95: folds
Uncalled bet ($2) returned to LolDnkaments
LolDnkaments collected $2 from pot
LolDnkaments: doesn't show hand
*** SUMMARY ***
Total pot $2 | Rake $0
Seat 1: LolDnkaments (big blind) collected ($2)
Seat 3: kowa95 (button) (small blind) folded before Flop


PokerStars Hand #153677995003:  Hold'em Limit ($3/$6 USD) - 2016/05/22 9:50:17 ET
Table 'Valeska II' 6-max Seat #1 is the button
Seat 1: LolDnkaments ($72 in chips)
Seat 3: kowa95 ($144.78 in chips)
LolDnkaments: posts small blind $1
kowa95: posts big blind $3
*** HOLE CARDS ***
LolDnkaments: raises $3 to $6
kowa95: folds
Uncalled bet ($3) returned to LolDnkaments
LolDnkaments collected $6 from pot
LolDnkaments: doesn't show hand
*** SUMMARY ***
Total pot $6 | Rake $0
Seat 1: LolDnkaments (button) (small blind) collected ($6)
Seat 3: kowa95 (big blind) folded before Flop


PokerStars Hand #153677979127:  Hold'em Limit ($3/$6 USD) - 2016/05/22 9:49:54 ET
Table 'Valeska II' 6-max Seat #3 is the button
Seat 1: LolDnkaments ($75 in chips)
Seat 3: kowa95 ($130.28 in chips)
kowa95: posts small blind $1
LolDnkaments: posts big blind $3
*** HOLE CARDS ***
kowa95: raises $3 to $6
LolDnkaments: calls $3
*** FLOP *** [9c 5h 6d]
LolDnkaments: checks
kowa95: bets $3
LolDnkaments: calls $3
*** TURN *** [9c 5h 6d] [7h]
LolDnkaments: checks
kowa95: bets $6
LolDnkaments: calls $6
*** RIVER *** [9c 5h 6d 7h] [Jh]
LolDnkaments: checks
kowa95: bets $6
LolDnkaments: folds
Uncalled bet ($6) returned to kowa95
kowa95 collected $29.50 from pot
kowa95: doesn't show hand
*** SUMMARY ***
Total pot $30 | Rake $0.50
Board [9c 5h 6d 7h Jh]
Seat 1: LolDnkaments (big blind) folded on the River
Seat 3: kowa95 (button) (small blind) collected ($29.50)


PokerStars Hand #153678031311:  Hold'em Limit ($3/$6 USD) - 2016/05/22 9:51:10 ET
Table 'Valeska II' 6-max Seat #3 is the button
Seat 1: LolDnkaments ($76 in chips)
Seat 3: kowa95 ($160.28 in chips)
kowa95: posts small blind $1
LolDnkaments: posts big blind $3
*** HOLE CARDS ***
Agrotait joins the table at seat #4
kowa95: folds
Uncalled bet ($2) returned to LolDnkaments
LolDnkaments collected $2 from pot
LolDnkaments: doesn't show hand
*** SUMMARY ***
Total pot $2 | Rake $0
Seat 1: LolDnkaments (big blind) collected ($2)
Seat 3: kowa95 (button) (small blind) folded before Flop


PokerStars Hand #153678026022:  Hold'em Limit ($3/$6 USD) - 2016/05/22 9:51:03 ET
Table 'Valeska II' 6-max Seat #1 is the button
Seat 1: LolDnkaments ($73 in chips)
Seat 3: kowa95 ($163.28 in chips)
LolDnkaments: posts small blind $1
kowa95: posts big blind $3
*** HOLE CARDS ***
LolDnkaments: raises $3 to $6
chodzewXXL joins the table at seat #2
kowa95: folds
Uncalled bet ($3) returned to LolDnkaments
LolDnkaments collected $6 from pot
LolDnkaments: doesn't show hand
*** SUMMARY ***
Total pot $6 | Rake $0
Seat 1: LolDnkaments (button) (small blind) collected ($6)
Seat 3: kowa95 (big blind) folded before Flop


PokerStars Hand #153691706738:  Hold'em Limit ($3/$6 USD) - 2016/05/22 14:27:25 ET
Table 'Valeska II' 6-max Seat #5 is the button
Seat 1: dorina888 ($43.96 in chips)
Seat 5: Zubasa07 ($500 in chips)
Zubasa07: posts small blind $1
dorina888: posts big blind $3
*** HOLE CARDS ***
Mustafatyrk joins the table at seat #3
Zubasa07: raises $3 to $6
dorina888: folds
Uncalled bet ($3) returned to Zubasa07
Zubasa07 collected $6 from pot
Zubasa07: doesn't show hand
*** SUMMARY ***
Total pot $6 | Rake $0
Seat 1: dorina888 (big blind) folded before Flop
Seat 5: Zubasa07 (button) (small blind) collected ($6)


PokerStars Hand #153691701765:  Hold'em Limit ($3/$6 USD) - 2016/05/22 14:27:20 ET
Table 'Valeska II' 6-max Seat #1 is the button
Seat 1: dorina888 ($44.96 in chips)
Seat 5: Zubasa07 ($499 in chips)
dorina888: posts small blind $1
Zubasa07: posts big blind $3
*** HOLE CARDS ***
dorina888: folds
Uncalled bet ($2) returned to Zubasa07
Zubasa07 collected $2 from pot
Zubasa07: doesn't show hand
*** SUMMARY ***
Total pot $2 | Rake $0
Seat 1: dorina888 (button) (small blind) folded before Flop
Seat 5: Zubasa07 (big blind) collected ($2)


PokerStars Hand #153704960192:  Hold'em Limit ($3/$6 USD) - 2016/05/22 18:16:31 ET
Table 'Valeska II' 6-max Seat #2 is the button
Seat 1: moba1011 ($150.47 in chips)
Seat 2: tomte999 ($263.88 in chips)
tomte999: posts small blind $1
moba1011: posts big blind $3
*** HOLE CARDS ***
tomte999: raises $3 to $6
moba1011: raises $3 to $9
tomte999: calls $3
*** FLOP *** [6c 2c 7h]
moba1011: checks
tomte999: checks
*** TURN *** [6c 2c 7h] [Ts]
moba1011: checks
tomte999: checks
*** RIVER *** [6c 2c 7h Ts] [Kc]
moba1011: checks
tomte999: checks
*** SHOW DOWN ***
moba1011: shows [Ad 3h] (high card Ace)
tomte999: mucks hand
moba1011 collected $17.64 from pot
*** SUMMARY ***
Total pot $18 | Rake $0.36
Board [6c 2c 7h Ts Kc]
Seat 1: moba1011 (big blind) showed [Ad 3h] and won ($17.64) with high card Ace
Seat 2: tomte999 (button) (small blind) mucked


PokerStars Hand #153704955401:  Hold'em Limit ($3/$6 USD) - 2016/05/22 18:16:25 ET
Table 'Valeska II' 6-max Seat #1 is the button
Seat 1: moba1011 ($147.47 in chips)
Seat 2: tomte999 ($266.88 in chips)
moba1011: posts small blind $1
tomte999: posts big blind $3
*** HOLE CARDS ***
moba1011: raises $3 to $6
tomte999: folds
Uncalled bet ($3) returned to moba1011
moba1011 collected $6 from pot
moba1011: doesn't show hand
*** SUMMARY ***
Total pot $6 | Rake $0
Seat 1: moba1011 (button) (small blind) collected ($6)
Seat 2: tomte999 (big blind) folded before Flop


PokerStars Hand #153704950981:  Hold'em Limit ($3/$6 USD) - 2016/05/22 18:16:19 ET
Table 'Valeska II' 6-max Seat #2 is the button
Seat 1: moba1011 ($146.47 in chips)
Seat 2: tomte999 ($267.88 in chips)
tomte999: posts small blind $1
lin1rabbit: is sitting out
moba1011: posts big blind $3
*** HOLE CARDS ***
lin1rabbit leaves the table
tomte999: folds
Uncalled bet ($2) returned to moba1011
moba1011 collected $2 from pot
moba1011: doesn't show hand
*** SUMMARY ***
Total pot $2 | Rake $0
Seat 1: moba1011 (big blind) collected ($2)
Seat 2: tomte999 (button) (small blind) folded before Flop


PokerStars Hand #153704977945:  Hold'em Limit ($3/$6 USD) - 2016/05/22 18:16:55 ET
Table 'Valeska II' 6-max Seat #1 is the button
Seat 1: moba1011 ($159.11 in chips)
Seat 2: tomte999 ($254.88 in chips)
moba1011: posts small blind $1
tomte999: posts big blind $3
*** HOLE CARDS ***
moba1011: calls $2
tomte999: checks
*** FLOP *** [Ad 2d 8s]
tomte999: bets $3
moba1011: calls $3
*** TURN *** [Ad 2d 8s] [Qh]
tomte999: bets $6
moba1011: raises $6 to $12
tomte999: calls $6
*** RIVER *** [Ad 2d 8s Qh] [8d]
tomte999: checks
moba1011: checks
*** SHOW DOWN ***
tomte999: shows [7c As] (two pair, Aces and Eights)
moba1011: mucks hand
tomte999 collected $35.50 from pot
*** SUMMARY ***
Total pot $36 | Rake $0.50
Board [Ad 2d 8s Qh 8d]
Seat 1: moba1011 (button) (small blind) mucked
Seat 2: tomte999 (big blind) showed [7c As] and won ($35.50) with two pair, Aces and Eights


PokerStars Hand #153704992474:  Hold'em Limit ($3/$6 USD) - 2016/05/22 18:17:15 ET
Table 'Valeska II' 6-max Seat #2 is the button
Seat 1: moba1011 ($141.11 in chips)
Seat 2: tomte999 ($272.38 in chips)
tomte999: posts small blind $1
moba1011: posts big blind $3
*** HOLE CARDS ***
tomte999: raises $3 to $6
moba1011: folds
Uncalled bet ($3) returned to tomte999
tomte999 collected $6 from pot
tomte999: doesn't show hand
*** SUMMARY ***
Total pot $6 | Rake $0
Seat 1: moba1011 (big blind) folded before Flop
Seat 2: tomte999 (button) (small blind) collected ($6)


PokerStars Hand #153704996168:  Hold'em Limit ($3/$6 USD) - 2016/05/22 18:17:20 ET
Table 'Valeska II' 6-max Seat #1 is the button
Seat 1: moba1011 ($138.11 in chips)
Seat 2: tomte999 ($275.38 in chips)
moba1011: posts small blind $1
tomte999: posts big blind $3
*** HOLE CARDS ***
moba1011: raises $3 to $6
tomte999: raises $3 to $9
moba1011: calls $3
*** FLOP *** [2s 5s Qh]
tomte999: bets $3
moba1011: raises $3 to $6
tomte999: calls $3
*** TURN *** [2s 5s Qh] [7s]
tomte999: checks
moba1011: checks
*** RIVER *** [2s 5s Qh 7s] [6c]
tomte999: bets $6
moba1011: raises $6 to $12
tomte999: raises $6 to $18
moba1011: raises $6 to $24
Betting is capped
tomte999: calls $6
*** SHOW DOWN ***
moba1011: shows [4s 3d] (a straight, Three to Seven)
tomte999: shows [Js Ts] (a flush, Jack high)
tomte999 collected $77.50 from pot
*** SUMMARY ***
Total pot $78 | Rake $0.50
Board [2s 5s Qh 7s 6c]
Seat 1: moba1011 (button) (small blind) showed [4s 3d] and lost with a straight, Three to Seven
Seat 2: tomte999 (big blind) showed [Js Ts] and won ($77.50) with a flush, Jack high


PokerStars Hand #153705012754:  Hold'em Limit ($3/$6 USD) - 2016/05/22 18:17:42 ET
Table 'Valeska II' 6-max Seat #2 is the button
Seat 1: moba1011 ($99.11 in chips)
Seat 2: tomte999 ($313.88 in chips)
tomte999: posts small blind $1
moba1011: posts big blind $3
*** HOLE CARDS ***
tomte999: raises $3 to $6
moba1011: raises $3 to $9
tomte999: calls $3
*** FLOP *** [8h 3d Kd]
moba1011: bets $3
tomte999: calls $3
*** TURN *** [8h 3d Kd] [Ks]
moba1011: checks
tomte999: checks
*** RIVER *** [8h 3d Kd Ks] [Jd]
moba1011: checks
tomte999: checks
*** SHOW DOWN ***
moba1011: shows [Ad 3s] (two pair, Kings and Threes)
tomte999: mucks hand
moba1011 collected $23.52 from pot
*** SUMMARY ***
Total pot $24 | Rake $0.48
Board [8h 3d Kd Ks Jd]
Seat 1: moba1011 (big blind) showed [Ad 3s] and won ($23.52) with two pair, Kings and Threes
Seat 2: tomte999 (button) (small blind) mucked


PokerStars Hand #153705039041:  Hold'em Limit ($3/$6 USD) - 2016/05/22 18:18:18 ET
Table 'Valeska II' 6-max Seat #1 is the button
Seat 1: moba1011 ($105.63 in chips)
Seat 2: tomte999 ($306.64 in chips)
moba1011: posts small blind $1
tomte999: posts big blind $3
*** HOLE CARDS ***
moba1011: raises $3 to $6
tomte999: calls $3
*** FLOP *** [5h Ts Qc]
tomte999: checks
moba1011: checks
*** TURN *** [5h Ts Qc] [6d]
tomte999: bets $6
moba1011: calls $6
*** RIVER *** [5h Ts Qc 6d] [6s]
tomte999: bets $6
moba1011: folds
Uncalled bet ($6) returned to tomte999
tomte999 collected $23.52 from pot
tomte999: doesn't show hand
*** SUMMARY ***
Total pot $24 | Rake $0.48
Board [5h Ts Qc 6d 6s]
Seat 1: moba1011 (button) (small blind) folded on the River
Seat 2: tomte999 (big blind) collected ($23.52)


PokerStars Hand #153705050330:  Hold'em Limit ($3/$6 USD) - 2016/05/22 18:18:34 ET
Table 'Valeska II' 6-max Seat #2 is the button
Seat 1: moba1011 ($93.63 in chips)
Seat 2: tomte999 ($318.16 in chips)
tomte999: posts small blind $1
moba1011: posts big blind $3
*** HOLE CARDS ***
tomte999: raises $3 to $6
moba1011: raises $3 to $9
tomte999: calls $3
*** FLOP *** [Jh 5h 5c]
moba1011: bets $3
tomte999: calls $3
*** TURN *** [Jh 5h 5c] [2c]
moba1011: checks
tomte999: checks
*** RIVER *** [Jh 5h 5c 2c] [Js]
moba1011: checks
tomte999: checks
*** SHOW DOWN ***
moba1011: shows [As 4h] (two pair, Jacks and Fives)
tomte999: mucks hand
moba1011 collected $23.52 from pot
*** SUMMARY ***
Total pot $24 | Rake $0.48
Board [Jh 5h 5c 2c Js]
Seat 1: moba1011 (big blind) showed [As 4h] and won ($23.52) with two pair, Jacks and Fives
Seat 2: tomte999 (button) (small blind) mucked


PokerStars Hand #153705025470:  Hold'em Limit ($3/$6 USD) - 2016/05/22 18:18:00 ET
Table 'Valeska II' 6-max Seat #1 is the button
Seat 1: moba1011 ($110.63 in chips)
Seat 2: tomte999 ($301.88 in chips)
moba1011: posts small blind $1
tomte999: posts big blind $3
*** HOLE CARDS ***
moba1011: calls $2
tomte999: checks
*** FLOP *** [Ks Jc Td]
tomte999: bets $3
moba1011: calls $3
*** TURN *** [Ks Jc Td] [Qd]
tomte999: checks
moba1011: checks
*** RIVER *** [Ks Jc Td Qd] [Jh]
tomte999: checks
moba1011: checks
*** SHOW DOWN ***
tomte999: shows [Kc 3d] (two pair, Kings and Jacks)
moba1011: mucks hand
tomte999 collected $11.76 from pot
*** SUMMARY ***
Total pot $12 | Rake $0.24
Board [Ks Jc Td Qd Jh]
Seat 1: moba1011 (button) (small blind) mucked
Seat 2: tomte999 (big blind) showed [Kc 3d] and won ($11.76) with two pair, Kings and Jacks


PokerStars Hand #153705035782:  Hold'em Limit ($3/$6 USD) - 2016/05/22 18:18:14 ET
Table 'Valeska II' 6-max Seat #2 is the button
Seat 1: moba1011 ($104.63 in chips)
Seat 2: tomte999 ($307.64 in chips)
tomte999: posts small blind $1
moba1011: posts big blind $3
*** HOLE CARDS ***
tomte999: folds
Uncalled bet ($2) returned to moba1011
moba1011 collected $2 from pot
moba1011: doesn't show hand
*** SUMMARY ***
Total pot $2 | Rake $0
Seat 1: moba1011 (big blind) collected ($2)
Seat 2: tomte999 (button) (small blind) folded before Flop


PokerStars Hand #153705091448:  Hold'em Limit ($3/$6 USD) - 2016/05/22 18:19:31 ET
Table 'Valeska II' 6-max Seat #1 is the button
Seat 1: moba1011 ($122.53 in chips)
Seat 2: tomte999 ($288.16 in chips)
moba1011: posts small blind $1
tomte999: posts big blind $3
*** HOLE CARDS ***
moba1011: calls $2
tomte999: raises $3 to $6
moba1011: calls $3
*** FLOP *** [9d Ts Ah]
tomte999: bets $3
moba1011: calls $3
*** TURN *** [9d Ts Ah] [Tc]
tomte999: bets $6
moba1011: calls $6
*** RIVER *** [9d Ts Ah Tc] [2c]
tomte999: checks
moba1011: checks
*** SHOW DOWN ***
tomte999: shows [4s 4c] (two pair, Tens and Fours)
moba1011: mucks hand
tomte999 collected $29.50 from pot
*** SUMMARY ***
Total pot $30 | Rake $0.50
Board [9d Ts Ah Tc 2c]
Seat 1: moba1011 (button) (small blind) mucked
Seat 2: tomte999 (big blind) showed [4s 4c] and won ($29.50) with two pair, Tens and Fours


PokerStars Hand #153705062690:  Hold'em Limit ($3/$6 USD) - 2016/05/22 18:18:51 ET
Table 'Valeska II' 6-max Seat #1 is the button
Seat 1: moba1011 ($105.15 in chips)
Seat 2: tomte999 ($306.16 in chips)
moba1011: posts small blind $1
tomte999: posts big blind $3
*** HOLE CARDS ***
moba1011: calls $2
tomte999: checks
*** FLOP *** [Kh 6s Qs]
tomte999: checks
moba1011: checks
*** TURN *** [Kh 6s Qs] [7c]
tomte999: checks
moba1011: checks
*** RIVER *** [Kh 6s Qs 7c] [5d]
tomte999: checks
moba1011: checks
*** SHOW DOWN ***
tomte999: shows [Js 2c] (high card King)
moba1011: shows [5c 4d] (a pair of Fives)
moba1011 collected $5.88 from pot
*** SUMMARY ***
Total pot $6 | Rake $0.12
Board [Kh 6s Qs 7c 5d]
Seat 1: moba1011 (button) (small blind) showed [5c 4d] and won ($5.88) with a pair of Fives
Seat 2: tomte999 (big blind) showed [Js 2c] and lost with high card King


PokerStars Hand #153705076001:  Hold'em Limit ($3/$6 USD) - 2016/05/22 18:19:09 ET
Table 'Valeska II' 6-max Seat #2 is the button
Seat 1: moba1011 ($108.03 in chips)
Seat 2: tomte999 ($303.16 in chips)
tomte999: posts small blind $1
moba1011: posts big blind $3
*** HOLE CARDS ***
tomte999: raises $3 to $6
moba1011: raises $3 to $9
tomte999: raises $3 to $12
Betting is capped
moba1011: calls $3
*** FLOP *** [3d Js 7c]
moba1011: bets $3
tomte999: calls $3
*** TURN *** [3d Js 7c] [Jh]
moba1011: checks
tomte999: checks
*** RIVER *** [3d Js 7c Jh] [As]
moba1011: checks
tomte999: checks
*** SHOW DOWN ***
moba1011: shows [Qh Ah] (two pair, Aces and Jacks)
tomte999: mucks hand
moba1011 collected $29.50 from pot
*** SUMMARY ***
Total pot $30 | Rake $0.50
Board [3d Js 7c Jh As]
Seat 1: moba1011 (big blind) showed [Qh Ah] and won ($29.50) with two pair, Aces and Jacks
Seat 2: tomte999 (button) (small blind) mucked


PokerStars Hand #153705140645:  Hold'em Limit ($3/$6 USD) - 2016/05/22 18:20:40 ET
Table 'Valeska II' 6-max Seat #1 is the button
Seat 1: moba1011 ($90.29 in chips)
Seat 2: tomte999 ($319.16 in chips)
moba1011: posts small blind $1
tomte999: posts big blind $3
*** HOLE CARDS ***
moba1011: raises $3 to $6
tomte999: calls $3
*** FLOP *** [5h 4d 2h]
tomte999: checks
moba1011: bets $3
tomte999: calls $3
*** TURN *** [5h 4d 2h] [4h]
tomte999: checks
moba1011: checks
*** RIVER *** [5h 4d 2h 4h] [8h]
tomte999: bets $6
moba1011: calls $6
*** SHOW DOWN ***
tomte999: shows [4c 9h] (a flush, Nine high)
moba1011: shows [Ah Ks] (a flush, Ace high)
moba1011 collected $29.50 from pot
*** SUMMARY ***
Total pot $30 | Rake $0.50
Board [5h 4d 2h 4h 8h]
Seat 1: moba1011 (button) (small blind) showed [Ah Ks] and won ($29.50) with a flush, Ace high
Seat 2: tomte999 (big blind) showed [4c 9h] and lost with a flush, Nine high


PokerStars Hand #153705104060:  Hold'em Limit ($3/$6 USD) - 2016/05/22 18:19:48 ET
Table 'Valeska II' 6-max Seat #2 is the button
Seat 1: moba1011 ($107.53 in chips)
Seat 2: tomte999 ($302.66 in chips)
tomte999: posts small blind $1
moba1011: posts big blind $3
*** HOLE CARDS ***
tomte999: raises $3 to $6
moba1011: raises $3 to $9
tomte999: calls $3
*** FLOP *** [6c 7d 2c]
moba1011: bets $3
tomte999: calls $3
*** TURN *** [6c 7d 2c] [Tc]
moba1011: bets $6
tomte999: raises $6 to $12
moba1011: calls $6
*** RIVER *** [6c 7d 2c Tc] [Jc]
moba1011: checks
tomte999: checks
*** SHOW DOWN ***
moba1011: shows [Ad 2h] (a pair of Deuces)
tomte999: shows [8h 9d] (a straight, Seven to Jack)
tomte999 collected $47.50 from pot
*** SUMMARY ***
Total pot $48 | Rake $0.50
Board [6c 7d 2c Tc Jc]
Seat 1: moba1011 (big blind) showed [Ad 2h] and lost with a pair of Deuces
Seat 2: tomte999 (button) (small blind) showed [8h 9d] and won ($47.50) with a straight, Seven to Jack


PokerStars Hand #153705120164:  Hold'em Limit ($3/$6 USD) - 2016/05/22 18:20:11 ET
Table 'Valeska II' 6-max Seat #1 is the button
Seat 1: moba1011 ($83.53 in chips)
Seat 2: tomte999 ($326.16 in chips)
moba1011: posts small blind $1
tomte999: posts big blind $3
*** HOLE CARDS ***
moba1011: raises $3 to $6
tomte999: calls $3
*** FLOP *** [9c 5d Qs]
tomte999: checks
moba1011: bets $3
tomte999: folds
Uncalled bet ($3) returned to moba1011
moba1011 collected $11.76 from pot
moba1011: doesn't show hand
*** SUMMARY ***
Total pot $12 | Rake $0.24
Board [9c 5d Qs]
Seat 1: moba1011 (button) (small blind) collected ($11.76)
Seat 2: tomte999 (big blind) folded on the Flop


PokerStars Hand #153705135923:  Hold'em Limit ($3/$6 USD) - 2016/05/22 18:20:33 ET
Table 'Valeska II' 6-max Seat #2 is the button
Seat 1: moba1011 ($89.29 in chips)
Seat 2: tomte999 ($320.16 in chips)
tomte999: posts small blind $1
moba1011: posts big blind $3
*** HOLE CARDS ***
tomte999: folds
Uncalled bet ($2) returned to moba1011
moba1011 collected $2 from pot
moba1011: doesn't show hand
*** SUMMARY ***
Total pot $2 | Rake $0
Seat 1: moba1011 (big blind) collected ($2)
Seat 2: tomte999 (button) (small blind) folded before Flop


PokerStars Hand #153705156774:  Hold'em Limit ($3/$6 USD) - 2016/05/22 18:21:03 ET
Table 'Valeska II' 6-max Seat #2 is the button
Seat 1: moba1011 ($104.79 in chips)
Seat 2: tomte999 ($304.16 in chips)
tomte999: posts small blind $1
moba1011: posts big blind $3
*** HOLE CARDS ***
tomte999: raises $3 to $6
moba1011: calls $3
*** FLOP *** [7s 2c 4s]
moba1011: checks
tomte999: bets $3
moba1011: calls $3
*** TURN *** [7s 2c 4s] [3h]
moba1011: checks
tomte999 is disconnected
tomte999 is connected
tomte999: checks
*** RIVER *** [7s 2c 4s 3h] [8h]
moba1011: checks
tomte999: checks
*** SHOW DOWN ***
moba1011: shows [Qh Ks] (high card King)
tomte999: mucks hand
moba1011 collected $17.64 from pot
*** SUMMARY ***
Total pot $18 | Rake $0.36
Board [7s 2c 4s 3h 8h]
Seat 1: moba1011 (big blind) showed [Qh Ks] and won ($17.64) with high card King
Seat 2: tomte999 (button) (small blind) mucked


PokerStars Hand #153705190108:  Hold'em Limit ($3/$6 USD) - 2016/05/22 18:21:50 ET
Table 'Valeska II' 6-max Seat #1 is the button
Seat 1: moba1011 ($113.43 in chips)
Seat 2: tomte999 ($295.16 in chips)
moba1011: posts small blind $1
tomte999: posts big blind $3
*** HOLE CARDS ***
moba1011: calls $2
tomte999: raises $3 to $6
moba1011: calls $3
*** FLOP *** [Ad 7s 6s]
tomte999: bets $3
moba1011: calls $3
*** TURN *** [Ad 7s 6s] [4s]
tomte999: bets $6
moba1011: calls $6
*** RIVER *** [Ad 7s 6s 4s] [Kc]
tomte999: bets $6
moba1011: calls $6
*** SHOW DOWN ***
tomte999: shows [7c 9c] (a pair of Sevens)
moba1011: mucks hand
tomte999 collected $41.50 from pot
*** SUMMARY ***
Total pot $42 | Rake $0.50
Board [Ad 7s 6s 4s Kc]
Seat 1: moba1011 (button) (small blind) mucked
Seat 2: tomte999 (big blind) showed [7c 9c] and won ($41.50) with a pair of Sevens


PokerStars Hand #153705224753:  Hold'em Limit ($3/$6 USD) - 2016/05/22 18:22:40 ET
Table 'Valeska II' 6-max Seat #2 is the button
Seat 1: moba1011 ($100.95 in chips)
Seat 2: tomte999 ($306.54 in chips)
tomte999: posts small blind $1
moba1011: posts big blind $3
*** HOLE CARDS ***
tomte999: raises $3 to $6
moba1011: raises $3 to $9
tomte999: calls $3
*** FLOP *** [Ks 3s 7h]
moba1011: bets $3
tomte999: calls $3
*** TURN *** [Ks 3s 7h] [4h]
moba1011: checks
tomte999: checks
*** RIVER *** [Ks 3s 7h 4h] [Ad]
moba1011: bets $6
tomte999: folds
Uncalled bet ($6) returned to moba1011
moba1011 collected $23.52 from pot
moba1011: doesn't show hand
*** SUMMARY ***
Total pot $24 | Rake $0.48
Board [Ks 3s 7h 4h Ad]
Seat 1: moba1011 (big blind) collected ($23.52)
Seat 2: tomte999 (button) (small blind) folded on the River


PokerStars Hand #153705201390:  Hold'em Limit ($3/$6 USD) - 2016/05/22 18:22:06 ET
Table 'Valeska II' 6-max Seat #2 is the button
Seat 1: moba1011 ($92.43 in chips)
Seat 2: tomte999 ($315.66 in chips)
tomte999: posts small blind $1
moba1011: posts big blind $3
*** HOLE CARDS ***
tomte999: raises $3 to $6
moba1011: raises $3 to $9
tomte999: calls $3
*** FLOP *** [9d 4s 5d]
moba1011: bets $3
tomte999: calls $3
*** TURN *** [9d 4s 5d] [9s]
moba1011: bets $6
tomte999: folds
Uncalled bet ($6) returned to moba1011
moba1011 collected $23.52 from pot
moba1011: doesn't show hand
*** SUMMARY ***
Total pot $24 | Rake $0.48
Board [9d 4s 5d 9s]
Seat 1: moba1011 (big blind) collected ($23.52)
Seat 2: tomte999 (button) (small blind) folded on the Turn


PokerStars Hand #153705213297:  Hold'em Limit ($3/$6 USD) - 2016/05/22 18:22:23 ET
Table 'Valeska II' 6-max Seat #1 is the button
Seat 1: moba1011 ($103.95 in chips)
Seat 2: tomte999 ($303.66 in chips)
moba1011: posts small blind $1
tomte999: posts big blind $3
*** HOLE CARDS ***
moba1011: calls $2
tomte999: checks
*** FLOP *** [Jd 3h 9s]
tomte999: checks
moba1011: checks
*** TURN *** [Jd 3h 9s] [Qs]
tomte999: checks
moba1011: checks
*** RIVER *** [Jd 3h 9s Qs] [Qd]
tomte999: checks
moba1011: checks
*** SHOW DOWN ***
tomte999: shows [8s 2d] (a pair of Queens)
moba1011: mucks hand
tomte999 collected $5.88 from pot
*** SUMMARY ***
Total pot $6 | Rake $0.12
Board [Jd 3h 9s Qs Qd]
Seat 1: moba1011 (button) (small blind) mucked
Seat 2: tomte999 (big blind) showed [8s 2d] and won ($5.88) with a pair of Queens


PokerStars Hand #153705237720:  Hold'em Limit ($3/$6 USD) - 2016/05/22 18:22:58 ET
Table 'Valeska II' 6-max Seat #1 is the button
Seat 1: moba1011 ($112.47 in chips)
Seat 2: tomte999 ($294.54 in chips)
moba1011: posts small blind $1
tomte999: posts big blind $3
*** HOLE CARDS ***
moba1011: calls $2
tomte999: checks
*** FLOP *** [7c 8h 9d]
tomte999: bets $3
moba1011: calls $3
*** TURN *** [7c 8h 9d] [Th]
tomte999: bets $6
moba1011: calls $6
*** RIVER *** [7c 8h 9d Th] [6h]
tomte999: checks
moba1011: bets $6
tomte999: calls $6
*** SHOW DOWN ***
moba1011: shows [5s 2c] (a straight, Six to Ten)
tomte999: shows [4c 9h] (a straight, Six to Ten)
tomte999 collected $17.75 from pot
moba1011 collected $17.75 from pot
*** SUMMARY ***
Total pot $36 | Rake $0.50
Board [7c 8h 9d Th 6h]
Seat 1: moba1011 (button) (small blind) showed [5s 2c] and won ($17.75) with a straight, Six to Ten
Seat 2: tomte999 (big blind) showed [4c 9h] and won ($17.75) with a straight, Six to Ten


PokerStars Hand #153708072890:  Hold'em Limit ($3/$6 USD) - 2016/05/22 19:37:33 ET
Table 'Valeska II' 6-max Seat #2 is the button
Seat 1: BuzovaPro ($104.93 in chips)
Seat 2: pogi74 ($52 in chips)
pogi74: posts small blind $1
tranduc: is sitting out
BuzovaPro: posts big blind $3
*** HOLE CARDS ***
pogi74: raises $3 to $6
BuzovaPro: calls $3
*** FLOP *** [2d 8s 9c]
BuzovaPro: checks
pogi74: bets $3
BuzovaPro: raises $3 to $6
pogi74: calls $3
*** TURN *** [2d 8s 9c] [Ks]
tranduc leaves the table
BuzovaPro: checks
pogi74: bets $6
BuzovaPro: calls $6
*** RIVER *** [2d 8s 9c Ks] [7s]
BuzovaPro: checks
pogi74: bets $6
BuzovaPro: folds
Uncalled bet ($6) returned to pogi74
pogi74 collected $35.50 from pot
pogi74: doesn't show hand
*** SUMMARY ***
Total pot $36 | Rake $0.50
Board [2d 8s 9c Ks 7s]
Seat 1: BuzovaPro (big blind) folded on the River
Seat 2: pogi74 (button) (small blind) collected ($35.50)


