PokerStars Hand #157710166994:  Hold'em Limit ($3/$6 USD) - 2016/08/25 4:06:09 ET
Table 'Valeska' 6-max Seat #4 is the button
Seat 3: DonVasquez001 ($137.50 in chips)
Seat 4: Agrotait ($72 in chips)
Agrotait: posts small blind $1
DonVasquez001: posts big blind $3
*** HOLE CARDS ***
Agrotait: raises $3 to $6
DonVasquez001: raises $3 to $9
Agrotait: calls $3
*** FLOP *** [2s Ah 7h]
DonVasquez001: bets $3
Agrotait: folds
Uncalled bet ($3) returned to DonVasquez001
DonVasquez001 collected $17.64 from pot
*** SUMMARY ***
Total pot $18 | Rake $0.36
Board [2s Ah 7h]
Seat 3: DonVasquez001 (big blind) collected ($17.64)
Seat 4: Agrotait (button) (small blind) folded on the Flop


PokerStars Hand #157710171046:  Hold'em Limit ($3/$6 USD) - 2016/08/25 4:06:23 ET
Table 'Valeska' 6-max Seat #3 is the button
Seat 3: DonVasquez001 ($146.14 in chips)
Seat 4: Agrotait ($63 in chips)
DonVasquez001: posts small blind $1
Agrotait: posts big blind $3
*** HOLE CARDS ***
DonVasquez001: raises $3 to $6
Agrotait: calls $3
*** FLOP *** [3c 5s Td]
Agrotait: checks
DonVasquez001: bets $3
Agrotait: raises $3 to $6
DonVasquez001: calls $3
*** TURN *** [3c 5s Td] [5h]
Agrotait: bets $6
DonVasquez001: folds
Uncalled bet ($6) returned to Agrotait
Agrotait collected $23.52 from pot
Agrotait: doesn't show hand
*** SUMMARY ***
Total pot $24 | Rake $0.48
Board [3c 5s Td 5h]
Seat 3: DonVasquez001 (button) (small blind) folded on the Turn
Seat 4: Agrotait (big blind) collected ($23.52)


PokerStars Hand #157710153674:  Hold'em Limit ($3/$6 USD) - 2016/08/25 4:05:23 ET
Table 'Valeska' 6-max Seat #3 is the button
Seat 3: DonVasquez001 ($120 in chips)
Seat 4: Agrotait ($72 in chips)
DonVasquez001: posts small blind $1
Agrotait: posts big blind $3
*** HOLE CARDS ***
DonVasquez001: raises $3 to $6
Agrotait: raises $3 to $9
DonVasquez001: calls $3
*** FLOP *** [5s Td 3c]
Agrotait: bets $3
DonVasquez001: calls $3
*** TURN *** [5s Td 3c] [Qh]
Agrotait: bets $6
DonVasquez001: calls $6
*** RIVER *** [5s Td 3c Qh] [8c]
Agrotait: checks
DonVasquez001: checks
*** SHOW DOWN ***
Agrotait: shows [Ks 9s] (high card King)
DonVasquez001: shows [Ac 4c] (high card Ace)
DonVasquez001 collected $35.50 from pot
*** SUMMARY ***
Total pot $36 | Rake $0.50
Board [5s Td 3c Qh 8c]
Seat 3: DonVasquez001 (button) (small blind) showed [Ac 4c] and won ($35.50) with high card Ace
Seat 4: Agrotait (big blind) showed [Ks 9s] and lost with high card King


PokerStars Hand #157710184004:  Hold'em Limit ($3/$6 USD) - 2016/08/25 4:07:07 ET
Table 'Valeska' 6-max Seat #3 is the button
Seat 3: DonVasquez001 ($154.64 in chips)
Seat 4: Agrotait ($72 in chips)
DonVasquez001: posts small blind $1
Agrotait: posts big blind $3
*** HOLE CARDS ***
DonVasquez001: raises $3 to $6
Agrotait: raises $3 to $9
DonVasquez001: calls $3
*** FLOP *** [9h Jh Tc]
Agrotait: bets $3
DonVasquez001: raises $3 to $6
Agrotait: calls $3
*** TURN *** [9h Jh Tc] [Qh]
Agrotait: checks
DonVasquez001: bets $6
Agrotait: calls $6
*** RIVER *** [9h Jh Tc Qh] [Kc]
Agrotait: bets $6
DonVasquez001: raises $6 to $12
Agrotait: calls $6
*** SHOW DOWN ***
DonVasquez001: shows [5h Kh] (a flush, King high)
Agrotait: mucks hand
DonVasquez001 collected $65.50 from pot
*** SUMMARY ***
Total pot $66 | Rake $0.50
Board [9h Jh Tc Qh Kc]
Seat 3: DonVasquez001 (button) (small blind) showed [5h Kh] and won ($65.50) with a flush, King high
Seat 4: Agrotait (big blind) mucked


PokerStars Hand #157710175488:  Hold'em Limit ($3/$6 USD) - 2016/08/25 4:06:38 ET
Table 'Valeska' 6-max Seat #4 is the button
Seat 3: DonVasquez001 ($134.14 in chips)
Seat 4: Agrotait ($74.52 in chips)
Agrotait: posts small blind $1
DonVasquez001: posts big blind $3
*** HOLE CARDS ***
Agrotait: raises $3 to $6
DonVasquez001: calls $3
*** FLOP *** [Jc Js 2c]
DonVasquez001: bets $3
Agrotait: calls $3
*** TURN *** [Jc Js 2c] [As]
DonVasquez001: bets $6
Agrotait: calls $6
*** RIVER *** [Jc Js 2c As] [7h]
DonVasquez001: bets $6
Agrotait: calls $6
*** SHOW DOWN ***
DonVasquez001: shows [2s Td] (two pair, Jacks and Deuces)
Agrotait: mucks hand
DonVasquez001 collected $41.50 from pot
*** SUMMARY ***
Total pot $42 | Rake $0.50
Board [Jc Js 2c As 7h]
Seat 3: DonVasquez001 (big blind) showed [2s Td] and won ($41.50) with two pair, Jacks and Deuces
Seat 4: Agrotait (button) (small blind) mucked


PokerStars Hand #157710196511:  Hold'em Limit ($3/$6 USD) - 2016/08/25 4:07:50 ET
Table 'Valeska' 6-max Seat #4 is the button
Seat 3: DonVasquez001 ($183.14 in chips)
Seat 4: Agrotait ($76 in chips)
Agrotait: posts small blind $1
DonVasquez001: posts big blind $3
*** HOLE CARDS ***
Agrotait: raises $3 to $6
DonVasquez001: calls $3
*** FLOP *** [Ks 8h 4h]
DonVasquez001: checks
Agrotait: bets $3
DonVasquez001: calls $3
*** TURN *** [Ks 8h 4h] [8d]
DonVasquez001: checks
Agrotait: checks
*** RIVER *** [Ks 8h 4h 8d] [6d]
DonVasquez001: bets $6
Agrotait: folds
Uncalled bet ($6) returned to DonVasquez001
DonVasquez001 collected $17.64 from pot
*** SUMMARY ***
Total pot $18 | Rake $0.36
Board [Ks 8h 4h 8d 6d]
Seat 3: DonVasquez001 (big blind) collected ($17.64)
Seat 4: Agrotait (button) (small blind) folded on the River


PokerStars Hand #157710194664:  Hold'em Limit ($3/$6 USD) - 2016/08/25 4:07:43 ET
Table 'Valeska' 6-max Seat #3 is the button
Seat 3: DonVasquez001 ($184.14 in chips)
Seat 4: Agrotait ($75 in chips)
DonVasquez001: posts small blind $1
Agrotait: posts big blind $3
*** HOLE CARDS ***
DonVasquez001: folds
Uncalled bet ($2) returned to Agrotait
Agrotait collected $2 from pot
Agrotait: doesn't show hand
*** SUMMARY ***
Total pot $2 | Rake $0
Seat 3: DonVasquez001 (button) (small blind) folded before Flop
Seat 4: Agrotait (big blind) collected ($2)


PokerStars Hand #157710191911:  Hold'em Limit ($3/$6 USD) - 2016/08/25 4:07:34 ET
Table 'Valeska' 6-max Seat #4 is the button
Seat 3: DonVasquez001 ($187.14 in chips)
Seat 4: Agrotait ($72 in chips)
Agrotait: posts small blind $1
DonVasquez001: posts big blind $3
*** HOLE CARDS ***
Agrotait: raises $3 to $6
DonVasquez001: folds
Uncalled bet ($3) returned to Agrotait
Agrotait collected $6 from pot
Agrotait: doesn't show hand
*** SUMMARY ***
Total pot $6 | Rake $0
Seat 3: DonVasquez001 (big blind) folded before Flop
Seat 4: Agrotait (button) (small blind) collected ($6)


PokerStars Hand #157710204559:  Hold'em Limit ($3/$6 USD) - 2016/08/25 4:08:17 ET
Table 'Valeska' 6-max Seat #3 is the button
Seat 3: DonVasquez001 ($191.78 in chips)
Seat 4: Agrotait ($67 in chips)
DonVasquez001: posts small blind $1
Agrotait: posts big blind $3
*** HOLE CARDS ***
DonVasquez001: calls $2
Agrotait: checks
*** FLOP *** [7c Td Kd]
Agrotait: bets $3
DonVasquez001: calls $3
*** TURN *** [7c Td Kd] [4h]
Agrotait: checks
DonVasquez001: checks
*** RIVER *** [7c Td Kd 4h] [6c]
Agrotait: bets $6
DonVasquez001: folds
Uncalled bet ($6) returned to Agrotait
Agrotait collected $11.76 from pot
Agrotait: doesn't show hand
*** SUMMARY ***
Total pot $12 | Rake $0.24
Board [7c Td Kd 4h 6c]
Seat 3: DonVasquez001 (button) (small blind) folded on the River
Seat 4: Agrotait (big blind) collected ($11.76)


PokerStars Hand #157710213938:  Hold'em Limit ($3/$6 USD) - 2016/08/25 4:08:50 ET
Table 'Valeska' 6-max Seat #4 is the button
Seat 3: DonVasquez001 ($185.78 in chips)
Seat 4: Agrotait ($72.76 in chips)
Agrotait: posts small blind $1
DonVasquez001: posts big blind $3
*** HOLE CARDS ***
Agrotait: raises $3 to $6
DonVasquez001: raises $3 to $9
Agrotait: calls $3
*** FLOP *** [4s 7s Jd]
DonVasquez001: checks
Agrotait: checks
*** TURN *** [4s 7s Jd] [2c]
DonVasquez001: checks
Agrotait: checks
*** RIVER *** [4s 7s Jd 2c] [Ks]
DonVasquez001: bets $6
Agrotait: folds
Uncalled bet ($6) returned to DonVasquez001
DonVasquez001 collected $17.64 from pot
*** SUMMARY ***
Total pot $18 | Rake $0.36
Board [4s 7s Jd 2c Ks]
Seat 3: DonVasquez001 (big blind) collected ($17.64)
Seat 4: Agrotait (button) (small blind) folded on the River


PokerStars Hand #157710234651:  Hold'em Limit ($3/$6 USD) - 2016/08/25 4:10:00 ET
Table 'Valeska' 6-max Seat #4 is the button
Seat 3: DonVasquez001 ($197.30 in chips)
Seat 4: Agrotait ($73 in chips)
Agrotait: posts small blind $1
DonVasquez001: posts big blind $3
*** HOLE CARDS ***
Agrotait: raises $3 to $6
DonVasquez001: calls $3
*** FLOP *** [Jh 3c Ts]
DonVasquez001: checks
Agrotait: bets $3
Chuckles1337 joins the table at seat #5
DonVasquez001: folds
Uncalled bet ($3) returned to Agrotait
Agrotait collected $11.76 from pot
Agrotait: doesn't show hand
*** SUMMARY ***
Total pot $12 | Rake $0.24
Board [Jh 3c Ts]
Seat 3: DonVasquez001 (big blind) folded on the Flop
Seat 4: Agrotait (button) (small blind) collected ($11.76)


PokerStars Hand #157710229646:  Hold'em Limit ($3/$6 USD) - 2016/08/25 4:09:43 ET
Table 'Valeska' 6-max Seat #4 is the button
Seat 3: DonVasquez001 ($197.30 in chips)
Seat 4: Agrotait ($60.76 in chips)
Agrotait: posts small blind $1
DonVasquez001: posts big blind $3
*** HOLE CARDS ***
Agrotait: folds
Uncalled bet ($2) returned to DonVasquez001
DonVasquez001 collected $2 from pot
*** SUMMARY ***
Total pot $2 | Rake $0
Seat 3: DonVasquez001 (big blind) collected ($2)
Seat 4: Agrotait (button) (small blind) folded before Flop


PokerStars Hand #157710224758:  Hold'em Limit ($3/$6 USD) - 2016/08/25 4:09:26 ET
Table 'Valeska' 6-max Seat #3 is the button
Seat 3: DonVasquez001 ($194.42 in chips)
Seat 4: Agrotait ($63.76 in chips)
DonVasquez001: posts small blind $1
Agrotait: posts big blind $3
*** HOLE CARDS ***
DonVasquez001: calls $2
Agrotait: checks
*** FLOP *** [Jh 7c 9s]
Agrotait: checks
DonVasquez001: bets $3
Agrotait: folds
Uncalled bet ($3) returned to DonVasquez001
DonVasquez001 collected $5.88 from pot
*** SUMMARY ***
Total pot $6 | Rake $0.12
Board [Jh 7c 9s]
Seat 3: DonVasquez001 (button) (small blind) collected ($5.88)
Seat 4: Agrotait (big blind) folded on the Flop


PokerStars Hand #157710231604:  Hold'em Limit ($3/$6 USD) - 2016/08/25 4:09:50 ET
Table 'Valeska' 6-max Seat #3 is the button
Seat 3: DonVasquez001 ($198.30 in chips)
Seat 4: Agrotait ($72 in chips)
DonVasquez001: posts small blind $1
Agrotait: posts big blind $3
*** HOLE CARDS ***
DonVasquez001: folds
Uncalled bet ($2) returned to Agrotait
Agrotait collected $2 from pot
Agrotait: doesn't show hand
*** SUMMARY ***
Total pot $2 | Rake $0
Seat 3: DonVasquez001 (button) (small blind) folded before Flop
Seat 4: Agrotait (big blind) collected ($2)


PokerStars Hand #157710239529:  Hold'em Limit ($3/$6 USD) - 2016/08/25 4:10:17 ET
Table 'Valeska' 6-max Seat #3 is the button
Seat 3: DonVasquez001 ($191.30 in chips)
Seat 4: Agrotait ($78.76 in chips)
DonVasquez001: posts small blind $1
Agrotait: posts big blind $3
*** HOLE CARDS ***
DonVasquez001: raises $3 to $6
Agrotait: calls $3
*** FLOP *** [4c 5s 8s]
Agrotait: checks
DonVasquez001: bets $3
Agrotait: calls $3
*** TURN *** [4c 5s 8s] [6s]
Agrotait: checks
DonVasquez001: bets $6
Agrotait: folds
Uncalled bet ($6) returned to DonVasquez001
DonVasquez001 collected $17.64 from pot
*** SUMMARY ***
Total pot $18 | Rake $0.36
Board [4c 5s 8s 6s]
Seat 3: DonVasquez001 (button) (small blind) collected ($17.64)
Seat 4: Agrotait (big blind) folded on the Turn


PokerStars Hand #157710280198:  Hold'em Limit ($3/$6 USD) - 2016/08/25 4:12:34 ET
Table 'Valeska' 6-max Seat #3 is the button
Seat 3: DonVasquez001 ($133.94 in chips)
Seat 5: Chuckles1337 ($140.06 in chips)
AAinthehole will be allowed to play after the button
DonVasquez001: posts small blind $1
Chuckles1337: posts big blind $3
*** HOLE CARDS ***
Agrotait leaves the table
DonVasquez001: raises $3 to $6
Chuckles1337: calls $3
*** FLOP *** [Kc 6s 5c]
Chuckles1337: checks
DonVasquez001: bets $3
Chuckles1337: calls $3
*** TURN *** [Kc 6s 5c] [8d]
crash19867 joins the table at seat #4
Chuckles1337: checks
DonVasquez001: bets $6
Chuckles1337: calls $6
*** RIVER *** [Kc 6s 5c 8d] [2d]
Chuckles1337: checks
DonVasquez001: checks
*** SHOW DOWN ***
Chuckles1337: shows [8h Ac] (a pair of Eights)
zimin10 joins the table at seat #1
DonVasquez001: mucks hand
Chuckles1337 collected $29.50 from pot
*** SUMMARY ***
Total pot $30 | Rake $0.50
Board [Kc 6s 5c 8d 2d]
Seat 3: DonVasquez001 (button) (small blind) mucked
Seat 5: Chuckles1337 (big blind) showed [8h Ac] and won ($29.50) with a pair of Eights


PokerStars Hand #157710473399:  Hold'em Limit ($3/$6 USD) - 2016/08/25 4:23:16 ET
Table 'Valeska' 6-max Seat #6 is the button
Seat 5: Chuckles1337 ($100.82 in chips)
Seat 6: AAinthehole ($139.17 in chips)
AAinthehole: posts small blind $1
zimin10: is sitting out
Chuckles1337: posts big blind $3
*** HOLE CARDS ***
AAinthehole: folds
Uncalled bet ($2) returned to Chuckles1337
Chuckles1337 collected $2 from pot
Chuckles1337: doesn't show hand
*** SUMMARY ***
Total pot $2 | Rake $0
Seat 5: Chuckles1337 (big blind) collected ($2)
Seat 6: AAinthehole (button) (small blind) folded before Flop


PokerStars Hand #157710489793:  Hold'em Limit ($3/$6 USD) - 2016/08/25 4:24:10 ET
Table 'Valeska' 6-max Seat #1 is the button
Seat 1: zimin10 ($112.55 in chips)
Seat 5: Chuckles1337 ($107.58 in chips)
zimin10: posts small blind $1
Chuckles1337: posts big blind $3
*** HOLE CARDS ***
zimin10: raises $3 to $6
Chuckles1337: folds
Uncalled bet ($3) returned to zimin10
zimin10 collected $6 from pot
zimin10: doesn't show hand
*** SUMMARY ***
Total pot $6 | Rake $0
Seat 1: zimin10 (button) (small blind) collected ($6)
Seat 5: Chuckles1337 (big blind) folded before Flop


PokerStars Hand #157710483901:  Hold'em Limit ($3/$6 USD) - 2016/08/25 4:23:51 ET
Table 'Valeska' 6-max Seat #5 is the button
Seat 1: zimin10 ($118.55 in chips)
Seat 5: Chuckles1337 ($101.82 in chips)
Chuckles1337: posts small blind $1
zimin10: posts big blind $3
*** HOLE CARDS ***
Chuckles1337: raises $3 to $6
zimin10: calls $3
*** FLOP *** [Qd 4s 6s]
zimin10: checks
Chuckles1337: checks
*** TURN *** [Qd 4s 6s] [2c]
zimin10: checks
Chuckles1337: bets $6
zimin10: folds
Uncalled bet ($6) returned to Chuckles1337
Chuckles1337 collected $11.76 from pot
Chuckles1337: doesn't show hand
*** SUMMARY ***
Total pot $12 | Rake $0.24
Board [Qd 4s 6s 2c]
Seat 1: zimin10 (big blind) folded on the Turn
Seat 5: Chuckles1337 (button) (small blind) collected ($11.76)


PokerStars Hand #157710482245:  Hold'em Limit ($3/$6 USD) - 2016/08/25 4:23:45 ET
Table 'Valeska' 6-max Seat #1 is the button
Seat 1: zimin10 ($119.55 in chips)
Seat 5: Chuckles1337 ($100.82 in chips)
zimin10: posts small blind $1
Chuckles1337: posts big blind $3
*** HOLE CARDS ***
zimin10: folds
Uncalled bet ($2) returned to Chuckles1337
Chuckles1337 collected $2 from pot
Chuckles1337: doesn't show hand
*** SUMMARY ***
Total pot $2 | Rake $0
Seat 1: zimin10 (button) (small blind) folded before Flop
Seat 5: Chuckles1337 (big blind) collected ($2)


PokerStars Hand #157710479849:  Hold'em Limit ($3/$6 USD) - 2016/08/25 4:23:37 ET
Table 'Valeska' 6-max Seat #5 is the button
Seat 1: zimin10 ($118.55 in chips)
Seat 5: Chuckles1337 ($101.82 in chips)
Chuckles1337: posts small blind $1
zimin10: posts big blind $3
*** HOLE CARDS ***
Chuckles1337: folds
Uncalled bet ($2) returned to zimin10
zimin10 collected $2 from pot
zimin10: doesn't show hand
*** SUMMARY ***
Total pot $2 | Rake $0
Seat 1: zimin10 (big blind) collected ($2)
Seat 5: Chuckles1337 (button) (small blind) folded before Flop


PokerStars Hand #157710491646:  Hold'em Limit ($3/$6 USD) - 2016/08/25 4:24:16 ET
Table 'Valeska' 6-max Seat #5 is the button
Seat 1: zimin10 ($115.55 in chips)
Seat 5: Chuckles1337 ($104.58 in chips)
Chuckles1337: posts small blind $1
zimin10: posts big blind $3
*** HOLE CARDS ***
Chuckles1337: raises $3 to $6
zimin10: calls $3
*** FLOP *** [3s 5s 3d]
zimin10: checks
Chuckles1337: bets $3
zimin10: calls $3
*** TURN *** [3s 5s 3d] [6c]
zimin10: checks
Chuckles1337: bets $6
zimin10: calls $6
*** RIVER *** [3s 5s 3d 6c] [7d]
zimin10: checks
Chuckles1337: bets $6
zimin10: calls $6
*** SHOW DOWN ***
Chuckles1337: shows [6h Ac] (two pair, Sixes and Threes)
zimin10: mucks hand
Chuckles1337 collected $41.50 from pot
*** SUMMARY ***
Total pot $42 | Rake $0.50
Board [3s 5s 3d 6c 7d]
Seat 1: zimin10 (big blind) mucked
Seat 5: Chuckles1337 (button) (small blind) showed [6h Ac] and won ($41.50) with two pair, Sixes and Threes


PokerStars Hand #157710513059:  Hold'em Limit ($3/$6 USD) - 2016/08/25 4:25:27 ET
Table 'Valeska' 6-max Seat #5 is the button
Seat 1: zimin10 ($93.55 in chips)
Seat 5: Chuckles1337 ($126.08 in chips)
Chuckles1337: posts small blind $1
zimin10: posts big blind $3
*** HOLE CARDS ***
Chuckles1337: raises $3 to $6
zimin10: folds
Uncalled bet ($3) returned to Chuckles1337
Chuckles1337 collected $6 from pot
Chuckles1337: doesn't show hand
*** SUMMARY ***
Total pot $6 | Rake $0
Seat 1: zimin10 (big blind) folded before Flop
Seat 5: Chuckles1337 (button) (small blind) collected ($6)


PokerStars Hand #157710511279:  Hold'em Limit ($3/$6 USD) - 2016/08/25 4:25:21 ET
Table 'Valeska' 6-max Seat #1 is the button
Seat 1: zimin10 ($94.55 in chips)
Seat 5: Chuckles1337 ($125.08 in chips)
zimin10: posts small blind $1
Chuckles1337: posts big blind $3
*** HOLE CARDS ***
zimin10: folds
Uncalled bet ($2) returned to Chuckles1337
Chuckles1337 collected $2 from pot
Chuckles1337: doesn't show hand
*** SUMMARY ***
Total pot $2 | Rake $0
Seat 1: zimin10 (button) (small blind) folded before Flop
Seat 5: Chuckles1337 (big blind) collected ($2)


PokerStars Hand #157710514769:  Hold'em Limit ($3/$6 USD) - 2016/08/25 4:25:32 ET
Table 'Valeska' 6-max Seat #1 is the button
Seat 1: zimin10 ($90.55 in chips)
Seat 5: Chuckles1337 ($129.08 in chips)
zimin10: posts small blind $1
Chuckles1337: posts big blind $3
*** HOLE CARDS ***
zimin10: folds
Uncalled bet ($2) returned to Chuckles1337
Chuckles1337 collected $2 from pot
Chuckles1337: doesn't show hand
*** SUMMARY ***
Total pot $2 | Rake $0
Seat 1: zimin10 (button) (small blind) folded before Flop
Seat 5: Chuckles1337 (big blind) collected ($2)


PokerStars Hand #157710509779:  Hold'em Limit ($3/$6 USD) - 2016/08/25 4:25:16 ET
Table 'Valeska' 6-max Seat #5 is the button
Seat 1: zimin10 ($93.55 in chips)
Seat 5: Chuckles1337 ($126.08 in chips)
Chuckles1337: posts small blind $1
zimin10: posts big blind $3
*** HOLE CARDS ***
Chuckles1337: folds
Uncalled bet ($2) returned to zimin10
zimin10 collected $2 from pot
zimin10: doesn't show hand
*** SUMMARY ***
Total pot $2 | Rake $0
Seat 1: zimin10 (big blind) collected ($2)
Seat 5: Chuckles1337 (button) (small blind) folded before Flop


PokerStars Hand #157710516629:  Hold'em Limit ($3/$6 USD) - 2016/08/25 4:25:38 ET
Table 'Valeska' 6-max Seat #5 is the button
Seat 1: zimin10 ($89.55 in chips)
Seat 5: Chuckles1337 ($130.08 in chips)
Chuckles1337: posts small blind $1
zimin10: posts big blind $3
*** HOLE CARDS ***
Chuckles1337: raises $3 to $6
zimin10: raises $3 to $9
Chuckles1337: calls $3
*** FLOP *** [2c 9d 9s]
zimin10: bets $3
Chuckles1337: calls $3
*** TURN *** [2c 9d 9s] [Td]
zimin10: bets $6
Chuckles1337: calls $6
*** RIVER *** [2c 9d 9s Td] [4s]
zimin10: bets $6
JonasDK joins the table at seat #3
Chuckles1337: folds
Uncalled bet ($6) returned to zimin10
zimin10 collected $35.50 from pot
zimin10: doesn't show hand
*** SUMMARY ***
Total pot $36 | Rake $0.50
Board [2c 9d 9s Td 4s]
Seat 1: zimin10 (big blind) collected ($35.50)
Seat 5: Chuckles1337 (button) (small blind) folded on the River


PokerStars Hand #157710850167:  Hold'em Limit ($3/$6 USD) - 2016/08/25 4:43:48 ET
Table 'Valeska' 6-max Seat #5 is the button
Seat 1: zimin10 ($117.99 in chips)
Seat 5: Chuckles1337 ($37.13 in chips)
Chuckles1337: posts small blind $1
zimin10: posts big blind $3
*** HOLE CARDS ***
Chuckles1337: raises $3 to $6
zimin10: calls $3
*** FLOP *** [Kh 5d Jc]
zimin10: checks
Chuckles1337: bets $3
zimin10: folds
Uncalled bet ($3) returned to Chuckles1337
Chuckles1337 collected $11.76 from pot
Chuckles1337: doesn't show hand
*** SUMMARY ***
Total pot $12 | Rake $0.24
Board [Kh 5d Jc]
Seat 1: zimin10 (big blind) folded on the Flop
Seat 5: Chuckles1337 (button) (small blind) collected ($11.76)


PokerStars Hand #157710858392:  Hold'em Limit ($3/$6 USD) - 2016/08/25 4:44:15 ET
Table 'Valeska' 6-max Seat #1 is the button
Seat 1: zimin10 ($111.99 in chips)
Seat 5: Chuckles1337 ($42.89 in chips)
zimin10: posts small blind $1
xcgxcg2005 was removed from the table for failing to post
Chuckles1337: posts big blind $3
*** HOLE CARDS ***
zimin10: raises $3 to $6
Chuckles1337: folds
Uncalled bet ($3) returned to zimin10
zimin10 collected $6 from pot
zimin10: doesn't show hand
*** SUMMARY ***
Total pot $6 | Rake $0
Seat 1: zimin10 (button) (small blind) collected ($6)
Seat 5: Chuckles1337 (big blind) folded before Flop


PokerStars Hand #157710861654:  Hold'em Limit ($3/$6 USD) - 2016/08/25 4:44:25 ET
Table 'Valeska' 6-max Seat #5 is the button
Seat 1: zimin10 ($114.99 in chips)
Seat 5: Chuckles1337 ($39.89 in chips)
Chuckles1337: posts small blind $1
zimin10: posts big blind $3
*** HOLE CARDS ***
Chuckles1337: folds
Uncalled bet ($2) returned to zimin10
zimin10 collected $2 from pot
zimin10: doesn't show hand
*** SUMMARY ***
Total pot $2 | Rake $0
Seat 1: zimin10 (big blind) collected ($2)
Seat 5: Chuckles1337 (button) (small blind) folded before Flop


PokerStars Hand #157710848553:  Hold'em Limit ($3/$6 USD) - 2016/08/25 4:43:43 ET
Table 'Valeska' 6-max Seat #1 is the button
Seat 1: zimin10 ($118.99 in chips)
Seat 5: Chuckles1337 ($36.13 in chips)
zimin10: posts small blind $1
AAinthehole: is sitting out
Chuckles1337: posts big blind $3
*** HOLE CARDS ***
zimin10: folds
Uncalled bet ($2) returned to Chuckles1337
AAinthehole leaves the table
Chuckles1337 collected $2 from pot
Chuckles1337: doesn't show hand
*** SUMMARY ***
Total pot $2 | Rake $0
Seat 1: zimin10 (button) (small blind) folded before Flop
Seat 5: Chuckles1337 (big blind) collected ($2)


PokerStars Hand #157710864250:  Hold'em Limit ($3/$6 USD) - 2016/08/25 4:44:33 ET
Table 'Valeska' 6-max Seat #1 is the button
Seat 1: zimin10 ($115.99 in chips)
Seat 5: Chuckles1337 ($38.89 in chips)
zimin10: posts small blind $1
Chuckles1337: posts big blind $3
*** HOLE CARDS ***
zimin10: raises $3 to $6
Chuckles1337: calls $3
*** FLOP *** [As 9s Ks]
Chuckles1337: checks
zimin10: bets $3
Chuckles1337: calls $3
*** TURN *** [As 9s Ks] [3d]
Chuckles1337: checks
zimin10: bets $6
Chuckles1337: calls $6
*** RIVER *** [As 9s Ks 3d] [3h]
Chuckles1337: checks
zimin10: checks
*** SHOW DOWN ***
Chuckles1337: shows [Qh 9d] (two pair, Nines and Threes)
libaikang joins the table at seat #3
zimin10: mucks hand
Chuckles1337 collected $29.50 from pot
*** SUMMARY ***
Total pot $30 | Rake $0.50
Board [As 9s Ks 3d 3h]
Seat 1: zimin10 (button) (small blind) mucked
Seat 5: Chuckles1337 (big blind) showed [Qh 9d] and won ($29.50) with two pair, Nines and Threes


PokerStars Hand #157710872658:  Hold'em Limit ($3/$6 USD) - 2016/08/25 4:45:00 ET
Table 'Valeska' 6-max Seat #5 is the button
Seat 1: zimin10 ($100.99 in chips)
Seat 5: Chuckles1337 ($53.39 in chips)
Chuckles1337: posts small blind $1
zimin10: posts big blind $3
*** HOLE CARDS ***
Chuckles1337: raises $3 to $6
zimin10: calls $3
*** FLOP *** [2h 9s Qd]
zimin10: checks
Chuckles1337: bets $3
zimin10: raises $3 to $6
Chuckles1337: calls $3
*** TURN *** [2h 9s Qd] [As]
zimin10: bets $6
Chuckles1337: folds
Uncalled bet ($6) returned to zimin10
zimin10 collected $23.52 from pot
zimin10: doesn't show hand
*** SUMMARY ***
Total pot $24 | Rake $0.48
Board [2h 9s Qd As]
Seat 1: zimin10 (big blind) collected ($23.52)
Seat 5: Chuckles1337 (button) (small blind) folded on the Turn


PokerStars Hand #157711630726:  Hold'em Limit ($3/$6 USD) - 2016/08/25 5:23:16 ET
Table 'Valeska' 6-max Seat #5 is the button
Seat 2: StarWoks ($303.22 in chips)
Seat 5: CatPuppy1999 ($85.50 in chips)
CatPuppy1999: posts small blind $1
Fabulous108: is sitting out
StarWoks: posts big blind $3
*** HOLE CARDS ***
CatPuppy1999: raises $3 to $6
StarWoks: calls $3
*** FLOP *** [3c Qc Kc]
Fabulous108 leaves the table
StarWoks: checks
CatPuppy1999: bets $3
StarWoks: folds
Uncalled bet ($3) returned to CatPuppy1999
CatPuppy1999 collected $11.76 from pot
CatPuppy1999: doesn't show hand
*** SUMMARY ***
Total pot $12 | Rake $0.24
Board [3c Qc Kc]
Seat 2: StarWoks (big blind) folded on the Flop
Seat 5: CatPuppy1999 (button) (small blind) collected ($11.76)


