PokerStars Hand #151121762584:  Hold'em Limit ($3/$6 USD) - 2016/03/29 13:06:48 ET
Table 'Valeria' 6-max Seat #4 is the button
Seat 3: 120877 ($59.04 in chips)
Seat 4: Agrotait ($72 in chips)
Agrotait: posts small blind $1
120877: posts big blind $3
*** HOLE CARDS ***
Agrotait: folds
Uncalled bet ($2) returned to 120877
120877 collected $2 from pot
*** SUMMARY ***
Total pot $2 | Rake $0
Seat 3: 120877 (big blind) collected ($2)
Seat 4: Agrotait (button) (small blind) folded before Flop


PokerStars Hand #151121714357:  Hold'em Limit ($3/$6 USD) - 2016/03/29 13:05:55 ET
Table 'Valeria' 6-max Seat #3 is the button
Seat 3: 120877 ($38.54 in chips)
Seat 4: Agrotait ($72 in chips)
120877: posts small blind $1
Agrotait: posts big blind $3
*** HOLE CARDS ***
120877: raises $3 to $6
Agrotait: calls $3
*** FLOP *** [Kh 8d 8h]
GoliafUa joins the table at seat #5
Agrotait: checks
120877: bets $3
Agrotait: calls $3
*** TURN *** [Kh 8d 8h] [Ah]
Agrotait: checks
120877: bets $6
Agrotait: raises $6 to $12
120877: calls $6
*** RIVER *** [Kh 8d 8h Ah] [Qd]
Agrotait: checks
120877: checks
*** SHOW DOWN ***
Agrotait: shows [Jh 3s] (a pair of Eights)
120877: shows [6d Kd] (two pair, Kings and Eights)
120877 collected $41.50 from pot
*** SUMMARY ***
Total pot $42 | Rake $0.50
Board [Kh 8d 8h Ah Qd]
Seat 3: 120877 (button) (small blind) showed [6d Kd] and won ($41.50) with two pair, Kings and Eights
Seat 4: Agrotait (big blind) showed [Jh 3s] and lost with a pair of Eights


PokerStars Hand #151121785074:  Hold'em Limit ($3/$6 USD) - 2016/03/29 13:07:12 ET
Table 'Valeria' 6-max Seat #4 is the button
Seat 3: 120877 ($65.80 in chips)
Seat 4: Agrotait ($65 in chips)
Agrotait: posts small blind $1
120877: posts big blind $3
*** HOLE CARDS ***
Agrotait: raises $3 to $6
120877: calls $3
*** FLOP *** [5c 2s Th]
120877: checks
Agrotait: bets $3
120877: folds
Uncalled bet ($3) returned to Agrotait
Agrotait collected $11.76 from pot
Agrotait: doesn't show hand
*** SUMMARY ***
Total pot $12 | Rake $0.24
Board [5c 2s Th]
Seat 3: 120877 (big blind) folded on the Flop
Seat 4: Agrotait (button) (small blind) collected ($11.76)


PokerStars Hand #151121767244:  Hold'em Limit ($3/$6 USD) - 2016/03/29 13:06:53 ET
Table 'Valeria' 6-max Seat #3 is the button
Seat 3: 120877 ($60.04 in chips)
Seat 4: Agrotait ($71 in chips)
120877: posts small blind $1
Agrotait: posts big blind $3
*** HOLE CARDS ***
120877: raises $3 to $6
Agrotait: calls $3
*** FLOP *** [7d 8s 8d]
Agrotait: checks
120877: bets $3
Agrotait: folds
Uncalled bet ($3) returned to 120877
120877 collected $11.76 from pot
*** SUMMARY ***
Total pot $12 | Rake $0.24
Board [7d 8s 8d]
Seat 3: 120877 (button) (small blind) collected ($11.76)
Seat 4: Agrotait (big blind) folded on the Flop


PokerStars Hand #151121870003:  Hold'em Limit ($3/$6 USD) - 2016/03/29 13:08:45 ET
Table 'Valeria' 6-max Seat #3 is the button
Seat 3: 120877 ($53.56 in chips)
Seat 4: Agrotait ($76.28 in chips)
120877: posts small blind $1
Agrotait: posts big blind $3
*** HOLE CARDS ***
120877: folds
Uncalled bet ($2) returned to Agrotait
Agrotait collected $2 from pot
Agrotait: doesn't show hand
*** SUMMARY ***
Total pot $2 | Rake $0
Seat 3: 120877 (button) (small blind) folded before Flop
Seat 4: Agrotait (big blind) collected ($2)


PokerStars Hand #151121853822:  Hold'em Limit ($3/$6 USD) - 2016/03/29 13:08:27 ET
Table 'Valeria' 6-max Seat #4 is the button
Seat 3: 120877 ($65.56 in chips)
Seat 4: Agrotait ($64.76 in chips)
Agrotait: posts small blind $1
120877: posts big blind $3
*** HOLE CARDS ***
Agrotait: raises $3 to $6
120877: calls $3
*** FLOP *** [8d 3s 8s]
120877: bets $3
Agrotait: raises $3 to $6
120877: calls $3
*** TURN *** [8d 3s 8s] [6c]
120877: checks
Agrotait: bets $6
120877: folds
Uncalled bet ($6) returned to Agrotait
Agrotait collected $23.52 from pot
Agrotait: doesn't show hand
*** SUMMARY ***
Total pot $24 | Rake $0.48
Board [8d 3s 8s 6c]
Seat 3: 120877 (big blind) folded on the Turn
Seat 4: Agrotait (button) (small blind) collected ($23.52)


PokerStars Hand #151121801044:  Hold'em Limit ($3/$6 USD) - 2016/03/29 13:07:30 ET
Table 'Valeria' 6-max Seat #3 is the button
Seat 3: 120877 ($59.80 in chips)
Seat 4: Agrotait ($70.76 in chips)
120877: posts small blind $1
Agrotait: posts big blind $3
*** HOLE CARDS ***
120877: raises $3 to $6
Agrotait: calls $3
*** FLOP *** [9s Jh 6d]
Agrotait: checks
120877: checks
*** TURN *** [9s Jh 6d] [Jd]
Agrotait: checks
120877: checks
*** RIVER *** [9s Jh 6d Jd] [5d]
Agrotait: checks
120877: checks
*** SHOW DOWN ***
Agrotait: shows [Kd 7c] (a pair of Jacks)
120877: shows [Kh 8d] (a pair of Jacks - King+Nine+Eight kicker)
120877 collected $11.76 from pot
*** SUMMARY ***
Total pot $12 | Rake $0.24
Board [9s Jh 6d Jd 5d]
Seat 3: 120877 (button) (small blind) showed [Kh 8d] and won ($11.76) with a pair of Jacks
Seat 4: Agrotait (big blind) showed [Kd 7c] and lost with a pair of Jacks


PokerStars Hand #151121925740:  Hold'em Limit ($3/$6 USD) - 2016/03/29 13:09:46 ET
Table 'Valeria' 6-max Seat #3 is the button
Seat 3: 120877 ($83.58 in chips)
Seat 4: Agrotait ($61 in chips)
120877: posts small blind $1
Agrotait: posts big blind $3
*** HOLE CARDS ***
120877: folds
Uncalled bet ($2) returned to Agrotait
Agrotait collected $2 from pot
Agrotait: doesn't show hand
*** SUMMARY ***
Total pot $2 | Rake $0
Seat 3: 120877 (button) (small blind) folded before Flop
Seat 4: Agrotait (big blind) collected ($2)


PokerStars Hand #151121901932:  Hold'em Limit ($3/$6 USD) - 2016/03/29 13:09:20 ET
Table 'Valeria' 6-max Seat #4 is the button
Seat 3: 120877 ($72.06 in chips)
Seat 4: Agrotait ($73 in chips)
Agrotait: posts small blind $1
120877: posts big blind $3
*** HOLE CARDS ***
Agrotait: raises $3 to $6
120877: calls $3
*** FLOP *** [7d 3h 5h]
120877: bets $3
Agrotait: raises $3 to $6
120877: calls $3
*** TURN *** [7d 3h 5h] [7h]
120877: bets $6
Agrotait: folds
Uncalled bet ($6) returned to 120877
120877 collected $23.52 from pot
*** SUMMARY ***
Total pot $24 | Rake $0.48
Board [7d 3h 5h 7h]
Seat 3: 120877 (big blind) collected ($23.52)
Seat 4: Agrotait (button) (small blind) folded on the Turn


PokerStars Hand #151121897163:  Hold'em Limit ($3/$6 USD) - 2016/03/29 13:09:15 ET
Table 'Valeria' 6-max Seat #3 is the button
Seat 3: 120877 ($73.06 in chips)
Seat 4: Agrotait ($72 in chips)
120877: posts small blind $1
Agrotait: posts big blind $3
*** HOLE CARDS ***
120877: folds
Uncalled bet ($2) returned to Agrotait
Agrotait collected $2 from pot
Agrotait: doesn't show hand
*** SUMMARY ***
Total pot $2 | Rake $0
Seat 3: 120877 (button) (small blind) folded before Flop
Seat 4: Agrotait (big blind) collected ($2)


PokerStars Hand #151121875757:  Hold'em Limit ($3/$6 USD) - 2016/03/29 13:08:52 ET
Table 'Valeria' 6-max Seat #4 is the button
Seat 3: 120877 ($52.56 in chips)
Seat 4: Agrotait ($77.28 in chips)
Agrotait: posts small blind $1
120877: posts big blind $3
*** HOLE CARDS ***
Agrotait: raises $3 to $6
120877: calls $3
*** FLOP *** [Ad Kd 7h]
120877: bets $3
Agrotait: calls $3
*** TURN *** [Ad Kd 7h] [4c]
120877: bets $6
Agrotait: calls $6
*** RIVER *** [Ad Kd 7h 4c] [3s]
120877: bets $6
Agrotait: calls $6
*** SHOW DOWN ***
120877: shows [2h Ac] (a pair of Aces)
Agrotait: mucks hand
120877 collected $41.50 from pot
*** SUMMARY ***
Total pot $42 | Rake $0.50
Board [Ad Kd 7h 4c 3s]
Seat 3: 120877 (big blind) showed [2h Ac] and won ($41.50) with a pair of Aces
Seat 4: Agrotait (button) (small blind) mucked


PokerStars Hand #151121980004:  Hold'em Limit ($3/$6 USD) - 2016/03/29 13:10:46 ET
Table 'Valeria' 6-max Seat #3 is the button
Seat 3: 120877 ($119.58 in chips)
Seat 4: Agrotait ($72 in chips)
120877: posts small blind $1
Agrotait: posts big blind $3
*** HOLE CARDS ***
120877: folds
Uncalled bet ($2) returned to Agrotait
Agrotait collected $2 from pot
Agrotait: doesn't show hand
*** SUMMARY ***
Total pot $2 | Rake $0
Seat 3: 120877 (button) (small blind) folded before Flop
Seat 4: Agrotait (big blind) collected ($2)


PokerStars Hand #151121953332:  Hold'em Limit ($3/$6 USD) - 2016/03/29 13:10:17 ET
Table 'Valeria' 6-max Seat #4 is the button
Seat 3: 120877 ($102.08 in chips)
Seat 4: Agrotait ($73 in chips)
Agrotait: posts small blind $1
120877: posts big blind $3
*** HOLE CARDS ***
Agrotait: raises $3 to $6
120877: calls $3
*** FLOP *** [2s 7d Qc]
120877: bets $3
Agrotait: raises $3 to $6
120877: calls $3
*** TURN *** [2s 7d Qc] [Js]
120877: checks
Agrotait: bets $6
120877: calls $6
*** RIVER *** [2s 7d Qc Js] [4d]
120877: checks
Agrotait: checks
*** SHOW DOWN ***
120877: shows [8h 8c] (a pair of Eights)
Agrotait: mucks hand
120877 collected $35.50 from pot
*** SUMMARY ***
Total pot $36 | Rake $0.50
Board [2s 7d Qc Js 4d]
Seat 3: 120877 (big blind) showed [8h 8c] and won ($35.50) with a pair of Eights
Seat 4: Agrotait (button) (small blind) mucked


PokerStars Hand #151121947992:  Hold'em Limit ($3/$6 USD) - 2016/03/29 13:10:11 ET
Table 'Valeria' 6-max Seat #3 is the button
Seat 3: 120877 ($103.08 in chips)
Seat 4: Agrotait ($72 in chips)
120877: posts small blind $1
Agrotait: posts big blind $3
*** HOLE CARDS ***
120877: folds
Uncalled bet ($2) returned to Agrotait
Agrotait collected $2 from pot
Agrotait: doesn't show hand
*** SUMMARY ***
Total pot $2 | Rake $0
Seat 3: 120877 (button) (small blind) folded before Flop
Seat 4: Agrotait (big blind) collected ($2)


PokerStars Hand #151121930596:  Hold'em Limit ($3/$6 USD) - 2016/03/29 13:09:52 ET
Table 'Valeria' 6-max Seat #4 is the button
Seat 3: 120877 ($82.58 in chips)
Seat 4: Agrotait ($62 in chips)
Agrotait: posts small blind $1
120877: posts big blind $3
*** HOLE CARDS ***
Agrotait: raises $3 to $6
120877: calls $3
*** FLOP *** [4c Ad 3s]
120877: checks
Agrotait: bets $3
120877: calls $3
*** TURN *** [4c Ad 3s] [Ac]
120877: bets $6
Agrotait: calls $6
*** RIVER *** [4c Ad 3s Ac] [8d]
120877: bets $6
Agrotait: calls $6
*** SHOW DOWN ***
120877: shows [4s 9c] (two pair, Aces and Fours)
Agrotait: mucks hand
120877 collected $41.50 from pot
*** SUMMARY ***
Total pot $42 | Rake $0.50
Board [4c Ad 3s Ac 8d]
Seat 3: 120877 (big blind) showed [4s 9c] and won ($41.50) with two pair, Aces and Fours
Seat 4: Agrotait (button) (small blind) mucked


PokerStars Hand #151122020964:  Hold'em Limit ($3/$6 USD) - 2016/03/29 13:11:32 ET
Table 'Valeria' 6-max Seat #4 is the button
Seat 3: 120877 ($95.58 in chips)
Seat 4: Agrotait ($95.50 in chips)
Agrotait: posts small blind $1
120877: posts big blind $3
*** HOLE CARDS ***
Agrotait: raises $3 to $6
120877: calls $3
*** FLOP *** [Ks Jh 6h]
120877: checks
Agrotait: bets $3
120877: folds
Uncalled bet ($3) returned to Agrotait
Agrotait collected $11.76 from pot
Agrotait: doesn't show hand
*** SUMMARY ***
Total pot $12 | Rake $0.24
Board [Ks Jh 6h]
Seat 3: 120877 (big blind) folded on the Flop
Seat 4: Agrotait (button) (small blind) collected ($11.76)


PokerStars Hand #151121990485:  Hold'em Limit ($3/$6 USD) - 2016/03/29 13:10:58 ET
Table 'Valeria' 6-max Seat #3 is the button
Seat 3: 120877 ($119.58 in chips)
Seat 4: Agrotait ($72 in chips)
120877: posts small blind $1
Agrotait: posts big blind $3
*** HOLE CARDS ***
120877: raises $3 to $6
Agrotait: calls $3
*** FLOP *** [9s Qs 4c]
Agrotait: checks
120877: bets $3
Agrotait: raises $3 to $6
120877: calls $3
*** TURN *** [9s Qs 4c] [8c]
Agrotait: bets $6
120877: calls $6
*** RIVER *** [9s Qs 4c 8c] [Qc]
Agrotait: bets $6
120877: calls $6
*** SHOW DOWN ***
Agrotait: shows [9h 6s] (two pair, Queens and Nines)
120877: mucks hand
Agrotait collected $47.50 from pot
*** SUMMARY ***
Total pot $48 | Rake $0.50
Board [9s Qs 4c 8c Qc]
Seat 3: 120877 (button) (small blind) mucked
Seat 4: Agrotait (big blind) showed [9h 6s] and won ($47.50) with two pair, Queens and Nines


PokerStars Hand #151121984669:  Hold'em Limit ($3/$6 USD) - 2016/03/29 13:10:52 ET
Table 'Valeria' 6-max Seat #4 is the button
Seat 3: 120877 ($118.58 in chips)
Seat 4: Agrotait ($73 in chips)
Agrotait: posts small blind $1
120877: posts big blind $3
*** HOLE CARDS ***
Agrotait: folds
Uncalled bet ($2) returned to 120877
120877 collected $2 from pot
*** SUMMARY ***
Total pot $2 | Rake $0
Seat 3: 120877 (big blind) collected ($2)
Seat 4: Agrotait (button) (small blind) folded before Flop


PokerStars Hand #151122093454:  Hold'em Limit ($3/$6 USD) - 2016/03/29 13:12:52 ET
Table 'Valeria' 6-max Seat #3 is the button
Seat 3: 120877 ($111.62 in chips)
Seat 4: Agrotait ($78.26 in chips)
120877: posts small blind $1
Agrotait: posts big blind $3
*** HOLE CARDS ***
120877: folds
Uncalled bet ($2) returned to Agrotait
Agrotait collected $2 from pot
Agrotait: doesn't show hand
*** SUMMARY ***
Total pot $2 | Rake $0
Seat 3: 120877 (button) (small blind) folded before Flop
Seat 4: Agrotait (big blind) collected ($2)


PokerStars Hand #151122084918:  Hold'em Limit ($3/$6 USD) - 2016/03/29 13:12:42 ET
Table 'Valeria' 6-max Seat #4 is the button
Seat 3: 120877 ($105.86 in chips)
Seat 4: Agrotait ($84.26 in chips)
Agrotait: posts small blind $1
120877: posts big blind $3
*** HOLE CARDS ***
Agrotait: raises $3 to $6
120877: calls $3
*** FLOP *** [9s 3h 8s]
120877: bets $3
Agrotait: folds
Uncalled bet ($3) returned to 120877
120877 collected $11.76 from pot
*** SUMMARY ***
Total pot $12 | Rake $0.24
Board [9s 3h 8s]
Seat 3: 120877 (big blind) collected ($11.76)
Seat 4: Agrotait (button) (small blind) folded on the Flop


PokerStars Hand #151122061460:  Hold'em Limit ($3/$6 USD) - 2016/03/29 13:12:16 ET
Table 'Valeria' 6-max Seat #3 is the button
Seat 3: 120877 ($100.10 in chips)
Seat 4: Agrotait ($90.26 in chips)
120877: posts small blind $1
Agrotait: posts big blind $3
*** HOLE CARDS ***
120877: raises $3 to $6
Agrotait: calls $3
*** FLOP *** [Qc Kh Ac]
Agrotait: checks
120877: bets $3
Agrotait: folds
Uncalled bet ($3) returned to 120877
120877 collected $11.76 from pot
*** SUMMARY ***
Total pot $12 | Rake $0.24
Board [Qc Kh Ac]
Seat 3: 120877 (button) (small blind) collected ($11.76)
Seat 4: Agrotait (big blind) folded on the Flop


PokerStars Hand #151122045757:  Hold'em Limit ($3/$6 USD) - 2016/03/29 13:11:59 ET
Table 'Valeria' 6-max Seat #4 is the button
Seat 3: 120877 ($88.58 in chips)
Seat 4: Agrotait ($102.26 in chips)
Agrotait: posts small blind $1
120877: posts big blind $3
*** HOLE CARDS ***
Agrotait: raises $3 to $6
120877: calls $3
*** FLOP *** [Js Ad 2c]
120877: bets $3
Agrotait: raises $3 to $6
120877: calls $3
*** TURN *** [Js Ad 2c] [2d]
120877: bets $6
Agrotait: folds
Uncalled bet ($6) returned to 120877
120877 collected $23.52 from pot
*** SUMMARY ***
Total pot $24 | Rake $0.48
Board [Js Ad 2c 2d]
Seat 3: 120877 (big blind) collected ($23.52)
Seat 4: Agrotait (button) (small blind) folded on the Turn


PokerStars Hand #151122036494:  Hold'em Limit ($3/$6 USD) - 2016/03/29 13:11:49 ET
Table 'Valeria' 6-max Seat #3 is the button
Seat 3: 120877 ($89.58 in chips)
Seat 4: Agrotait ($101.26 in chips)
120877: posts small blind $1
Agrotait: posts big blind $3
*** HOLE CARDS ***
120877: folds
Uncalled bet ($2) returned to Agrotait
Agrotait collected $2 from pot
Agrotait: doesn't show hand
*** SUMMARY ***
Total pot $2 | Rake $0
Seat 3: 120877 (button) (small blind) folded before Flop
Seat 4: Agrotait (big blind) collected ($2)


PokerStars Hand #151122144533:  Hold'em Limit ($3/$6 USD) - 2016/03/29 13:13:49 ET
Table 'Valeria' 6-max Seat #3 is the button
Seat 3: 120877 ($123.12 in chips)
Seat 4: Agrotait ($66.02 in chips)
120877: posts small blind $1
Agrotait: posts big blind $3
*** HOLE CARDS ***
120877: folds
Uncalled bet ($2) returned to Agrotait
Agrotait collected $2 from pot
Agrotait: doesn't show hand
*** SUMMARY ***
Total pot $2 | Rake $0
Seat 3: 120877 (button) (small blind) folded before Flop
Seat 4: Agrotait (big blind) collected ($2)


PokerStars Hand #151122139552:  Hold'em Limit ($3/$6 USD) - 2016/03/29 13:13:43 ET
Table 'Valeria' 6-max Seat #4 is the button
Seat 3: 120877 ($122.12 in chips)
Seat 4: Agrotait ($67.02 in chips)
Agrotait: posts small blind $1
120877: posts big blind $3
*** HOLE CARDS ***
Agrotait: folds
Uncalled bet ($2) returned to 120877
120877 collected $2 from pot
*** SUMMARY ***
Total pot $2 | Rake $0
Seat 3: 120877 (big blind) collected ($2)
Seat 4: Agrotait (button) (small blind) folded before Flop


PokerStars Hand #151122108203:  Hold'em Limit ($3/$6 USD) - 2016/03/29 13:13:08 ET
Table 'Valeria' 6-max Seat #3 is the button
Seat 3: 120877 ($104.62 in chips)
Seat 4: Agrotait ($85.02 in chips)
120877: posts small blind $1
Agrotait: posts big blind $3
*** HOLE CARDS ***
120877: raises $3 to $6
Agrotait: calls $3
*** FLOP *** [Js Jd Qd]
Agrotait: checks
120877: checks
*** TURN *** [Js Jd Qd] [9c]
Agrotait: bets $6
120877: calls $6
*** RIVER *** [Js Jd Qd 9c] [Tc]
Agrotait: bets $6
120877: raises $6 to $12
Agrotait: folds
Uncalled bet ($6) returned to 120877
120877 collected $35.50 from pot
*** SUMMARY ***
Total pot $36 | Rake $0.50
Board [Js Jd Qd 9c Tc]
Seat 3: 120877 (button) (small blind) collected ($35.50)
Seat 4: Agrotait (big blind) folded on the River


PokerStars Hand #151122098060:  Hold'em Limit ($3/$6 USD) - 2016/03/29 13:12:57 ET
Table 'Valeria' 6-max Seat #4 is the button
Seat 3: 120877 ($110.62 in chips)
Seat 4: Agrotait ($79.26 in chips)
Agrotait: posts small blind $1
120877: posts big blind $3
*** HOLE CARDS ***
Agrotait: raises $3 to $6
120877: calls $3
*** FLOP *** [Qs 5d Td]
120877: checks
Agrotait: bets $3
120877: folds
Uncalled bet ($3) returned to Agrotait
Agrotait collected $11.76 from pot
*** SUMMARY ***
Total pot $12 | Rake $0.24
Board [Qs 5d Td]
Seat 3: 120877 (big blind) folded on the Flop
Seat 4: Agrotait (button) (small blind) collected ($11.76)


PokerStars Hand #151122175113:  Hold'em Limit ($3/$6 USD) - 2016/03/29 13:14:24 ET
Table 'Valeria' 6-max Seat #3 is the button
Seat 3: 120877 ($107.12 in chips)
Seat 4: Agrotait ($81.52 in chips)
120877: posts small blind $1
Agrotait: posts big blind $3
*** HOLE CARDS ***
120877: raises $3 to $6
Agrotait: folds
Uncalled bet ($3) returned to 120877
hooverr joins the table at seat #6
120877 collected $6 from pot
*** SUMMARY ***
Total pot $6 | Rake $0
Seat 3: 120877 (button) (small blind) collected ($6)
Seat 4: Agrotait (big blind) folded before Flop


PokerStars Hand #151122149198:  Hold'em Limit ($3/$6 USD) - 2016/03/29 13:13:54 ET
Table 'Valeria' 6-max Seat #4 is the button
Seat 3: 120877 ($122.12 in chips)
Seat 4: Agrotait ($67.02 in chips)
Agrotait: posts small blind $1
120877: posts big blind $3
*** HOLE CARDS ***
Agrotait: raises $3 to $6
120877: calls $3
*** FLOP *** [Jd 6c 7c]
120877: bets $3
Agrotait: calls $3
*** TURN *** [Jd 6c 7c] [4c]
120877: checks
Agrotait: bets $6
120877: calls $6
*** RIVER *** [Jd 6c 7c 4c] [4s]
120877: checks
Agrotait: checks
*** SHOW DOWN ***
120877: shows [Qs Ac] (a pair of Fours)
Agrotait: shows [6d 9h] (two pair, Sixes and Fours)
Agrotait collected $29.50 from pot
*** SUMMARY ***
Total pot $30 | Rake $0.50
Board [Jd 6c 7c 4c 4s]
Seat 3: 120877 (big blind) showed [Qs Ac] and lost with a pair of Fours
Seat 4: Agrotait (button) (small blind) showed [6d 9h] and won ($29.50) with two pair, Sixes and Fours


