PokerStars Hand #160236159138:  Hold'em Limit ($3/$6 USD) - 2016/10/21 11:29:12 ET
Table 'Varsavia' 6-max Seat #1 is the button
Seat 1: VolkovDmitri ($120 in chips)
Seat 3: 19woody58 ($139.35 in chips)
VolkovDmitri: posts small blind $1
19woody58: posts big blind $3
*** HOLE CARDS ***
VolkovDmitri: raises $3 to $6
19woody58: calls $3
*** FLOP *** [7h 2d 2h]
19woody58: checks
VolkovDmitri: bets $3
19woody58: calls $3
*** TURN *** [7h 2d 2h] [7d]
19woody58: checks
VolkovDmitri: bets $6
19woody58: calls $6
*** RIVER *** [7h 2d 2h 7d] [Ks]
19woody58: checks
VolkovDmitri: bets $6
19woody58: calls $6
*** SHOW DOWN ***
VolkovDmitri: shows [4d 2s] (a full house, Deuces full of Sevens)
19woody58: mucks hand
VolkovDmitri collected $41.50 from pot
*** SUMMARY ***
Total pot $42 | Rake $0.50
Board [7h 2d 2h 7d Ks]
Seat 1: VolkovDmitri (button) (small blind) showed [4d 2s] and won ($41.50) with a full house, Deuces full of Sevens
Seat 3: 19woody58 (big blind) mucked


PokerStars Hand #160236228680:  Hold'em Limit ($3/$6 USD) - 2016/10/21 11:31:00 ET
Table 'Varsavia' 6-max Seat #1 is the button
Seat 1: VolkovDmitri ($164 in chips)
Seat 3: 19woody58 ($94.35 in chips)
VolkovDmitri: posts small blind $1
19woody58: posts big blind $3
*** HOLE CARDS ***
VolkovDmitri: raises $3 to $6
19woody58: calls $3
*** FLOP *** [6s 5d Qc]
19woody58: checks
VolkovDmitri: bets $3
19woody58: calls $3
*** TURN *** [6s 5d Qc] [9d]
19woody58: checks
VolkovDmitri: checks
*** RIVER *** [6s 5d Qc 9d] [As]
19woody58: bets $6
VolkovDmitri: calls $6
*** SHOW DOWN ***
19woody58: shows [Qs 8c] (a pair of Queens)
VolkovDmitri: mucks hand
19woody58 collected $29.50 from pot
*** SUMMARY ***
Total pot $30 | Rake $0.50
Board [6s 5d Qc 9d As]
Seat 1: VolkovDmitri (button) (small blind) mucked
Seat 3: 19woody58 (big blind) showed [Qs 8c] and won ($29.50) with a pair of Queens


PokerStars Hand #160236224918:  Hold'em Limit ($3/$6 USD) - 2016/10/21 11:30:54 ET
Table 'Varsavia' 6-max Seat #3 is the button
Seat 1: VolkovDmitri ($163 in chips)
Seat 3: 19woody58 ($95.35 in chips)
19woody58: posts small blind $1
VolkovDmitri: posts big blind $3
*** HOLE CARDS ***
19woody58: folds
Uncalled bet ($2) returned to VolkovDmitri
VolkovDmitri collected $2 from pot
VolkovDmitri: doesn't show hand
*** SUMMARY ***
Total pot $2 | Rake $0
Seat 1: VolkovDmitri (big blind) collected ($2)
Seat 3: 19woody58 (button) (small blind) folded before Flop


PokerStars Hand #160236221639:  Hold'em Limit ($3/$6 USD) - 2016/10/21 11:30:49 ET
Table 'Varsavia' 6-max Seat #1 is the button
Seat 1: VolkovDmitri ($164 in chips)
Seat 3: 19woody58 ($94.35 in chips)
VolkovDmitri: posts small blind $1
19woody58: posts big blind $3
*** HOLE CARDS ***
VolkovDmitri: folds
Uncalled bet ($2) returned to 19woody58
19woody58 collected $2 from pot
*** SUMMARY ***
Total pot $2 | Rake $0
Seat 1: VolkovDmitri (button) (small blind) folded before Flop
Seat 3: 19woody58 (big blind) collected ($2)


PokerStars Hand #160236196242:  Hold'em Limit ($3/$6 USD) - 2016/10/21 11:30:09 ET
Table 'Varsavia' 6-max Seat #3 is the button
Seat 1: VolkovDmitri ($140.50 in chips)
Seat 3: 19woody58 ($118.35 in chips)
19woody58: posts small blind $1
VolkovDmitri: posts big blind $3
*** HOLE CARDS ***
19woody58: raises $3 to $6
VolkovDmitri: raises $3 to $9
19woody58: calls $3
*** FLOP *** [3d Td Ac]
VolkovDmitri: bets $3
19woody58: calls $3
*** TURN *** [3d Td Ac] [Ad]
VolkovDmitri: bets $6
19woody58: calls $6
*** RIVER *** [3d Td Ac Ad] [Th]
VolkovDmitri: bets $6
19woody58: calls $6
*** SHOW DOWN ***
VolkovDmitri: shows [Jd Ah] (a full house, Aces full of Tens)
19woody58: mucks hand
VolkovDmitri collected $47.50 from pot
*** SUMMARY ***
Total pot $48 | Rake $0.50
Board [3d Td Ac Ad Th]
Seat 1: VolkovDmitri (big blind) showed [Jd Ah] and won ($47.50) with a full house, Aces full of Tens
Seat 3: 19woody58 (button) (small blind) mucked


PokerStars Hand #160236274842:  Hold'em Limit ($3/$6 USD) - 2016/10/21 11:32:11 ET
Table 'Varsavia' 6-max Seat #3 is the button
Seat 1: VolkovDmitri ($162.52 in chips)
Seat 3: 19woody58 ($94.85 in chips)
19woody58: posts small blind $1
VolkovDmitri: posts big blind $3
*** HOLE CARDS ***
19woody58: folds
Uncalled bet ($2) returned to VolkovDmitri
VolkovDmitri collected $2 from pot
VolkovDmitri: doesn't show hand
*** SUMMARY ***
Total pot $2 | Rake $0
Seat 1: VolkovDmitri (big blind) collected ($2)
Seat 3: 19woody58 (button) (small blind) folded before Flop


PokerStars Hand #160236264203:  Hold'em Limit ($3/$6 USD) - 2016/10/21 11:31:55 ET
Table 'Varsavia' 6-max Seat #1 is the button
Seat 1: VolkovDmitri ($156.76 in chips)
Seat 3: 19woody58 ($100.85 in chips)
VolkovDmitri: posts small blind $1
19woody58: posts big blind $3
*** HOLE CARDS ***
VolkovDmitri: raises $3 to $6
19woody58: calls $3
*** FLOP *** [Ah 2s Kc]
19woody58: checks
VolkovDmitri: bets $3
19woody58: folds
Uncalled bet ($3) returned to VolkovDmitri
VolkovDmitri collected $11.76 from pot
VolkovDmitri: doesn't show hand
*** SUMMARY ***
Total pot $12 | Rake $0.24
Board [Ah 2s Kc]
Seat 1: VolkovDmitri (button) (small blind) collected ($11.76)
Seat 3: 19woody58 (big blind) folded on the Flop


PokerStars Hand #160236260219:  Hold'em Limit ($3/$6 USD) - 2016/10/21 11:31:49 ET
Table 'Varsavia' 6-max Seat #3 is the button
Seat 1: VolkovDmitri ($155.76 in chips)
Seat 3: 19woody58 ($101.85 in chips)
19woody58: posts small blind $1
VolkovDmitri: posts big blind $3
*** HOLE CARDS ***
19woody58: folds
Uncalled bet ($2) returned to VolkovDmitri
VolkovDmitri collected $2 from pot
VolkovDmitri: doesn't show hand
*** SUMMARY ***
Total pot $2 | Rake $0
Seat 1: VolkovDmitri (big blind) collected ($2)
Seat 3: 19woody58 (button) (small blind) folded before Flop


PokerStars Hand #160236248959:  Hold'em Limit ($3/$6 USD) - 2016/10/21 11:31:31 ET
Table 'Varsavia' 6-max Seat #1 is the button
Seat 1: VolkovDmitri ($150 in chips)
Seat 3: 19woody58 ($107.85 in chips)
VolkovDmitri: posts small blind $1
19woody58: posts big blind $3
*** HOLE CARDS ***
VolkovDmitri: raises $3 to $6
19woody58: calls $3
*** FLOP *** [4d 8c 5d]
19woody58: checks
VolkovDmitri: bets $3
19woody58: folds
Uncalled bet ($3) returned to VolkovDmitri
VolkovDmitri collected $11.76 from pot
VolkovDmitri: doesn't show hand
*** SUMMARY ***
Total pot $12 | Rake $0.24
Board [4d 8c 5d]
Seat 1: VolkovDmitri (button) (small blind) collected ($11.76)
Seat 3: 19woody58 (big blind) folded on the Flop


PokerStars Hand #160236245553:  Hold'em Limit ($3/$6 USD) - 2016/10/21 11:31:26 ET
Table 'Varsavia' 6-max Seat #3 is the button
Seat 1: VolkovDmitri ($149 in chips)
Seat 3: 19woody58 ($108.85 in chips)
19woody58: posts small blind $1
VolkovDmitri: posts big blind $3
*** HOLE CARDS ***
19woody58: folds
Uncalled bet ($2) returned to VolkovDmitri
VolkovDmitri collected $2 from pot
VolkovDmitri: doesn't show hand
*** SUMMARY ***
Total pot $2 | Rake $0
Seat 1: VolkovDmitri (big blind) collected ($2)
Seat 3: 19woody58 (button) (small blind) folded before Flop


PokerStars Hand #160236290983:  Hold'em Limit ($3/$6 USD) - 2016/10/21 11:32:36 ET
Table 'Varsavia' 6-max Seat #3 is the button
Seat 1: VolkovDmitri ($169.28 in chips)
Seat 3: 19woody58 ($87.85 in chips)
19woody58: posts small blind $1
VolkovDmitri: posts big blind $3
*** HOLE CARDS ***
19woody58: raises $3 to $6
VolkovDmitri: calls $3
*** FLOP *** [8c 2d 4h]
VolkovDmitri: checks
19woody58: bets $3
VolkovDmitri: calls $3
*** TURN *** [8c 2d 4h] [Jc]
VolkovDmitri: checks
19woody58: bets $6
VolkovDmitri: folds
Uncalled bet ($6) returned to 19woody58
19woody58 collected $17.64 from pot
*** SUMMARY ***
Total pot $18 | Rake $0.36
Board [8c 2d 4h Jc]
Seat 1: VolkovDmitri (big blind) folded on the Turn
Seat 3: 19woody58 (button) (small blind) collected ($17.64)


PokerStars Hand #160236279401:  Hold'em Limit ($3/$6 USD) - 2016/10/21 11:32:18 ET
Table 'Varsavia' 6-max Seat #1 is the button
Seat 1: VolkovDmitri ($163.52 in chips)
Seat 3: 19woody58 ($93.85 in chips)
VolkovDmitri: posts small blind $1
19woody58: posts big blind $3
*** HOLE CARDS ***
VolkovDmitri: raises $3 to $6
19woody58: calls $3
*** FLOP *** [2d 8d 7s]
19woody58: checks
VolkovDmitri: bets $3
19woody58: folds
Uncalled bet ($3) returned to VolkovDmitri
VolkovDmitri collected $11.76 from pot
VolkovDmitri: doesn't show hand
*** SUMMARY ***
Total pot $12 | Rake $0.24
Board [2d 8d 7s]
Seat 1: VolkovDmitri (button) (small blind) collected ($11.76)
Seat 3: 19woody58 (big blind) folded on the Flop


PokerStars Hand #160236351079:  Hold'em Limit ($3/$6 USD) - 2016/10/21 11:34:09 ET
Table 'Varsavia' 6-max Seat #3 is the button
Seat 1: VolkovDmitri ($158.92 in chips)
Seat 3: 19woody58 ($97.13 in chips)
19woody58: posts small blind $1
VolkovDmitri: posts big blind $3
*** HOLE CARDS ***
19woody58: raises $3 to $6
VolkovDmitri: folds
Uncalled bet ($3) returned to 19woody58
19woody58 collected $6 from pot
*** SUMMARY ***
Total pot $6 | Rake $0
Seat 1: VolkovDmitri (big blind) folded before Flop
Seat 3: 19woody58 (button) (small blind) collected ($6)


PokerStars Hand #160236347473:  Hold'em Limit ($3/$6 USD) - 2016/10/21 11:34:03 ET
Table 'Varsavia' 6-max Seat #1 is the button
Seat 1: VolkovDmitri ($159.92 in chips)
Seat 3: 19woody58 ($96.13 in chips)
VolkovDmitri: posts small blind $1
19woody58: posts big blind $3
*** HOLE CARDS ***
VolkovDmitri: folds
Uncalled bet ($2) returned to 19woody58
19woody58 collected $2 from pot
*** SUMMARY ***
Total pot $2 | Rake $0
Seat 1: VolkovDmitri (button) (small blind) folded before Flop
Seat 3: 19woody58 (big blind) collected ($2)


PokerStars Hand #160236335706:  Hold'em Limit ($3/$6 USD) - 2016/10/21 11:33:45 ET
Table 'Varsavia' 6-max Seat #3 is the button
Seat 1: VolkovDmitri ($151.28 in chips)
Seat 3: 19woody58 ($105.13 in chips)
19woody58: posts small blind $1
VolkovDmitri: posts big blind $3
*** HOLE CARDS ***
19woody58: raises $3 to $6
VolkovDmitri: raises $3 to $9
19woody58: calls $3
*** FLOP *** [8s 5h Th]
VolkovDmitri: bets $3
19woody58: folds
Uncalled bet ($3) returned to VolkovDmitri
VolkovDmitri collected $17.64 from pot
VolkovDmitri: doesn't show hand
*** SUMMARY ***
Total pot $18 | Rake $0.36
Board [8s 5h Th]
Seat 1: VolkovDmitri (big blind) collected ($17.64)
Seat 3: 19woody58 (button) (small blind) folded on the Flop


PokerStars Hand #160236315843:  Hold'em Limit ($3/$6 USD) - 2016/10/21 11:33:14 ET
Table 'Varsavia' 6-max Seat #1 is the button
Seat 1: VolkovDmitri ($160.28 in chips)
Seat 3: 19woody58 ($96.49 in chips)
VolkovDmitri: posts small blind $1
19woody58: posts big blind $3
*** HOLE CARDS ***
VolkovDmitri: raises $3 to $6
19woody58: calls $3
*** FLOP *** [Jd As 7s]
19woody58: checks
VolkovDmitri: bets $3
19woody58: calls $3
*** TURN *** [Jd As 7s] [2s]
19woody58: checks
VolkovDmitri: checks
*** RIVER *** [Jd As 7s 2s] [Qs]
19woody58: checks
VolkovDmitri: checks
*** SHOW DOWN ***
19woody58: shows [9c 8s] (a flush, Ace high)
VolkovDmitri: mucks hand
19woody58 collected $17.64 from pot
*** SUMMARY ***
Total pot $18 | Rake $0.36
Board [Jd As 7s 2s Qs]
Seat 1: VolkovDmitri (button) (small blind) mucked
Seat 3: 19woody58 (big blind) showed [9c 8s] and won ($17.64) with a flush, Ace high


PokerStars Hand #160236393980:  Hold'em Limit ($3/$6 USD) - 2016/10/21 11:35:15 ET
Table 'Varsavia' 6-max Seat #3 is the button
Seat 1: VolkovDmitri ($144.92 in chips)
Seat 3: 19woody58 ($110.63 in chips)
19woody58: posts small blind $1
VolkovDmitri: posts big blind $3
*** HOLE CARDS ***
19woody58: folds
Uncalled bet ($2) returned to VolkovDmitri
VolkovDmitri collected $2 from pot
VolkovDmitri: doesn't show hand
*** SUMMARY ***
Total pot $2 | Rake $0
Seat 1: VolkovDmitri (big blind) collected ($2)
Seat 3: 19woody58 (button) (small blind) folded before Flop


PokerStars Hand #160236355738:  Hold'em Limit ($3/$6 USD) - 2016/10/21 11:34:16 ET
Table 'Varsavia' 6-max Seat #1 is the button
Seat 1: VolkovDmitri ($155.92 in chips)
Seat 3: 19woody58 ($100.13 in chips)
VolkovDmitri: posts small blind $1
19woody58: posts big blind $3
*** HOLE CARDS ***
VolkovDmitri: raises $3 to $6
19woody58: calls $3
*** FLOP *** [7h 7d Tc]
19woody58: checks
VolkovDmitri: bets $3
19woody58: calls $3
*** TURN *** [7h 7d Tc] [Qh]
19woody58: checks
VolkovDmitri: bets $6
19woody58: calls $6
*** RIVER *** [7h 7d Tc Qh] [Js]
19woody58: checks
VolkovDmitri: checks
*** SHOW DOWN ***
19woody58: shows [As Qs] (two pair, Queens and Sevens)
VolkovDmitri: mucks hand
19woody58 collected $29.50 from pot
*** SUMMARY ***
Total pot $30 | Rake $0.50
Board [7h 7d Tc Qh Js]
Seat 1: VolkovDmitri (button) (small blind) mucked
Seat 3: 19woody58 (big blind) showed [As Qs] and won ($29.50) with two pair, Queens and Sevens


PokerStars Hand #160236375338:  Hold'em Limit ($3/$6 USD) - 2016/10/21 11:34:46 ET
Table 'Varsavia' 6-max Seat #3 is the button
Seat 1: VolkovDmitri ($140.92 in chips)
Seat 3: 19woody58 ($114.63 in chips)
19woody58: posts small blind $1
VolkovDmitri: posts big blind $3
*** HOLE CARDS ***
19woody58: raises $3 to $6
VolkovDmitri: folds
Uncalled bet ($3) returned to 19woody58
19woody58 collected $6 from pot
*** SUMMARY ***
Total pot $6 | Rake $0
Seat 1: VolkovDmitri (big blind) folded before Flop
Seat 3: 19woody58 (button) (small blind) collected ($6)


PokerStars Hand #160236385779:  Hold'em Limit ($3/$6 USD) - 2016/10/21 11:35:02 ET
Table 'Varsavia' 6-max Seat #3 is the button
Seat 1: VolkovDmitri ($140.92 in chips)
Seat 3: 19woody58 ($114.63 in chips)
19woody58: posts small blind $1
VolkovDmitri: posts big blind $3
*** HOLE CARDS ***
19woody58: folds
Uncalled bet ($2) returned to VolkovDmitri
VolkovDmitri collected $2 from pot
VolkovDmitri: doesn't show hand
*** SUMMARY ***
Total pot $2 | Rake $0
Seat 1: VolkovDmitri (big blind) collected ($2)
Seat 3: 19woody58 (button) (small blind) folded before Flop


PokerStars Hand #160236380672:  Hold'em Limit ($3/$6 USD) - 2016/10/21 11:34:54 ET
Table 'Varsavia' 6-max Seat #1 is the button
Seat 1: VolkovDmitri ($137.92 in chips)
Seat 3: 19woody58 ($117.63 in chips)
VolkovDmitri: posts small blind $1
19woody58: posts big blind $3
*** HOLE CARDS ***
VolkovDmitri: raises $3 to $6
19woody58: folds
Uncalled bet ($3) returned to VolkovDmitri
VolkovDmitri collected $6 from pot
VolkovDmitri: doesn't show hand
*** SUMMARY ***
Total pot $6 | Rake $0
Seat 1: VolkovDmitri (button) (small blind) collected ($6)
Seat 3: 19woody58 (big blind) folded before Flop


PokerStars Hand #160236389393:  Hold'em Limit ($3/$6 USD) - 2016/10/21 11:35:08 ET
Table 'Varsavia' 6-max Seat #1 is the button
Seat 1: VolkovDmitri ($141.92 in chips)
Seat 3: 19woody58 ($113.63 in chips)
VolkovDmitri: posts small blind $1
19woody58: posts big blind $3
*** HOLE CARDS ***
VolkovDmitri: raises $3 to $6
19woody58: folds
Uncalled bet ($3) returned to VolkovDmitri
VolkovDmitri collected $6 from pot
VolkovDmitri: doesn't show hand
*** SUMMARY ***
Total pot $6 | Rake $0
Seat 1: VolkovDmitri (button) (small blind) collected ($6)
Seat 3: 19woody58 (big blind) folded before Flop


PokerStars Hand #160236397598:  Hold'em Limit ($3/$6 USD) - 2016/10/21 11:35:20 ET
Table 'Varsavia' 6-max Seat #1 is the button
Seat 1: VolkovDmitri ($145.92 in chips)
Seat 3: 19woody58 ($109.63 in chips)
VolkovDmitri: posts small blind $1
19woody58: posts big blind $3
*** HOLE CARDS ***
VolkovDmitri: raises $3 to $6
19woody58: calls $3
*** FLOP *** [Qh 7h 3s]
19woody58: checks
VolkovDmitri: bets $3
19woody58: calls $3
*** TURN *** [Qh 7h 3s] [6h]
19woody58: checks
VolkovDmitri: checks
*** RIVER *** [Qh 7h 3s 6h] [Qc]
19woody58: bets $6
VolkovDmitri: folds
Uncalled bet ($6) returned to 19woody58
19woody58 collected $17.64 from pot
*** SUMMARY ***
Total pot $18 | Rake $0.36
Board [Qh 7h 3s 6h Qc]
Seat 1: VolkovDmitri (button) (small blind) folded on the River
Seat 3: 19woody58 (big blind) collected ($17.64)


PokerStars Hand #160236425219:  Hold'em Limit ($3/$6 USD) - 2016/10/21 11:36:03 ET
Table 'Varsavia' 6-max Seat #3 is the button
Seat 1: VolkovDmitri ($136.92 in chips)
Seat 3: 19woody58 ($118.27 in chips)
19woody58: posts small blind $1
VolkovDmitri: posts big blind $3
*** HOLE CARDS ***
19woody58: raises $3 to $6
VolkovDmitri: calls $3
*** FLOP *** [6d Kh 2s]
VolkovDmitri: checks
19woody58: bets $3
VolkovDmitri: raises $3 to $6
19woody58: folds
Uncalled bet ($3) returned to VolkovDmitri
VolkovDmitri collected $17.64 from pot
VolkovDmitri: doesn't show hand
*** SUMMARY ***
Total pot $18 | Rake $0.36
Board [6d Kh 2s]
Seat 1: VolkovDmitri (big blind) collected ($17.64)
Seat 3: 19woody58 (button) (small blind) folded on the Flop


PokerStars Hand #160236438165:  Hold'em Limit ($3/$6 USD) - 2016/10/21 11:36:23 ET
Table 'Varsavia' 6-max Seat #1 is the button
Seat 1: VolkovDmitri ($145.56 in chips)
Seat 3: 19woody58 ($109.27 in chips)
VolkovDmitri: posts small blind $1
19woody58: posts big blind $3
*** HOLE CARDS ***
VolkovDmitri: raises $3 to $6
19woody58: calls $3
*** FLOP *** [7h Tc 5s]
19woody58: checks
VolkovDmitri: bets $3
19woody58: calls $3
*** TURN *** [7h Tc 5s] [9s]
19woody58: checks
VolkovDmitri: bets $6
19woody58: calls $6
*** RIVER *** [7h Tc 5s 9s] [2c]
19woody58: checks
VolkovDmitri: bets $6
19woody58: calls $6
*** SHOW DOWN ***
VolkovDmitri: shows [9h Qh] (a pair of Nines)
19woody58: mucks hand
VolkovDmitri collected $41.50 from pot
*** SUMMARY ***
Total pot $42 | Rake $0.50
Board [7h Tc 5s 9s 2c]
Seat 1: VolkovDmitri (button) (small blind) showed [9h Qh] and won ($41.50) with a pair of Nines
Seat 3: 19woody58 (big blind) mucked


PokerStars Hand #160236464089:  Hold'em Limit ($3/$6 USD) - 2016/10/21 11:37:03 ET
Table 'Varsavia' 6-max Seat #3 is the button
Seat 1: VolkovDmitri ($166.06 in chips)
Seat 3: 19woody58 ($88.27 in chips)
19woody58: posts small blind $1
VolkovDmitri: posts big blind $3
*** HOLE CARDS ***
19woody58: raises $3 to $6
VolkovDmitri: raises $3 to $9
19woody58: calls $3
*** FLOP *** [5d Jd 6d]
VolkovDmitri: bets $3
19woody58: calls $3
*** TURN *** [5d Jd 6d] [8h]
VolkovDmitri: bets $6
19woody58: calls $6
*** RIVER *** [5d Jd 6d 8h] [3s]
VolkovDmitri: bets $6
19woody58: calls $6
*** SHOW DOWN ***
VolkovDmitri: shows [Qs Js] (a pair of Jacks)
19woody58: mucks hand
VolkovDmitri collected $47.50 from pot
*** SUMMARY ***
Total pot $48 | Rake $0.50
Board [5d Jd 6d 8h 3s]
Seat 1: VolkovDmitri (big blind) showed [Qs Js] and won ($47.50) with a pair of Jacks
Seat 3: 19woody58 (button) (small blind) mucked


PokerStars Hand #160236507801:  Hold'em Limit ($3/$6 USD) - 2016/10/21 11:38:11 ET
Table 'Varsavia' 6-max Seat #3 is the button
Seat 1: VolkovDmitri ($174.56 in chips)
Seat 3: 19woody58 ($78.77 in chips)
19woody58: posts small blind $1
VolkovDmitri: posts big blind $3
*** HOLE CARDS ***
19woody58: folds
Uncalled bet ($2) returned to VolkovDmitri
VolkovDmitri collected $2 from pot
VolkovDmitri: doesn't show hand
*** SUMMARY ***
Total pot $2 | Rake $0
Seat 1: VolkovDmitri (big blind) collected ($2)
Seat 3: 19woody58 (button) (small blind) folded before Flop


PokerStars Hand #160236485122:  Hold'em Limit ($3/$6 USD) - 2016/10/21 11:37:36 ET
Table 'Varsavia' 6-max Seat #1 is the button
Seat 1: VolkovDmitri ($189.56 in chips)
Seat 3: 19woody58 ($64.27 in chips)
VolkovDmitri: posts small blind $1
19woody58: posts big blind $3
*** HOLE CARDS ***
VolkovDmitri: raises $3 to $6
19woody58: calls $3
*** FLOP *** [8h 7s Jh]
19woody58: checks
VolkovDmitri: bets $3
19woody58: calls $3
*** TURN *** [8h 7s Jh] [8d]
19woody58: checks
VolkovDmitri: bets $6
19woody58: calls $6
*** RIVER *** [8h 7s Jh 8d] [9s]
19woody58: checks
VolkovDmitri: checks
*** SHOW DOWN ***
19woody58: shows [8s Ah] (three of a kind, Eights)
VolkovDmitri: mucks hand
19woody58 collected $29.50 from pot
*** SUMMARY ***
Total pot $30 | Rake $0.50
Board [8h 7s Jh 8d 9s]
Seat 1: VolkovDmitri (button) (small blind) mucked
Seat 3: 19woody58 (big blind) showed [8s Ah] and won ($29.50) with three of a kind, Eights


PokerStars Hand #160236511340:  Hold'em Limit ($3/$6 USD) - 2016/10/21 11:38:16 ET
Table 'Varsavia' 6-max Seat #1 is the button
Seat 1: VolkovDmitri ($175.56 in chips)
Seat 3: 19woody58 ($77.77 in chips)
VolkovDmitri: posts small blind $1
19woody58: posts big blind $3
*** HOLE CARDS ***
VolkovDmitri: raises $3 to $6
19woody58: folds
Uncalled bet ($3) returned to VolkovDmitri
VolkovDmitri collected $6 from pot
VolkovDmitri: doesn't show hand
*** SUMMARY ***
Total pot $6 | Rake $0
Seat 1: VolkovDmitri (button) (small blind) collected ($6)
Seat 3: 19woody58 (big blind) folded before Flop


PokerStars Hand #160236518169:  Hold'em Limit ($3/$6 USD) - 2016/10/21 11:38:27 ET
Table 'Varsavia' 6-max Seat #3 is the button
Seat 1: VolkovDmitri ($178.56 in chips)
Seat 3: 19woody58 ($74.77 in chips)
19woody58: posts small blind $1
VolkovDmitri: posts big blind $3
*** HOLE CARDS ***
19woody58: folds
Uncalled bet ($2) returned to VolkovDmitri
VolkovDmitri collected $2 from pot
VolkovDmitri: doesn't show hand
*** SUMMARY ***
Total pot $2 | Rake $0
Seat 1: VolkovDmitri (big blind) collected ($2)
Seat 3: 19woody58 (button) (small blind) folded before Flop


PokerStars Hand #160236521750:  Hold'em Limit ($3/$6 USD) - 2016/10/21 11:38:32 ET
Table 'Varsavia' 6-max Seat #1 is the button
Seat 1: VolkovDmitri ($179.56 in chips)
Seat 3: 19woody58 ($73.77 in chips)
VolkovDmitri: posts small blind $1
19woody58: posts big blind $3
*** HOLE CARDS ***
VolkovDmitri: raises $3 to $6
19woody58: calls $3
*** FLOP *** [4c 2h Ac]
19woody58: checks
VolkovDmitri: bets $3
19woody58: calls $3
*** TURN *** [4c 2h Ac] [Js]
19woody58: checks
VolkovDmitri: checks
*** RIVER *** [4c 2h Ac Js] [5s]
19woody58: bets $6
VolkovDmitri: folds
Uncalled bet ($6) returned to 19woody58
19woody58 collected $17.64 from pot
*** SUMMARY ***
Total pot $18 | Rake $0.36
Board [4c 2h Ac Js 5s]
Seat 1: VolkovDmitri (button) (small blind) folded on the River
Seat 3: 19woody58 (big blind) collected ($17.64)


PokerStars Hand #160236551363:  Hold'em Limit ($3/$6 USD) - 2016/10/21 11:39:17 ET
Table 'Varsavia' 6-max Seat #3 is the button
Seat 1: VolkovDmitri ($170.56 in chips)
Seat 3: 19woody58 ($82.41 in chips)
19woody58: posts small blind $1
VolkovDmitri: posts big blind $3
*** HOLE CARDS ***
19woody58: raises $3 to $6
VolkovDmitri: folds
Uncalled bet ($3) returned to 19woody58
19woody58 collected $6 from pot
*** SUMMARY ***
Total pot $6 | Rake $0
Seat 1: VolkovDmitri (big blind) folded before Flop
Seat 3: 19woody58 (button) (small blind) collected ($6)


PokerStars Hand #160236556758:  Hold'em Limit ($3/$6 USD) - 2016/10/21 11:39:26 ET
Table 'Varsavia' 6-max Seat #1 is the button
Seat 1: VolkovDmitri ($167.56 in chips)
Seat 3: 19woody58 ($85.41 in chips)
VolkovDmitri: posts small blind $1
19woody58: posts big blind $3
*** HOLE CARDS ***
VolkovDmitri: raises $3 to $6
19woody58: calls $3
*** FLOP *** [4d 9d 9s]
19woody58: checks
VolkovDmitri: bets $3
19woody58: calls $3
*** TURN *** [4d 9d 9s] [6c]
19woody58: checks
VolkovDmitri: bets $6
19woody58: calls $6
*** RIVER *** [4d 9d 9s 6c] [4h]
19woody58: checks
VolkovDmitri: bets $6
19woody58: calls $6
*** SHOW DOWN ***
VolkovDmitri: shows [7h 4c] (a full house, Fours full of Nines)
19woody58: mucks hand
VolkovDmitri collected $41.50 from pot
*** SUMMARY ***
Total pot $42 | Rake $0.50
Board [4d 9d 9s 6c 4h]
Seat 1: VolkovDmitri (button) (small blind) showed [7h 4c] and won ($41.50) with a full house, Fours full of Nines
Seat 3: 19woody58 (big blind) mucked


PokerStars Hand #160236592668:  Hold'em Limit ($3/$6 USD) - 2016/10/21 11:40:21 ET
Table 'Varsavia' 6-max Seat #1 is the button
Seat 1: VolkovDmitri ($182.06 in chips)
Seat 3: 19woody58 ($70.17 in chips)
VolkovDmitri: posts small blind $1
19woody58: posts big blind $3
*** HOLE CARDS ***
VolkovDmitri: raises $3 to $6
19woody58: folds
Uncalled bet ($3) returned to VolkovDmitri
VolkovDmitri collected $6 from pot
VolkovDmitri: doesn't show hand
*** SUMMARY ***
Total pot $6 | Rake $0
Seat 1: VolkovDmitri (button) (small blind) collected ($6)
Seat 3: 19woody58 (big blind) folded before Flop


PokerStars Hand #160236580820:  Hold'em Limit ($3/$6 USD) - 2016/10/21 11:40:02 ET
Table 'Varsavia' 6-max Seat #3 is the button
Seat 1: VolkovDmitri ($188.06 in chips)
Seat 3: 19woody58 ($64.41 in chips)
19woody58: posts small blind $1
VolkovDmitri: posts big blind $3
*** HOLE CARDS ***
19woody58: raises $3 to $6
VolkovDmitri: calls $3
*** FLOP *** [4s Ac 7s]
VolkovDmitri: checks
19woody58: bets $3
VolkovDmitri: folds
Uncalled bet ($3) returned to 19woody58
19woody58 collected $11.76 from pot
*** SUMMARY ***
Total pot $12 | Rake $0.24
Board [4s Ac 7s]
Seat 1: VolkovDmitri (big blind) folded on the Flop
Seat 3: 19woody58 (button) (small blind) collected ($11.76)


PokerStars Hand #160236597139:  Hold'em Limit ($3/$6 USD) - 2016/10/21 11:40:27 ET
Table 'Varsavia' 6-max Seat #3 is the button
Seat 1: VolkovDmitri ($185.06 in chips)
Seat 3: 19woody58 ($67.17 in chips)
19woody58: posts small blind $1
VolkovDmitri: posts big blind $3
*** HOLE CARDS ***
19woody58: raises $3 to $6
VolkovDmitri: raises $3 to $9
19woody58: calls $3
*** FLOP *** [Jc 4s Th]
VolkovDmitri: bets $3
19woody58: folds
Uncalled bet ($3) returned to VolkovDmitri
VolkovDmitri collected $17.64 from pot
VolkovDmitri: doesn't show hand
*** SUMMARY ***
Total pot $18 | Rake $0.36
Board [Jc 4s Th]
Seat 1: VolkovDmitri (big blind) collected ($17.64)
Seat 3: 19woody58 (button) (small blind) folded on the Flop


PokerStars Hand #160236605741:  Hold'em Limit ($3/$6 USD) - 2016/10/21 11:40:41 ET
Table 'Varsavia' 6-max Seat #1 is the button
Seat 1: VolkovDmitri ($193.70 in chips)
Seat 3: 19woody58 ($58.17 in chips)
VolkovDmitri: posts small blind $1
19woody58: posts big blind $3
*** HOLE CARDS ***
VolkovDmitri: raises $3 to $6
19woody58: calls $3
*** FLOP *** [Jc Kc Ts]
19woody58: checks
VolkovDmitri: bets $3
19woody58: calls $3
*** TURN *** [Jc Kc Ts] [Kh]
19woody58: checks
VolkovDmitri: checks
*** RIVER *** [Jc Kc Ts Kh] [4d]
19woody58: bets $6
VolkovDmitri: folds
Uncalled bet ($6) returned to 19woody58
19woody58 collected $17.64 from pot
*** SUMMARY ***
Total pot $18 | Rake $0.36
Board [Jc Kc Ts Kh 4d]
Seat 1: VolkovDmitri (button) (small blind) folded on the River
Seat 3: 19woody58 (big blind) collected ($17.64)


PokerStars Hand #160236624822:  Hold'em Limit ($3/$6 USD) - 2016/10/21 11:41:10 ET
Table 'Varsavia' 6-max Seat #3 is the button
Seat 1: VolkovDmitri ($184.70 in chips)
Seat 3: 19woody58 ($66.81 in chips)
19woody58: posts small blind $1
VolkovDmitri: posts big blind $3
*** HOLE CARDS ***
19woody58: calls $2
VolkovDmitri: raises $3 to $6
19woody58: calls $3
*** FLOP *** [9d 9h 6d]
VolkovDmitri: bets $3
19woody58: calls $3
*** TURN *** [9d 9h 6d] [7s]
VolkovDmitri: checks
19woody58: bets $6
VolkovDmitri: folds
Uncalled bet ($6) returned to 19woody58
19woody58 collected $17.64 from pot
*** SUMMARY ***
Total pot $18 | Rake $0.36
Board [9d 9h 6d 7s]
Seat 1: VolkovDmitri (big blind) folded on the Turn
Seat 3: 19woody58 (button) (small blind) collected ($17.64)


