PokerStars Hand #171912103867:  Hold'em Limit ($3/$6 USD) - 2017/06/17 20:52:23 ET
Table 'Vega' 6-max Seat #5 is the button
Seat 3: scorpio04 ($263.30 in chips)
Seat 5: hassan67 ($219.58 in chips)
hassan67: posts small blind $1
masterblstr8: is sitting out
scorpio04: posts big blind $3
*** HOLE CARDS ***
masterblstr8 leaves the table
hassan67: raises $3 to $6
scorpio04: calls $3
*** FLOP *** [3d 6s 5c]
scorpio04: checks
hassan67: bets $3
scorpio04: raises $3 to $6
hassan67: calls $3
*** TURN *** [3d 6s 5c] [Ah]
scorpio04: bets $6
hassan67: calls $6
*** RIVER *** [3d 6s 5c Ah] [Qs]
scorpio04: checks
hassan67: checks
*** SHOW DOWN ***
scorpio04: shows [4d 4s] (a pair of Fours)
hassan67: shows [5d Jd] (a pair of Fives)
hassan67 collected $35.50 from pot
*** SUMMARY ***
Total pot $36 | Rake $0.50
Board [3d 6s 5c Ah Qs]
Seat 3: scorpio04 (big blind) showed [4d 4s] and lost with a pair of Fours
Seat 5: hassan67 (button) (small blind) showed [5d Jd] and won ($35.50) with a pair of Fives


PokerStars Hand #171912138414:  Hold'em Limit ($3/$6 USD) - 2017/06/17 20:53:44 ET
Table 'Vega' 6-max Seat #5 is the button
Seat 3: scorpio04 ($248.30 in chips)
Seat 5: hassan67 ($234.08 in chips)
hassan67: posts small blind $1
scorpio04: posts big blind $3
*** HOLE CARDS ***
hassan67: raises $3 to $6
scorpio04: calls $3
*** FLOP *** [3c Qs Ah]
scorpio04: checks
hassan67: bets $3
scorpio04: folds
Uncalled bet ($3) returned to hassan67
hassan67 collected $11.76 from pot
hassan67: doesn't show hand
*** SUMMARY ***
Total pot $12 | Rake $0.24
Board [3c Qs Ah]
Seat 3: scorpio04 (big blind) folded on the Flop
Seat 5: hassan67 (button) (small blind) collected ($11.76)


PokerStars Hand #171912131346:  Hold'em Limit ($3/$6 USD) - 2017/06/17 20:53:28 ET
Table 'Vega' 6-max Seat #3 is the button
Seat 3: scorpio04 ($245.30 in chips)
Seat 5: hassan67 ($237.08 in chips)
scorpio04: posts small blind $1
hassan67: posts big blind $3
*** HOLE CARDS ***
scorpio04: raises $3 to $6
hassan67: folds
Uncalled bet ($3) returned to scorpio04
scorpio04 collected $6 from pot
scorpio04: doesn't show hand
*** SUMMARY ***
Total pot $6 | Rake $0
Seat 3: scorpio04 (button) (small blind) collected ($6)
Seat 5: hassan67 (big blind) folded before Flop


PokerStars Hand #171912168390:  Hold'em Limit ($3/$6 USD) - 2017/06/17 20:54:55 ET
Table 'Vega' 6-max Seat #5 is the button
Seat 3: scorpio04 ($245.06 in chips)
Seat 5: hassan67 ($236.60 in chips)
hassan67: posts small blind $1
scorpio04: posts big blind $3
*** HOLE CARDS ***
hassan67: raises $3 to $6
scorpio04: calls $3
*** FLOP *** [9s 9h 4s]
scorpio04: checks
hassan67: bets $3
scorpio04: raises $3 to $6
hassan67: calls $3
*** TURN *** [9s 9h 4s] [3s]
scorpio04: bets $6
hassan67: raises $6 to $12
scorpio04: calls $6
*** RIVER *** [9s 9h 4s 3s] [8d]
scorpio04: checks
hassan67: bets $6
scorpio04: calls $6
*** SHOW DOWN ***
hassan67: shows [8h 9c] (a full house, Nines full of Eights)
scorpio04: mucks hand
hassan67 collected $59.50 from pot
*** SUMMARY ***
Total pot $60 | Rake $0.50
Board [9s 9h 4s 3s 8d]
Seat 3: scorpio04 (big blind) mucked
Seat 5: hassan67 (button) (small blind) showed [8h 9c] and won ($59.50) with a full house, Nines full of Eights


PokerStars Hand #171912161344:  Hold'em Limit ($3/$6 USD) - 2017/06/17 20:54:38 ET
Table 'Vega' 6-max Seat #3 is the button
Seat 3: scorpio04 ($239.30 in chips)
Seat 5: hassan67 ($242.60 in chips)
scorpio04: posts small blind $1
hassan67: posts big blind $3
*** HOLE CARDS ***
scorpio04: raises $3 to $6
hassan67: calls $3
*** FLOP *** [Qs Ts Th]
hassan67: checks
scorpio04: bets $3
hassan67: folds
Uncalled bet ($3) returned to scorpio04
scorpio04 collected $11.76 from pot
scorpio04: doesn't show hand
*** SUMMARY ***
Total pot $12 | Rake $0.24
Board [Qs Ts Th]
Seat 3: scorpio04 (button) (small blind) collected ($11.76)
Seat 5: hassan67 (big blind) folded on the Flop


PokerStars Hand #171912155211:  Hold'em Limit ($3/$6 USD) - 2017/06/17 20:54:24 ET
Table 'Vega' 6-max Seat #5 is the button
Seat 3: scorpio04 ($245.30 in chips)
Seat 5: hassan67 ($236.84 in chips)
hassan67: posts small blind $1
scorpio04: posts big blind $3
*** HOLE CARDS ***
hassan67: raises $3 to $6
scorpio04: calls $3
*** FLOP *** [Ks Ac Qs]
scorpio04: checks
hassan67: bets $3
scorpio04: folds
Uncalled bet ($3) returned to hassan67
hassan67 collected $11.76 from pot
hassan67: doesn't show hand
*** SUMMARY ***
Total pot $12 | Rake $0.24
Board [Ks Ac Qs]
Seat 3: scorpio04 (big blind) folded on the Flop
Seat 5: hassan67 (button) (small blind) collected ($11.76)


PokerStars Hand #171912183954:  Hold'em Limit ($3/$6 USD) - 2017/06/17 20:55:36 ET
Table 'Vega' 6-max Seat #5 is the button
Seat 3: scorpio04 ($214.06 in chips)
Seat 5: hassan67 ($267.10 in chips)
hassan67: posts small blind $1
scorpio04: posts big blind $3
*** HOLE CARDS ***
hassan67: folds
Uncalled bet ($2) returned to scorpio04
scorpio04 collected $2 from pot
scorpio04: doesn't show hand
*** SUMMARY ***
Total pot $2 | Rake $0
Seat 3: scorpio04 (big blind) collected ($2)
Seat 5: hassan67 (button) (small blind) folded before Flop


PokerStars Hand #171912181829:  Hold'em Limit ($3/$6 USD) - 2017/06/17 20:55:30 ET
Table 'Vega' 6-max Seat #3 is the button
Seat 3: scorpio04 ($215.06 in chips)
Seat 5: hassan67 ($266.10 in chips)
scorpio04: posts small blind $1
hassan67: posts big blind $3
*** HOLE CARDS ***
scorpio04: folds
Uncalled bet ($2) returned to hassan67
hassan67 collected $2 from pot
hassan67: doesn't show hand
*** SUMMARY ***
Total pot $2 | Rake $0
Seat 3: scorpio04 (button) (small blind) folded before Flop
Seat 5: hassan67 (big blind) collected ($2)


PokerStars Hand #171912188334:  Hold'em Limit ($3/$6 USD) - 2017/06/17 20:55:48 ET
Table 'Vega' 6-max Seat #5 is the button
Seat 3: scorpio04 ($214.06 in chips)
Seat 5: hassan67 ($267.10 in chips)
hassan67: posts small blind $1
scorpio04: posts big blind $3
*** HOLE CARDS ***
YouKnowsMy joins the table at seat #2
hassan67: raises $3 to $6
scorpio04: calls $3
*** FLOP *** [5d As 6d]
scorpio04: checks
hassan67: bets $3
scorpio04: calls $3
*** TURN *** [5d As 6d] [Js]
scorpio04: checks
hassan67: bets $6
scorpio04: folds
Uncalled bet ($6) returned to hassan67
hassan67 collected $17.64 from pot
hassan67: doesn't show hand
*** SUMMARY ***
Total pot $18 | Rake $0.36
Board [5d As 6d Js]
Seat 3: scorpio04 (big blind) folded on the Turn
Seat 5: hassan67 (button) (small blind) collected ($17.64)


PokerStars Hand #171912185981:  Hold'em Limit ($3/$6 USD) - 2017/06/17 20:55:42 ET
Table 'Vega' 6-max Seat #3 is the button
Seat 3: scorpio04 ($215.06 in chips)
Seat 5: hassan67 ($266.10 in chips)
scorpio04: posts small blind $1
hassan67: posts big blind $3
*** HOLE CARDS ***
scorpio04: folds
Uncalled bet ($2) returned to hassan67
hassan67 collected $2 from pot
hassan67: doesn't show hand
*** SUMMARY ***
Total pot $2 | Rake $0
Seat 3: scorpio04 (button) (small blind) folded before Flop
Seat 5: hassan67 (big blind) collected ($2)


PokerStars Hand #171912203861:  Hold'em Limit ($3/$6 USD) - 2017/06/17 20:56:31 ET
Table 'Vega' 6-max Seat #3 is the button
Seat 3: scorpio04 ($205.06 in chips)
Seat 5: hassan67 ($275.74 in chips)
scorpio04: posts small blind $1
hassan67: posts big blind $3
*** HOLE CARDS ***
scorpio04: folds
Uncalled bet ($2) returned to hassan67
hassan67 collected $2 from pot
hassan67: doesn't show hand
*** SUMMARY ***
Total pot $2 | Rake $0
Seat 3: scorpio04 (button) (small blind) folded before Flop
Seat 5: hassan67 (big blind) collected ($2)


