PokerStars Hand #157531396097:  Hold'em Limit ($3/$6 USD) - 2016/08/20 18:35:54 ET
Table 'Vega' 6-max Seat #2 is the button
Seat 2: Wiebe25 ($122.03 in chips)
Seat 3: simper11 ($123 in chips)
Wiebe25: posts small blind $1
simper11: posts big blind $3
*** HOLE CARDS ***
Wiebe25: folds
Uncalled bet ($2) returned to simper11
simper11 collected $2 from pot
simper11: doesn't show hand
*** SUMMARY ***
Total pot $2 | Rake $0
Seat 2: Wiebe25 (button) (small blind) folded before Flop
Seat 3: simper11 (big blind) collected ($2)


PokerStars Hand #157531393106:  Hold'em Limit ($3/$6 USD) - 2016/08/20 18:35:49 ET
Table 'Vega' 6-max Seat #3 is the button
Seat 2: Wiebe25 ($125.03 in chips)
Seat 3: simper11 ($120 in chips)
simper11: posts small blind $1
Wiebe25: posts big blind $3
*** HOLE CARDS ***
simper11: raises $3 to $6
Wiebe25: folds
Uncalled bet ($3) returned to simper11
simper11 collected $6 from pot
simper11: doesn't show hand
*** SUMMARY ***
Total pot $6 | Rake $0
Seat 2: Wiebe25 (big blind) folded before Flop
Seat 3: simper11 (button) (small blind) collected ($6)


PokerStars Hand #157531379178:  Hold'em Limit ($3/$6 USD) - 2016/08/20 18:35:25 ET
Table 'Vega' 6-max Seat #2 is the button
Seat 2: Wiebe25 ($104.53 in chips)
Seat 3: simper11 ($120 in chips)
Wiebe25: posts small blind $1
simper11: posts big blind $3
*** HOLE CARDS ***
Wiebe25: raises $3 to $6
simper11: calls $3
*** FLOP *** [3h 9d 8h]
simper11: checks
Wiebe25: bets $3
simper11: calls $3
*** TURN *** [3h 9d 8h] [4s]
simper11: checks
Wiebe25: bets $6
simper11: calls $6
*** RIVER *** [3h 9d 8h 4s] [6d]
simper11: checks
Wiebe25: bets $6
simper11: calls $6
*** SHOW DOWN ***
Wiebe25: shows [7c 7s] (a pair of Sevens)
simper11: mucks hand
Wiebe25 collected $41.50 from pot
*** SUMMARY ***
Total pot $42 | Rake $0.50
Board [3h 9d 8h 4s 6d]
Seat 2: Wiebe25 (button) (small blind) showed [7c 7s] and won ($41.50) with a pair of Sevens
Seat 3: simper11 (big blind) mucked


PokerStars Hand #157531399232:  Hold'em Limit ($3/$6 USD) - 2016/08/20 18:36:00 ET
Table 'Vega' 6-max Seat #3 is the button
Seat 2: Wiebe25 ($121.03 in chips)
Seat 3: simper11 ($124 in chips)
simper11: posts small blind $1
Wiebe25: posts big blind $3
*** HOLE CARDS ***
simper11: raises $3 to $6
Wiebe25: raises $3 to $9
simper11: calls $3
*** FLOP *** [Ac 5s 5d]
Wiebe25: bets $3
simper11: folds
Uncalled bet ($3) returned to Wiebe25
Wiebe25 collected $17.64 from pot
*** SUMMARY ***
Total pot $18 | Rake $0.36
Board [Ac 5s 5d]
Seat 2: Wiebe25 (big blind) collected ($17.64)
Seat 3: simper11 (button) (small blind) folded on the Flop


PokerStars Hand #157531429933:  Hold'em Limit ($3/$6 USD) - 2016/08/20 18:36:52 ET
Table 'Vega' 6-max Seat #2 is the button
Seat 2: Wiebe25 ($80.67 in chips)
Seat 3: simper11 ($168 in chips)
Wiebe25: posts small blind $1
simper11: posts big blind $3
*** HOLE CARDS ***
Wiebe25: folds
Uncalled bet ($2) returned to simper11
simper11 collected $2 from pot
simper11: doesn't show hand
*** SUMMARY ***
Total pot $2 | Rake $0
Seat 2: Wiebe25 (button) (small blind) folded before Flop
Seat 3: simper11 (big blind) collected ($2)


PokerStars Hand #157531425688:  Hold'em Limit ($3/$6 USD) - 2016/08/20 18:36:45 ET
Table 'Vega' 6-max Seat #3 is the button
Seat 2: Wiebe25 ($83.67 in chips)
Seat 3: simper11 ($165 in chips)
simper11: posts small blind $1
Wiebe25: posts big blind $3
*** HOLE CARDS ***
simper11: raises $3 to $6
Wiebe25: folds
Uncalled bet ($3) returned to simper11
simper11 collected $6 from pot
simper11: doesn't show hand
*** SUMMARY ***
Total pot $6 | Rake $0
Seat 2: Wiebe25 (big blind) folded before Flop
Seat 3: simper11 (button) (small blind) collected ($6)


PokerStars Hand #157531422566:  Hold'em Limit ($3/$6 USD) - 2016/08/20 18:36:40 ET
Table 'Vega' 6-max Seat #2 is the button
Seat 2: Wiebe25 ($84.67 in chips)
Seat 3: simper11 ($164 in chips)
Wiebe25: posts small blind $1
simper11: posts big blind $3
*** HOLE CARDS ***
Wiebe25: folds
Uncalled bet ($2) returned to simper11
simper11 collected $2 from pot
simper11: doesn't show hand
*** SUMMARY ***
Total pot $2 | Rake $0
Seat 2: Wiebe25 (button) (small blind) folded before Flop
Seat 3: simper11 (big blind) collected ($2)


PokerStars Hand #157531414149:  Hold'em Limit ($3/$6 USD) - 2016/08/20 18:36:25 ET
Table 'Vega' 6-max Seat #3 is the button
Seat 2: Wiebe25 ($105.67 in chips)
Seat 3: simper11 ($143.50 in chips)
simper11: posts small blind $1
Wiebe25: posts big blind $3
*** HOLE CARDS ***
simper11: raises $3 to $6
Wiebe25: calls $3
*** FLOP *** [4s 3d Kh]
Wiebe25: bets $3
simper11: calls $3
*** TURN *** [4s 3d Kh] [Ks]
Wiebe25: bets $6
simper11: calls $6
*** RIVER *** [4s 3d Kh Ks] [8c]
Wiebe25: bets $6
simper11: calls $6
*** SHOW DOWN ***
Wiebe25: shows [Jh 7d] (a pair of Kings)
simper11: shows [3c Qc] (two pair, Kings and Threes)
simper11 collected $41.50 from pot
*** SUMMARY ***
Total pot $42 | Rake $0.50
Board [4s 3d Kh Ks 8c]
Seat 2: Wiebe25 (big blind) showed [Jh 7d] and lost with a pair of Kings
Seat 3: simper11 (button) (small blind) showed [3c Qc] and won ($41.50) with two pair, Kings and Threes


PokerStars Hand #157531404716:  Hold'em Limit ($3/$6 USD) - 2016/08/20 18:36:09 ET
Table 'Vega' 6-max Seat #2 is the button
Seat 2: Wiebe25 ($129.67 in chips)
Seat 3: simper11 ($120 in chips)
Wiebe25: posts small blind $1
simper11: posts big blind $3
*** HOLE CARDS ***
Wiebe25: raises $3 to $6
simper11: raises $3 to $9
Wiebe25: calls $3
*** FLOP *** [6c 5d Qs]
simper11: bets $3
Wiebe25: calls $3
*** TURN *** [6c 5d Qs] [3s]
simper11: bets $6
Wiebe25: calls $6
*** RIVER *** [6c 5d Qs 3s] [5s]
simper11: bets $6
Wiebe25: calls $6
*** SHOW DOWN ***
simper11: shows [Jd Jh] (two pair, Jacks and Fives)
Wiebe25: mucks hand
simper11 collected $47.50 from pot
*** SUMMARY ***
Total pot $48 | Rake $0.50
Board [6c 5d Qs 3s 5s]
Seat 2: Wiebe25 (button) (small blind) mucked
Seat 3: simper11 (big blind) showed [Jd Jh] and won ($47.50) with two pair, Jacks and Fives


PokerStars Hand #157531458837:  Hold'em Limit ($3/$6 USD) - 2016/08/20 18:37:41 ET
Table 'Vega' 6-max Seat #2 is the button
Seat 2: Wiebe25 ($111.17 in chips)
Seat 3: simper11 ($136.76 in chips)
Wiebe25: posts small blind $1
simper11: posts big blind $3
*** HOLE CARDS ***
Wiebe25: folds
Uncalled bet ($2) returned to simper11
simper11 collected $2 from pot
simper11: doesn't show hand
*** SUMMARY ***
Total pot $2 | Rake $0
Seat 2: Wiebe25 (button) (small blind) folded before Flop
Seat 3: simper11 (big blind) collected ($2)


PokerStars Hand #157531452609:  Hold'em Limit ($3/$6 USD) - 2016/08/20 18:37:31 ET
Table 'Vega' 6-max Seat #3 is the button
Seat 2: Wiebe25 ($117.17 in chips)
Seat 3: simper11 ($131 in chips)
simper11: posts small blind $1
Wiebe25: posts big blind $3
*** HOLE CARDS ***
simper11: raises $3 to $6
Wiebe25: calls $3
*** FLOP *** [Ts Kc 4c]
Wiebe25: checks
simper11: bets $3
Wiebe25: folds
Uncalled bet ($3) returned to simper11
simper11 collected $11.76 from pot
simper11: doesn't show hand
*** SUMMARY ***
Total pot $12 | Rake $0.24
Board [Ts Kc 4c]
Seat 2: Wiebe25 (big blind) folded on the Flop
Seat 3: simper11 (button) (small blind) collected ($11.76)


PokerStars Hand #157531449835:  Hold'em Limit ($3/$6 USD) - 2016/08/20 18:37:26 ET
Table 'Vega' 6-max Seat #2 is the button
Seat 2: Wiebe25 ($118.17 in chips)
Seat 3: simper11 ($130 in chips)
Wiebe25: posts small blind $1
simper11: posts big blind $3
*** HOLE CARDS ***
Wiebe25: folds
Uncalled bet ($2) returned to simper11
simper11 collected $2 from pot
simper11: doesn't show hand
*** SUMMARY ***
Total pot $2 | Rake $0
Seat 2: Wiebe25 (button) (small blind) folded before Flop
Seat 3: simper11 (big blind) collected ($2)


PokerStars Hand #157531444359:  Hold'em Limit ($3/$6 USD) - 2016/08/20 18:37:17 ET
Table 'Vega' 6-max Seat #2 is the button
Seat 2: Wiebe25 ($118.17 in chips)
Seat 3: simper11 ($130 in chips)
Wiebe25: posts small blind $1
simper11: posts big blind $3
*** HOLE CARDS ***
Wiebe25: folds
Uncalled bet ($2) returned to simper11
simper11 collected $2 from pot
simper11: doesn't show hand
*** SUMMARY ***
Total pot $2 | Rake $0
Seat 2: Wiebe25 (button) (small blind) folded before Flop
Seat 3: simper11 (big blind) collected ($2)


PokerStars Hand #157531432746:  Hold'em Limit ($3/$6 USD) - 2016/08/20 18:36:57 ET
Table 'Vega' 6-max Seat #3 is the button
Seat 2: Wiebe25 ($79.67 in chips)
Seat 3: simper11 ($169 in chips)
simper11: posts small blind $1
Wiebe25: posts big blind $3
*** HOLE CARDS ***
simper11: raises $3 to $6
Wiebe25: calls $3
*** FLOP *** [2d Kc 3d]
Wiebe25: checks
simper11: bets $3
Wiebe25: calls $3
*** TURN *** [2d Kc 3d] [5s]
Wiebe25: checks
simper11: bets $6
Wiebe25: raises $6 to $12
simper11: calls $6
*** RIVER *** [2d Kc 3d 5s] [Jc]
Wiebe25: bets $6
simper11: raises $6 to $12
Wiebe25: raises $6 to $18
simper11: calls $6
*** SHOW DOWN ***
Wiebe25: shows [6c 4c] (a straight, Deuce to Six)
simper11: mucks hand
Wiebe25 collected $77.50 from pot
*** SUMMARY ***
Total pot $78 | Rake $0.50
Board [2d Kc 3d 5s Jc]
Seat 2: Wiebe25 (big blind) showed [6c 4c] and won ($77.50) with a straight, Deuce to Six
Seat 3: simper11 (button) (small blind) mucked


PokerStars Hand #157531482976:  Hold'em Limit ($3/$6 USD) - 2016/08/20 18:38:23 ET
Table 'Vega' 6-max Seat #2 is the button
Seat 2: Wiebe25 ($78.93 in chips)
Seat 3: simper11 ($168.26 in chips)
Wiebe25: posts small blind $1
simper11: posts big blind $3
*** HOLE CARDS ***
Wiebe25: raises $3 to $6
simper11: calls $3
*** FLOP *** [Kh 8s As]
iris1980 joins the table at seat #6
simper11: checks
Wiebe25: bets $3
simper11: folds
Uncalled bet ($3) returned to Wiebe25
Wiebe25 collected $11.76 from pot
*** SUMMARY ***
Total pot $12 | Rake $0.24
Board [Kh 8s As]
Seat 2: Wiebe25 (button) (small blind) collected ($11.76)
Seat 3: simper11 (big blind) folded on the Flop


PokerStars Hand #157531474858:  Hold'em Limit ($3/$6 USD) - 2016/08/20 18:38:09 ET
Table 'Vega' 6-max Seat #3 is the button
Seat 2: Wiebe25 ($73.17 in chips)
Seat 3: simper11 ($174.26 in chips)
simper11: posts small blind $1
Wiebe25: posts big blind $3
*** HOLE CARDS ***
simper11: raises $3 to $6
Wiebe25: calls $3
*** FLOP *** [7s 9s 8s]
Wiebe25: checks
simper11: checks
*** TURN *** [7s 9s 8s] [3c]
Wiebe25: checks
simper11: checks
*** RIVER *** [7s 9s 8s 3c] [5c]
Wiebe25: bets $6
simper11: folds
Uncalled bet ($6) returned to Wiebe25
Wiebe25 collected $11.76 from pot
*** SUMMARY ***
Total pot $12 | Rake $0.24
Board [7s 9s 8s 3c 5c]
Seat 2: Wiebe25 (big blind) collected ($11.76)
Seat 3: simper11 (button) (small blind) folded on the River


PokerStars Hand #157531471934:  Hold'em Limit ($3/$6 USD) - 2016/08/20 18:38:04 ET
Table 'Vega' 6-max Seat #2 is the button
Seat 2: Wiebe25 ($74.17 in chips)
Seat 3: simper11 ($173.26 in chips)
Wiebe25: posts small blind $1
simper11: posts big blind $3
*** HOLE CARDS ***
Wiebe25: folds
Uncalled bet ($2) returned to simper11
simper11 collected $2 from pot
simper11: doesn't show hand
*** SUMMARY ***
Total pot $2 | Rake $0
Seat 2: Wiebe25 (button) (small blind) folded before Flop
Seat 3: simper11 (big blind) collected ($2)


PokerStars Hand #157531461524:  Hold'em Limit ($3/$6 USD) - 2016/08/20 18:37:46 ET
Table 'Vega' 6-max Seat #3 is the button
Seat 2: Wiebe25 ($110.17 in chips)
Seat 3: simper11 ($137.76 in chips)
simper11: posts small blind $1
Wiebe25: posts big blind $3
*** HOLE CARDS ***
simper11: raises $3 to $6
Wiebe25: raises $3 to $9
simper11: calls $3
*** FLOP *** [8s 3h 8d]
Wiebe25: bets $3
simper11: calls $3
*** TURN *** [8s 3h 8d] [Qc]
Wiebe25: bets $6
simper11: raises $6 to $12
Wiebe25: calls $6
*** RIVER *** [8s 3h 8d Qc] [7d]
Wiebe25: bets $6
simper11: raises $6 to $12
Wiebe25: calls $6
*** SHOW DOWN ***
simper11: shows [Ks 8c] (three of a kind, Eights)
Wiebe25: mucks hand
simper11 collected $71.50 from pot
*** SUMMARY ***
Total pot $72 | Rake $0.50
Board [8s 3h 8d Qc 7d]
Seat 2: Wiebe25 (big blind) mucked
Seat 3: simper11 (button) (small blind) showed [Ks 8c] and won ($71.50) with three of a kind, Eights


PokerStars Hand #157531618429:  Hold'em Limit ($3/$6 USD) - 2016/08/20 18:42:11 ET
Table 'Vega' 6-max Seat #6 is the button
Seat 3: simper11 ($225.43 in chips)
Seat 6: iris1980 ($134.12 in chips)
iris1980: posts small blind $1
simper11: posts big blind $3
*** HOLE CARDS ***
iris1980: folds
Uncalled bet ($2) returned to simper11
simper11 collected $2 from pot
simper11: doesn't show hand
*** SUMMARY ***
Total pot $2 | Rake $0
Seat 3: simper11 (big blind) collected ($2)
Seat 6: iris1980 (button) (small blind) folded before Flop


PokerStars Hand #157531623184:  Hold'em Limit ($3/$6 USD) - 2016/08/20 18:42:19 ET
Table 'Vega' 6-max Seat #3 is the button
Seat 3: simper11 ($226.43 in chips)
Seat 6: iris1980 ($133.12 in chips)
simper11: posts small blind $1
iris1980: posts big blind $3
*** HOLE CARDS ***
simper11: folds
Uncalled bet ($2) returned to iris1980
iris1980 collected $2 from pot
iris1980: doesn't show hand
*** SUMMARY ***
Total pot $2 | Rake $0
Seat 3: simper11 (button) (small blind) folded before Flop
Seat 6: iris1980 (big blind) collected ($2)


PokerStars Hand #157531607333:  Hold'em Limit ($3/$6 USD) - 2016/08/20 18:41:53 ET
Table 'Vega' 6-max Seat #3 is the button
Seat 3: simper11 ($210.93 in chips)
Seat 6: iris1980 ($149.12 in chips)
simper11: posts small blind $1
Chessnok: is sitting out
iris1980: posts big blind $3
*** HOLE CARDS ***
simper11: raises $3 to $6
iris1980: calls $3
*** FLOP *** [7d 8s Td]
iris1980: bets $3
simper11: calls $3
*** TURN *** [7d 8s Td] [8d]
iris1980: bets $6
simper11: calls $6
*** RIVER *** [7d 8s Td 8d] [9d]
iris1980: checks
simper11: checks
*** SHOW DOWN ***
iris1980: shows [Tc 2c] (two pair, Tens and Eights)
simper11: shows [Jc 4d] (a flush, Ten high)
simper11 collected $29.50 from pot
*** SUMMARY ***
Total pot $30 | Rake $0.50
Board [7d 8s Td 8d 9d]
Seat 3: simper11 (button) (small blind) showed [Jc 4d] and won ($29.50) with a flush, Ten high
Seat 6: iris1980 (big blind) showed [Tc 2c] and lost with two pair, Tens and Eights


PokerStars Hand #157531629283:  Hold'em Limit ($3/$6 USD) - 2016/08/20 18:42:29 ET
Table 'Vega' 6-max Seat #3 is the button
Seat 3: simper11 ($222.43 in chips)
Seat 6: iris1980 ($137.12 in chips)
simper11: posts small blind $1
iris1980: posts big blind $3
*** HOLE CARDS ***
simper11: raises $3 to $6
iris1980: calls $3
*** FLOP *** [8s Th 2c]
iris1980: bets $3
simper11: calls $3
*** TURN *** [8s Th 2c] [9s]
iris1980: bets $6
simper11: calls $6
*** RIVER *** [8s Th 2c 9s] [Ts]
iris1980: bets $6
simper11: calls $6
*** SHOW DOWN ***
iris1980: shows [9c 8d] (two pair, Tens and Nines)
simper11: shows [9h As] (two pair, Tens and Nines - Ace kicker)
simper11 collected $41.50 from pot
*** SUMMARY ***
Total pot $42 | Rake $0.50
Board [8s Th 2c 9s Ts]
Seat 3: simper11 (button) (small blind) showed [9h As] and won ($41.50) with two pair, Tens and Nines
Seat 6: iris1980 (big blind) showed [9c 8d] and lost with two pair, Tens and Nines


PokerStars Hand #157532495237:  Hold'em Limit ($3/$6 USD) - 2016/08/20 19:09:16 ET
Table 'Vega' 6-max Seat #3 is the button
Seat 3: simper11 ($243.93 in chips)
Seat 4: Holla-eller? ($119 in chips)
simper11: posts small blind $1
Holla-eller?: posts big blind $3
*** HOLE CARDS ***
simper11: raises $3 to $6
Holla-eller?: raises $3 to $9
simper11: calls $3
*** FLOP *** [6d 3d 2c]
Holla-eller?: bets $3
simper11: calls $3
*** TURN *** [6d 3d 2c] [Td]
Holla-eller?: bets $6
simper11: calls $6
*** RIVER *** [6d 3d 2c Td] [7d]
Holla-eller?: checks
simper11: checks
*** SHOW DOWN ***
Holla-eller?: shows [7c 5c] (a pair of Sevens)
simper11: mucks hand
Holla-eller? collected $35.50 from pot
*** SUMMARY ***
Total pot $36 | Rake $0.50
Board [6d 3d 2c Td 7d]
Seat 3: simper11 (button) (small blind) mucked
Seat 4: Holla-eller? (big blind) showed [7c 5c] and won ($35.50) with a pair of Sevens


PokerStars Hand #157532512245:  Hold'em Limit ($3/$6 USD) - 2016/08/20 19:09:51 ET
Table 'Vega' 6-max Seat #3 is the button
Seat 3: simper11 ($223.93 in chips)
Seat 4: Holla-eller? ($138.26 in chips)
simper11: posts small blind $1
Holla-eller?: posts big blind $3
*** HOLE CARDS ***
simper11: raises $3 to $6
Holla-eller?: raises $3 to $9
simper11: calls $3
*** FLOP *** [8c 7h Qh]
Chessnok joins the table at seat #5
Holla-eller?: bets $3
simper11: calls $3
*** TURN *** [8c 7h Qh] [7s]
Holla-eller?: bets $6
simper11: calls $6
*** RIVER *** [8c 7h Qh 7s] [4d]
Holla-eller?: bets $6
simper11: calls $6
*** SHOW DOWN ***
Holla-eller?: shows [Tc 5c] (a pair of Sevens)
simper11: shows [4c 5d] (two pair, Sevens and Fours)
simper11 collected $47.50 from pot
*** SUMMARY ***
Total pot $48 | Rake $0.50
Board [8c 7h Qh 7s 4d]
Seat 3: simper11 (button) (small blind) showed [4c 5d] and won ($47.50) with two pair, Sevens and Fours
Seat 4: Holla-eller? (big blind) showed [Tc 5c] and lost with a pair of Sevens


PokerStars Hand #157532507624:  Hold'em Limit ($3/$6 USD) - 2016/08/20 19:09:42 ET
Table 'Vega' 6-max Seat #4 is the button
Seat 3: simper11 ($229.93 in chips)
Seat 4: Holla-eller? ($132.50 in chips)
Holla-eller?: posts small blind $1
simper11: posts big blind $3
*** HOLE CARDS ***
Holla-eller?: raises $3 to $6
simper11: calls $3
*** FLOP *** [6s Qc 6h]
simper11: checks
Holla-eller?: bets $3
simper11: folds
Uncalled bet ($3) returned to Holla-eller?
Holla-eller? collected $11.76 from pot
Holla-eller?: doesn't show hand
*** SUMMARY ***
Total pot $12 | Rake $0.24
Board [6s Qc 6h]
Seat 3: simper11 (big blind) folded on the Flop
Seat 4: Holla-eller? (button) (small blind) collected ($11.76)


PokerStars Hand #157532505160:  Hold'em Limit ($3/$6 USD) - 2016/08/20 19:09:37 ET
Table 'Vega' 6-max Seat #3 is the button
Seat 3: simper11 ($226.93 in chips)
Seat 4: Holla-eller? ($135.50 in chips)
simper11: posts small blind $1
Holla-eller?: posts big blind $3
*** HOLE CARDS ***
simper11: raises $3 to $6
Holla-eller?: folds
Uncalled bet ($3) returned to simper11
simper11 collected $6 from pot
simper11: doesn't show hand
*** SUMMARY ***
Total pot $6 | Rake $0
Seat 3: simper11 (button) (small blind) collected ($6)
Seat 4: Holla-eller? (big blind) folded before Flop


PokerStars Hand #157532502575:  Hold'em Limit ($3/$6 USD) - 2016/08/20 19:09:32 ET
Table 'Vega' 6-max Seat #4 is the button
Seat 3: simper11 ($225.93 in chips)
Seat 4: Holla-eller? ($136.50 in chips)
Holla-eller?: posts small blind $1
simper11: posts big blind $3
*** HOLE CARDS ***
Holla-eller?: folds
Uncalled bet ($2) returned to simper11
simper11 collected $2 from pot
simper11: doesn't show hand
*** SUMMARY ***
Total pot $2 | Rake $0
Seat 3: simper11 (big blind) collected ($2)
Seat 4: Holla-eller? (button) (small blind) folded before Flop


