PokerStars Hand #171901089027:  Hold'em Limit ($3/$6 USD) - 2017/06/17 15:53:17 ET
Table 'Vega' 6-max Seat #6 is the button
Seat 4: vestimokrec ($235.08 in chips)
Seat 6: scorpio04 ($216.55 in chips)
scorpio04: posts small blind $1
vestimokrec: posts big blind $3
*** HOLE CARDS ***
scorpio04: raises $3 to $6
vestimokrec: calls $3
*** FLOP *** [6d 3s 8h]
vestimokrec: checks
scorpio04: checks
*** TURN *** [6d 3s 8h] [Qh]
vestimokrec: checks
scorpio04: bets $6
vestimokrec: folds
Uncalled bet ($6) returned to scorpio04
scorpio04 collected $11.76 from pot
scorpio04: doesn't show hand
*** SUMMARY ***
Total pot $12 | Rake $0.24
Board [6d 3s 8h Qh]
Seat 4: vestimokrec (big blind) folded on the Turn
Seat 6: scorpio04 (button) (small blind) collected ($11.76)


PokerStars Hand #171901162262:  Hold'em Limit ($3/$6 USD) - 2017/06/17 15:54:56 ET
Table 'Vega' 6-max Seat #1 is the button
Seat 1: pasha6o ($59.40 in chips)
Seat 4: vestimokrec ($237.72 in chips)
pasha6o: posts small blind $1
vestimokrec: posts big blind $3
*** HOLE CARDS ***
pasha6o: raises $3 to $6
vestimokrec: calls $3
*** FLOP *** [Jd 8c Qd]
vestimokrec: checks
pasha6o: checks
*** TURN *** [Jd 8c Qd] [4h]
vestimokrec: bets $6
pasha6o: folds
Uncalled bet ($6) returned to vestimokrec
vestimokrec collected $11.76 from pot
vestimokrec: doesn't show hand
*** SUMMARY ***
Total pot $12 | Rake $0.24
Board [Jd 8c Qd 4h]
Seat 1: pasha6o (button) (small blind) folded on the Turn
Seat 4: vestimokrec (big blind) collected ($11.76)


PokerStars Hand #171901130618:  Hold'em Limit ($3/$6 USD) - 2017/06/17 15:54:13 ET
Table 'Vega' 6-max Seat #4 is the button
Seat 1: pasha6o ($68.40 in chips)
Seat 4: vestimokrec ($229.08 in chips)
vestimokrec: posts small blind $1
pasha6o: posts big blind $3
*** HOLE CARDS ***
vestimokrec: raises $3 to $6
pasha6o: calls $3
*** FLOP *** [Ad 9d Jc]
pasha6o: bets $3
vestimokrec: calls $3
*** TURN *** [Ad 9d Jc] [8d]
pasha6o: checks
vestimokrec: checks
*** RIVER *** [Ad 9d Jc 8d] [3s]
pasha6o: checks
vestimokrec: checks
*** SHOW DOWN ***
pasha6o: shows [5c Kc] (high card Ace)
vestimokrec: shows [8c Qc] (a pair of Eights)
vestimokrec collected $17.64 from pot
*** SUMMARY ***
Total pot $18 | Rake $0.36
Board [Ad 9d Jc 8d 3s]
Seat 1: pasha6o (big blind) showed [5c Kc] and lost with high card Ace
Seat 4: vestimokrec (button) (small blind) showed [8c Qc] and won ($17.64) with a pair of Eights


PokerStars Hand #171901175729:  Hold'em Limit ($3/$6 USD) - 2017/06/17 15:55:17 ET
Table 'Vega' 6-max Seat #4 is the button
Seat 1: pasha6o ($53.40 in chips)
Seat 4: vestimokrec ($243.48 in chips)
vestimokrec: posts small blind $1
pasha6o: posts big blind $3
*** HOLE CARDS ***
vestimokrec: raises $3 to $6
pasha6o: calls $3
*** FLOP *** [Ac 8s 7c]
pasha6o: checks
vestimokrec: bets $3
pasha6o: calls $3
*** TURN *** [Ac 8s 7c] [Ts]
pasha6o: checks
vestimokrec: bets $6
pasha6o: raises $6 to $12
vestimokrec: folds
Uncalled bet ($6) returned to pasha6o
pasha6o collected $29.50 from pot
pasha6o: doesn't show hand
*** SUMMARY ***
Total pot $30 | Rake $0.50
Board [Ac 8s 7c Ts]
Seat 1: pasha6o (big blind) collected ($29.50)
Seat 4: vestimokrec (button) (small blind) folded on the Turn


PokerStars Hand #171901196377:  Hold'em Limit ($3/$6 USD) - 2017/06/17 15:55:52 ET
Table 'Vega' 6-max Seat #1 is the button
Seat 1: pasha6o ($67.90 in chips)
Seat 4: vestimokrec ($228.48 in chips)
pasha6o: posts small blind $1
vestimokrec: posts big blind $3
*** HOLE CARDS ***
pasha6o: raises $3 to $6
vestimokrec: calls $3
*** FLOP *** [5s 4h 8d]
vestimokrec: checks
pasha6o: bets $3
vestimokrec: calls $3
*** TURN *** [5s 4h 8d] [As]
vestimokrec: checks
pasha6o: bets $6
vestimokrec: calls $6
*** RIVER *** [5s 4h 8d As] [7h]
Milk$hake joins the table at seat #3
vestimokrec: checks
pasha6o: bets $6
vestimokrec: calls $6
*** SHOW DOWN ***
pasha6o: shows [3d 2d] (a straight, Ace to Five)
vestimokrec: mucks hand
pasha6o collected $41.50 from pot
*** SUMMARY ***
Total pot $42 | Rake $0.50
Board [5s 4h 8d As 7h]
Seat 1: pasha6o (button) (small blind) showed [3d 2d] and won ($41.50) with a straight, Ace to Five
Seat 4: vestimokrec (big blind) mucked


PokerStars Hand #171901221952:  Hold'em Limit ($3/$6 USD) - 2017/06/17 15:56:36 ET
Table 'Vega' 6-max Seat #4 is the button
Seat 1: pasha6o ($88.40 in chips)
Seat 4: vestimokrec ($207.48 in chips)
vestimokrec: posts small blind $1
pasha6o: posts big blind $3
*** HOLE CARDS ***
vestimokrec: folds
Uncalled bet ($2) returned to pasha6o
pasha6o collected $2 from pot
pasha6o: doesn't show hand
*** SUMMARY ***
Total pot $2 | Rake $0
Seat 1: pasha6o (big blind) collected ($2)
Seat 4: vestimokrec (button) (small blind) folded before Flop


PokerStars Hand #171903271324:  Hold'em Limit ($3/$6 USD) - 2017/06/17 16:43:19 ET
Table 'Vega' 6-max Seat #6 is the button
Seat 4: favete lin ($121.75 in chips)
Seat 6: scorpio04 ($150 in chips)
scorpio04: posts small blind $1
belik555: is sitting out
favete lin: posts big blind $3
*** HOLE CARDS ***
scorpio04: folds
Uncalled bet ($2) returned to favete lin
belik555 leaves the table
favete lin collected $2 from pot
favete lin: doesn't show hand
*** SUMMARY ***
Total pot $2 | Rake $0
Seat 4: favete lin (big blind) collected ($2)
Seat 6: scorpio04 (button) (small blind) folded before Flop


PokerStars Hand #171903275176:  Hold'em Limit ($3/$6 USD) - 2017/06/17 16:43:25 ET
Table 'Vega' 6-max Seat #4 is the button
Seat 4: favete lin ($122.75 in chips)
Seat 6: scorpio04 ($150 in chips)
favete lin: posts small blind $1
scorpio04: posts big blind $3
*** HOLE CARDS ***
favete lin: raises $3 to $6
scorpio04: calls $3
*** FLOP *** [3c 4d Qd]
scorpio04: checks
Apanage leaves the table
favete lin: bets $3
scorpio04: calls $3
*** TURN *** [3c 4d Qd] [6h]
scorpio04: checks
favete lin: bets $6
scorpio04: folds
Uncalled bet ($6) returned to favete lin
favete lin collected $17.64 from pot
favete lin: doesn't show hand
*** SUMMARY ***
Total pot $18 | Rake $0.36
Board [3c 4d Qd 6h]
Seat 4: favete lin (button) (small blind) collected ($17.64)
Seat 6: scorpio04 (big blind) folded on the Turn


PokerStars Hand #171903296797:  Hold'em Limit ($3/$6 USD) - 2017/06/17 16:43:54 ET
Table 'Vega' 6-max Seat #6 is the button
Seat 4: favete lin ($131.39 in chips)
Seat 6: scorpio04 ($150 in chips)
scorpio04: posts small blind $1
favete lin: posts big blind $3
*** HOLE CARDS ***
scorpio04: raises $3 to $6
favete lin: calls $3
*** FLOP *** [Js 9c 8c]
favete lin: checks
scorpio04: bets $3
favete lin: calls $3
*** TURN *** [Js 9c 8c] [4c]
favete lin: checks
scorpio04: bets $6
favete lin: folds
Uncalled bet ($6) returned to scorpio04
scorpio04 collected $17.64 from pot
scorpio04: doesn't show hand
*** SUMMARY ***
Total pot $18 | Rake $0.36
Board [Js 9c 8c 4c]
Seat 4: favete lin (big blind) folded on the Turn
Seat 6: scorpio04 (button) (small blind) collected ($17.64)


PokerStars Hand #171903314711:  Hold'em Limit ($3/$6 USD) - 2017/06/17 16:44:19 ET
Table 'Vega' 6-max Seat #4 is the button
Seat 4: favete lin ($122.39 in chips)
Seat 6: scorpio04 ($158.64 in chips)
favete lin: posts small blind $1
scorpio04: posts big blind $3
*** HOLE CARDS ***
favete lin: raises $3 to $6
scorpio04: calls $3
*** FLOP *** [9c 6s 3c]
scorpio04: checks
favete lin: bets $3
scorpio04: raises $3 to $6
favete lin: calls $3
*** TURN *** [9c 6s 3c] [6d]
scorpio04: bets $6
favete lin: folds
Uncalled bet ($6) returned to scorpio04
scorpio04 collected $23.52 from pot
scorpio04: doesn't show hand
*** SUMMARY ***
Total pot $24 | Rake $0.48
Board [9c 6s 3c 6d]
Seat 4: favete lin (button) (small blind) folded on the Turn
Seat 6: scorpio04 (big blind) collected ($23.52)


PokerStars Hand #171903373019:  Hold'em Limit ($3/$6 USD) - 2017/06/17 16:45:38 ET
Table 'Vega' 6-max Seat #4 is the button
Seat 4: favete lin ($92.39 in chips)
Seat 6: scorpio04 ($187.66 in chips)
favete lin: posts small blind $1
scorpio04: posts big blind $3
*** HOLE CARDS ***
favete lin: folds
Uncalled bet ($2) returned to scorpio04
scorpio04 collected $2 from pot
scorpio04: doesn't show hand
*** SUMMARY ***
Total pot $2 | Rake $0
Seat 4: favete lin (button) (small blind) folded before Flop
Seat 6: scorpio04 (big blind) collected ($2)


PokerStars Hand #171903343458:  Hold'em Limit ($3/$6 USD) - 2017/06/17 16:44:58 ET
Table 'Vega' 6-max Seat #6 is the button
Seat 4: favete lin ($110.39 in chips)
Seat 6: scorpio04 ($170.16 in chips)
scorpio04: posts small blind $1
favete lin: posts big blind $3
*** HOLE CARDS ***
scorpio04: raises $3 to $6
favete lin: calls $3
*** FLOP *** [Tc Kc Qs]
favete lin: checks
scorpio04: bets $3
favete lin: raises $3 to $6
scorpio04: calls $3
*** TURN *** [Tc Kc Qs] [7h]
favete lin: bets $6
scorpio04: calls $6
*** RIVER *** [Tc Kc Qs 7h] [Jc]
favete lin: checks
scorpio04: bets $6
favete lin: folds
Uncalled bet ($6) returned to scorpio04
scorpio04 collected $35.50 from pot
scorpio04: doesn't show hand
*** SUMMARY ***
Total pot $36 | Rake $0.50
Board [Tc Kc Qs 7h Jc]
Seat 4: favete lin (big blind) folded on the River
Seat 6: scorpio04 (button) (small blind) collected ($35.50)


PokerStars Hand #171903376148:  Hold'em Limit ($3/$6 USD) - 2017/06/17 16:45:43 ET
Table 'Vega' 6-max Seat #6 is the button
Seat 4: favete lin ($91.39 in chips)
Seat 6: scorpio04 ($188.66 in chips)
scorpio04: posts small blind $1
favete lin: posts big blind $3
*** HOLE CARDS ***
scorpio04: raises $3 to $6
favete lin: calls $3
*** FLOP *** [Jc Jh 2s]
favete lin: checks
scorpio04: checks
*** TURN *** [Jc Jh 2s] [2c]
favete lin: bets $6
scorpio04: calls $6
*** RIVER *** [Jc Jh 2s 2c] [Qh]
favete lin: bets $6
scorpio04: folds
Uncalled bet ($6) returned to favete lin
favete lin collected $23.52 from pot
favete lin: doesn't show hand
*** SUMMARY ***
Total pot $24 | Rake $0.48
Board [Jc Jh 2s 2c Qh]
Seat 4: favete lin (big blind) collected ($23.52)
Seat 6: scorpio04 (button) (small blind) folded on the River


PokerStars Hand #171903393206:  Hold'em Limit ($3/$6 USD) - 2017/06/17 16:46:06 ET
Table 'Vega' 6-max Seat #4 is the button
Seat 4: favete lin ($102.91 in chips)
Seat 6: scorpio04 ($176.66 in chips)
favete lin: posts small blind $1
scorpio04: posts big blind $3
*** HOLE CARDS ***
favete lin: raises $3 to $6
scorpio04: raises $3 to $9
favete lin: calls $3
*** FLOP *** [Kh Ad Qs]
scorpio04: bets $3
favete lin: folds
Uncalled bet ($3) returned to scorpio04
scorpio04 collected $17.64 from pot
scorpio04: doesn't show hand
*** SUMMARY ***
Total pot $18 | Rake $0.36
Board [Kh Ad Qs]
Seat 4: favete lin (button) (small blind) folded on the Flop
Seat 6: scorpio04 (big blind) collected ($17.64)


PokerStars Hand #171903423105:  Hold'em Limit ($3/$6 USD) - 2017/06/17 16:46:46 ET
Table 'Vega' 6-max Seat #4 is the button
Seat 4: favete lin ($111.41 in chips)
Seat 6: scorpio04 ($167.30 in chips)
favete lin: posts small blind $1
scorpio04: posts big blind $3
*** HOLE CARDS ***
favete lin: folds
Uncalled bet ($2) returned to scorpio04
scorpio04 collected $2 from pot
scorpio04: doesn't show hand
*** SUMMARY ***
Total pot $2 | Rake $0
Seat 4: favete lin (button) (small blind) folded before Flop
Seat 6: scorpio04 (big blind) collected ($2)


PokerStars Hand #171903404592:  Hold'em Limit ($3/$6 USD) - 2017/06/17 16:46:21 ET
Table 'Vega' 6-max Seat #6 is the button
Seat 4: favete lin ($93.91 in chips)
Seat 6: scorpio04 ($185.30 in chips)
scorpio04: posts small blind $1
favete lin: posts big blind $3
*** HOLE CARDS ***
scorpio04: raises $3 to $6
favete lin: calls $3
*** FLOP *** [2h Tc 4c]
favete lin: checks
scorpio04: checks
*** TURN *** [2h Tc 4c] [6s]
favete lin: bets $6
scorpio04: calls $6
*** RIVER *** [2h Tc 4c 6s] [Kh]
favete lin: bets $6
scorpio04: calls $6
*** SHOW DOWN ***
favete lin: shows [6d Ts] (two pair, Tens and Sixes)
scorpio04: mucks hand
favete lin collected $35.50 from pot
*** SUMMARY ***
Total pot $36 | Rake $0.50
Board [2h Tc 4c 6s Kh]
Seat 4: favete lin (big blind) showed [6d Ts] and won ($35.50) with two pair, Tens and Sixes
Seat 6: scorpio04 (button) (small blind) mucked


PokerStars Hand #171903426913:  Hold'em Limit ($3/$6 USD) - 2017/06/17 16:46:52 ET
Table 'Vega' 6-max Seat #6 is the button
Seat 4: favete lin ($110.41 in chips)
Seat 6: scorpio04 ($168.30 in chips)
scorpio04: posts small blind $1
favete lin: posts big blind $3
*** HOLE CARDS ***
scorpio04: raises $3 to $6
favete lin: calls $3
*** FLOP *** [9d Jh 9c]
favete lin: checks
scorpio04: checks
*** TURN *** [9d Jh 9c] [8d]
favete lin: checks
scorpio04: bets $6
favete lin: calls $6
*** RIVER *** [9d Jh 9c 8d] [5h]
favete lin: checks
scorpio04: bets $6
favete lin: calls $6
*** SHOW DOWN ***
scorpio04: shows [Qc 5d] (two pair, Nines and Fives)
favete lin: shows [As 8h] (two pair, Nines and Eights)
favete lin collected $35.50 from pot
*** SUMMARY ***
Total pot $36 | Rake $0.50
Board [9d Jh 9c 8d 5h]
Seat 4: favete lin (big blind) showed [As 8h] and won ($35.50) with two pair, Nines and Eights
Seat 6: scorpio04 (button) (small blind) showed [Qc 5d] and lost with two pair, Nines and Fives


PokerStars Hand #171903505202:  Hold'em Limit ($3/$6 USD) - 2017/06/17 16:48:26 ET
Table 'Vega' 6-max Seat #6 is the button
Seat 4: favete lin ($142.41 in chips)
Seat 6: scorpio04 ($150 in chips)
scorpio04: posts small blind $1
favete lin: posts big blind $3
*** HOLE CARDS ***
scorpio04: raises $3 to $6
favete lin: folds
Uncalled bet ($3) returned to scorpio04
scorpio04 collected $6 from pot
scorpio04: doesn't show hand
*** SUMMARY ***
Total pot $6 | Rake $0
Seat 4: favete lin (big blind) folded before Flop
Seat 6: scorpio04 (button) (small blind) collected ($6)


PokerStars Hand #171903449921:  Hold'em Limit ($3/$6 USD) - 2017/06/17 16:47:18 ET
Table 'Vega' 6-max Seat #4 is the button
Seat 4: favete lin ($127.91 in chips)
Seat 6: scorpio04 ($150.30 in chips)
favete lin: posts small blind $1
scorpio04: posts big blind $3
*** HOLE CARDS ***
favete lin: raises $3 to $6
scorpio04: calls $3
*** FLOP *** [5s 9c Ah]
scorpio04: checks
favete lin: bets $3
scorpio04: calls $3
*** TURN *** [5s 9c Ah] [6d]
scorpio04: checks
favete lin: bets $6
scorpio04: calls $6
*** RIVER *** [5s 9c Ah 6d] [2d]
scorpio04: checks
favete lin: bets $6
scorpio04: folds
Uncalled bet ($6) returned to favete lin
favete lin collected $29.50 from pot
favete lin: doesn't show hand
*** SUMMARY ***
Total pot $30 | Rake $0.50
Board [5s 9c Ah 6d 2d]
Seat 4: favete lin (button) (small blind) collected ($29.50)
Seat 6: scorpio04 (big blind) folded on the River


PokerStars Hand #171903509516:  Hold'em Limit ($3/$6 USD) - 2017/06/17 16:48:33 ET
Table 'Vega' 6-max Seat #4 is the button
Seat 4: favete lin ($139.41 in chips)
Seat 6: scorpio04 ($153 in chips)
favete lin: posts small blind $1
scorpio04: posts big blind $3
*** HOLE CARDS ***
favete lin: raises $3 to $6
scorpio04: calls $3
*** FLOP *** [9c Js 9d]
scorpio04: checks
favete lin: checks
*** TURN *** [9c Js 9d] [3h]
scorpio04: bets $6
favete lin: calls $6
*** RIVER *** [9c Js 9d 3h] [7s]
scorpio04: checks
favete lin: checks
*** SHOW DOWN ***
scorpio04: shows [5h Ac] (a pair of Nines)
favete lin: mucks hand
scorpio04 collected $23.52 from pot
*** SUMMARY ***
Total pot $24 | Rake $0.48
Board [9c Js 9d 3h 7s]
Seat 4: favete lin (button) (small blind) mucked
Seat 6: scorpio04 (big blind) showed [5h Ac] and won ($23.52) with a pair of Nines


PokerStars Hand #171903534695:  Hold'em Limit ($3/$6 USD) - 2017/06/17 16:49:06 ET
Table 'Vega' 6-max Seat #6 is the button
Seat 4: favete lin ($127.41 in chips)
Seat 6: scorpio04 ($164.52 in chips)
scorpio04: posts small blind $1
favete lin: posts big blind $3
*** HOLE CARDS ***
scorpio04: raises $3 to $6
favete lin: raises $3 to $9
scorpio04: calls $3
*** FLOP *** [3d 3s 4s]
favete lin: bets $3
scorpio04: raises $3 to $6
favete lin: calls $3
*** TURN *** [3d 3s 4s] [3h]
favete lin: checks
scorpio04: checks
*** RIVER *** [3d 3s 4s 3h] [Kc]
favete lin: bets $6
scorpio04: folds
Uncalled bet ($6) returned to favete lin
favete lin collected $29.50 from pot
favete lin: doesn't show hand
*** SUMMARY ***
Total pot $30 | Rake $0.50
Board [3d 3s 4s 3h Kc]
Seat 4: favete lin (big blind) collected ($29.50)
Seat 6: scorpio04 (button) (small blind) folded on the River


PokerStars Hand #171903587549:  Hold'em Limit ($3/$6 USD) - 2017/06/17 16:50:16 ET
Table 'Vega' 6-max Seat #6 is the button
Seat 4: favete lin ($132.91 in chips)
Seat 6: scorpio04 ($158.64 in chips)
scorpio04: posts small blind $1
favete lin: posts big blind $3
*** HOLE CARDS ***
scorpio04: raises $3 to $6
favete lin: calls $3
*** FLOP *** [Kh 8h 7h]
favete lin: checks
scorpio04: bets $3
favete lin: calls $3
*** TURN *** [Kh 8h 7h] [Ks]
favete lin: checks
scorpio04: bets $6
favete lin: calls $6
*** RIVER *** [Kh 8h 7h Ks] [4d]
favete lin: checks
scorpio04: bets $6
favete lin: calls $6
*** SHOW DOWN ***
scorpio04: shows [3s 8s] (two pair, Kings and Eights)
favete lin: shows [8c 3c] (two pair, Kings and Eights)
favete lin collected $20.75 from pot
scorpio04 collected $20.75 from pot
*** SUMMARY ***
Total pot $42 | Rake $0.50
Board [Kh 8h 7h Ks 4d]
Seat 4: favete lin (big blind) showed [8c 3c] and won ($20.75) with two pair, Kings and Eights
Seat 6: scorpio04 (button) (small blind) showed [3s 8s] and won ($20.75) with two pair, Kings and Eights


PokerStars Hand #171903554318:  Hold'em Limit ($3/$6 USD) - 2017/06/17 16:49:32 ET
Table 'Vega' 6-max Seat #4 is the button
Seat 4: favete lin ($141.91 in chips)
Seat 6: scorpio04 ($150 in chips)
favete lin: posts small blind $1
scorpio04: posts big blind $3
*** HOLE CARDS ***
favete lin: raises $3 to $6
scorpio04: calls $3
*** FLOP *** [Tc 6h 2s]
scorpio04: checks
favete lin: bets $3
scorpio04: calls $3
*** TURN *** [Tc 6h 2s] [9d]
scorpio04: checks
favete lin: checks
*** RIVER *** [Tc 6h 2s 9d] [7c]
scorpio04: checks
favete lin: checks
*** SHOW DOWN ***
scorpio04: shows [5c 2c] (a pair of Deuces)
favete lin: mucks hand
scorpio04 collected $17.64 from pot
*** SUMMARY ***
Total pot $18 | Rake $0.36
Board [Tc 6h 2s 9d 7c]
Seat 4: favete lin (button) (small blind) mucked
Seat 6: scorpio04 (big blind) showed [5c 2c] and won ($17.64) with a pair of Deuces


PokerStars Hand #171903668037:  Hold'em Limit ($3/$6 USD) - 2017/06/17 16:52:06 ET
Table 'Vega' 6-max Seat #4 is the button
Seat 4: favete lin ($182.66 in chips)
Seat 6: scorpio04 ($150 in chips)
favete lin: posts small blind $1
scorpio04: posts big blind $3
*** HOLE CARDS ***
favete lin: raises $3 to $6
scorpio04: folds
Uncalled bet ($3) returned to favete lin
favete lin collected $6 from pot
favete lin: doesn't show hand
*** SUMMARY ***
Total pot $6 | Rake $0
Seat 4: favete lin (button) (small blind) collected ($6)
Seat 6: scorpio04 (big blind) folded before Flop


PokerStars Hand #171903644593:  Hold'em Limit ($3/$6 USD) - 2017/06/17 16:51:34 ET
Table 'Vega' 6-max Seat #6 is the button
Seat 4: favete lin ($162.16 in chips)
Seat 6: scorpio04 ($150 in chips)
scorpio04: posts small blind $1
favete lin: posts big blind $3
*** HOLE CARDS ***
scorpio04: raises $3 to $6
favete lin: calls $3
*** FLOP *** [5d Jd 2h]
favete lin: checks
scorpio04: bets $3
favete lin: calls $3
*** TURN *** [5d Jd 2h] [7h]
favete lin: checks
scorpio04: bets $6
favete lin: calls $6
*** RIVER *** [5d Jd 2h 7h] [Kc]
favete lin: checks
scorpio04: bets $6
favete lin: calls $6
*** SHOW DOWN ***
scorpio04: shows [Ac 5h] (a pair of Fives)
favete lin: shows [Th 7d] (a pair of Sevens)
favete lin collected $41.50 from pot
*** SUMMARY ***
Total pot $42 | Rake $0.50
Board [5d Jd 2h 7h Kc]
Seat 4: favete lin (big blind) showed [Th 7d] and won ($41.50) with a pair of Sevens
Seat 6: scorpio04 (button) (small blind) showed [Ac 5h] and lost with a pair of Fives


PokerStars Hand #171903610116:  Hold'em Limit ($3/$6 USD) - 2017/06/17 16:50:47 ET
Table 'Vega' 6-max Seat #4 is the button
Seat 4: favete lin ($132.66 in chips)
Seat 6: scorpio04 ($158.39 in chips)
favete lin: posts small blind $1
scorpio04: posts big blind $3
*** HOLE CARDS ***
favete lin: raises $3 to $6
scorpio04: raises $3 to $9
favete lin: calls $3
*** FLOP *** [Jh 8s 7c]
scorpio04: bets $3
favete lin: raises $3 to $6
scorpio04: raises $3 to $9
favete lin: calls $3
*** TURN *** [Jh 8s 7c] [Qs]
scorpio04: bets $6
favete lin: raises $6 to $12
scorpio04: calls $6
*** RIVER *** [Jh 8s 7c Qs] [7h]
scorpio04: checks
favete lin: checks
*** SHOW DOWN ***
scorpio04: shows [6s 5s] (a pair of Sevens)
favete lin: shows [8c Jc] (two pair, Jacks and Eights)
favete lin collected $59.50 from pot
*** SUMMARY ***
Total pot $60 | Rake $0.50
Board [Jh 8s 7c Qs 7h]
Seat 4: favete lin (button) (small blind) showed [8c Jc] and won ($59.50) with two pair, Jacks and Eights
Seat 6: scorpio04 (big blind) showed [6s 5s] and lost with a pair of Sevens


PokerStars Hand #171903694323:  Hold'em Limit ($3/$6 USD) - 2017/06/17 16:52:43 ET
Table 'Vega' 6-max Seat #4 is the button
Seat 4: favete lin ($197.18 in chips)
Seat 6: scorpio04 ($150 in chips)
favete lin: posts small blind $1
scorpio04: posts big blind $3
*** HOLE CARDS ***
favete lin: raises $3 to $6
scorpio04: raises $3 to $9
favete lin: calls $3
*** FLOP *** [Ks 3c 5c]
scorpio04: bets $3
favete lin: calls $3
*** TURN *** [Ks 3c 5c] [8d]
scorpio04: bets $6
favete lin: calls $6
*** RIVER *** [Ks 3c 5c 8d] [5s]
scorpio04: checks
favete lin: bets $6
scorpio04: calls $6
*** SHOW DOWN ***
favete lin: shows [5d 9c] (three of a kind, Fives)
scorpio04: mucks hand
favete lin collected $47.50 from pot
*** SUMMARY ***
Total pot $48 | Rake $0.50
Board [Ks 3c 5c 8d 5s]
Seat 4: favete lin (button) (small blind) showed [5d 9c] and won ($47.50) with three of a kind, Fives
Seat 6: scorpio04 (big blind) mucked


PokerStars Hand #171903673532:  Hold'em Limit ($3/$6 USD) - 2017/06/17 16:52:14 ET
Table 'Vega' 6-max Seat #6 is the button
Seat 4: favete lin ($185.66 in chips)
Seat 6: scorpio04 ($150 in chips)
scorpio04: posts small blind $1
favete lin: posts big blind $3
*** HOLE CARDS ***
scorpio04: raises $3 to $6
favete lin: raises $3 to $9
scorpio04: calls $3
*** FLOP *** [3d 2c 8s]
favete lin: bets $3
scorpio04: calls $3
*** TURN *** [3d 2c 8s] [3c]
favete lin: bets $6
scorpio04: folds
Uncalled bet ($6) returned to favete lin
favete lin collected $23.52 from pot
favete lin: doesn't show hand
*** SUMMARY ***
Total pot $24 | Rake $0.48
Board [3d 2c 8s 3c]
Seat 4: favete lin (big blind) collected ($23.52)
Seat 6: scorpio04 (button) (small blind) folded on the Turn


PokerStars Hand #171903713936:  Hold'em Limit ($3/$6 USD) - 2017/06/17 16:53:02 ET
Table 'Vega' 6-max Seat #6 is the button
Seat 4: favete lin ($220.68 in chips)
Seat 6: scorpio04 ($150 in chips)
scorpio04: posts small blind $1
favete lin: posts big blind $3
*** HOLE CARDS ***
scorpio04: raises $3 to $6
favete lin: calls $3
*** FLOP *** [Qc 8d 3s]
favete lin: checks
scorpio04: bets $3
favete lin: folds
Uncalled bet ($3) returned to scorpio04
scorpio04 collected $11.76 from pot
scorpio04: doesn't show hand
*** SUMMARY ***
Total pot $12 | Rake $0.24
Board [Qc 8d 3s]
Seat 4: favete lin (big blind) folded on the Flop
Seat 6: scorpio04 (button) (small blind) collected ($11.76)


PokerStars Hand #171903731358:  Hold'em Limit ($3/$6 USD) - 2017/06/17 16:53:26 ET
Table 'Vega' 6-max Seat #6 is the button
Seat 4: favete lin ($217.68 in chips)
Seat 6: scorpio04 ($152.76 in chips)
scorpio04: posts small blind $1
favete lin: posts big blind $3
*** HOLE CARDS ***
scorpio04: raises $3 to $6
favete lin: calls $3
*** FLOP *** [Td Jd 4d]
favete lin: checks
scorpio04: bets $3
favete lin: calls $3
*** TURN *** [Td Jd 4d] [Ah]
favete lin: checks
scorpio04: checks
*** RIVER *** [Td Jd 4d Ah] [Kc]
rsulowski41 joins the table at seat #2
favete lin: checks
scorpio04: bets $6
favete lin: folds
Uncalled bet ($6) returned to scorpio04
scorpio04 collected $17.64 from pot
scorpio04: doesn't show hand
*** SUMMARY ***
Total pot $18 | Rake $0.36
Board [Td Jd 4d Ah Kc]
Seat 4: favete lin (big blind) folded on the River
Seat 6: scorpio04 (button) (small blind) collected ($17.64)


PokerStars Hand #171903726453:  Hold'em Limit ($3/$6 USD) - 2017/06/17 16:53:19 ET
Table 'Vega' 6-max Seat #4 is the button
Seat 4: favete lin ($214.68 in chips)
Seat 6: scorpio04 ($155.76 in chips)
favete lin: posts small blind $1
scorpio04: posts big blind $3
*** HOLE CARDS ***
favete lin: raises $3 to $6
scorpio04: folds
Uncalled bet ($3) returned to favete lin
favete lin collected $6 from pot
favete lin: doesn't show hand
*** SUMMARY ***
Total pot $6 | Rake $0
Seat 4: favete lin (button) (small blind) collected ($6)
Seat 6: scorpio04 (big blind) folded before Flop


PokerStars Hand #171903764534:  Hold'em Limit ($3/$6 USD) - 2017/06/17 16:54:12 ET
Table 'Vega' 6-max Seat #4 is the button
Seat 4: favete lin ($208.68 in chips)
Seat 6: scorpio04 ($161.40 in chips)
favete lin: posts small blind $1
scorpio04: posts big blind $3
*** HOLE CARDS ***
favete lin: raises $3 to $6
scorpio04: raises $3 to $9
favete lin: calls $3
*** FLOP *** [3d 9s 8s]
scorpio04: bets $3
favete lin: calls $3
*** TURN *** [3d 9s 8s] [Ah]
scorpio04: bets $6
favete lin: folds
Uncalled bet ($6) returned to scorpio04
scorpio04 collected $23.52 from pot
scorpio04: doesn't show hand
*** SUMMARY ***
Total pot $24 | Rake $0.48
Board [3d 9s 8s Ah]
Seat 4: favete lin (button) (small blind) folded on the Turn
Seat 6: scorpio04 (big blind) collected ($23.52)


PokerStars Hand #171903817101:  Hold'em Limit ($3/$6 USD) - 2017/06/17 16:55:31 ET
Table 'Vega' 6-max Seat #4 is the button
Seat 4: favete lin ($234.01 in chips)
Seat 6: scorpio04 ($150 in chips)
favete lin: posts small blind $1
scorpio04: posts big blind $3
*** HOLE CARDS ***
favete lin: folds
Uncalled bet ($2) returned to scorpio04
scorpio04 collected $2 from pot
scorpio04: doesn't show hand
*** SUMMARY ***
Total pot $2 | Rake $0
Seat 4: favete lin (button) (small blind) folded before Flop
Seat 6: scorpio04 (big blind) collected ($2)


PokerStars Hand #171903802295:  Hold'em Limit ($3/$6 USD) - 2017/06/17 16:55:05 ET
Table 'Vega' 6-max Seat #6 is the button
Seat 4: favete lin ($216.51 in chips)
Seat 6: scorpio04 ($154.92 in chips)
scorpio04: posts small blind $1
favete lin: posts big blind $3
*** HOLE CARDS ***
scorpio04: raises $3 to $6
favete lin: raises $3 to $9
scorpio04: calls $3
*** FLOP *** [Th 5c Qs]
favete lin: bets $3
scorpio04: calls $3
*** TURN *** [Th 5c Qs] [Td]
favete lin: checks
scorpio04: bets $6
favete lin: calls $6
*** RIVER *** [Th 5c Qs Td] [Qc]
favete lin: checks
scorpio04: checks
*** SHOW DOWN ***
favete lin: shows [Ac Js] (two pair, Queens and Tens)
scorpio04: mucks hand
favete lin collected $35.50 from pot
*** SUMMARY ***
Total pot $36 | Rake $0.50
Board [Th 5c Qs Td Qc]
Seat 4: favete lin (big blind) showed [Ac Js] and won ($35.50) with two pair, Queens and Tens
Seat 6: scorpio04 (button) (small blind) mucked


PokerStars Hand #171903852728:  Hold'em Limit ($3/$6 USD) - 2017/06/17 16:56:32 ET
Table 'Vega' 6-max Seat #4 is the button
Seat 4: favete lin ($215.01 in chips)
Seat 6: scorpio04 ($168.50 in chips)
favete lin: posts small blind $1
scorpio04: posts big blind $3
*** HOLE CARDS ***
favete lin: raises $3 to $6
scorpio04: folds
Uncalled bet ($3) returned to favete lin
favete lin collected $6 from pot
favete lin: doesn't show hand
*** SUMMARY ***
Total pot $6 | Rake $0
Seat 4: favete lin (button) (small blind) collected ($6)
Seat 6: scorpio04 (big blind) folded before Flop


PokerStars Hand #171903820358:  Hold'em Limit ($3/$6 USD) - 2017/06/17 16:55:37 ET
Table 'Vega' 6-max Seat #6 is the button
Seat 4: favete lin ($233.01 in chips)
Seat 6: scorpio04 ($151 in chips)
scorpio04: posts small blind $1
favete lin: posts big blind $3
*** HOLE CARDS ***
scorpio04: raises $3 to $6
favete lin: raises $3 to $9
scorpio04: calls $3
*** FLOP *** [Qc 4h 6c]
favete lin: bets $3
scorpio04: calls $3
*** TURN *** [Qc 4h 6c] [8h]
favete lin: bets $6
scorpio04: calls $6
*** RIVER *** [Qc 4h 6c 8h] [9s]
favete lin: checks
scorpio04: bets $6
favete lin: folds
Uncalled bet ($6) returned to scorpio04
scorpio04 collected $35.50 from pot
scorpio04: doesn't show hand
*** SUMMARY ***
Total pot $36 | Rake $0.50
Board [Qc 4h 6c 8h 9s]
Seat 4: favete lin (big blind) folded on the River
Seat 6: scorpio04 (button) (small blind) collected ($35.50)


PokerStars Hand #171903864565:  Hold'em Limit ($3/$6 USD) - 2017/06/17 16:56:52 ET
Table 'Vega' 6-max Seat #6 is the button
Seat 4: favete lin ($218.01 in chips)
Seat 6: scorpio04 ($165.50 in chips)
scorpio04: posts small blind $1
favete lin: posts big blind $3
*** HOLE CARDS ***
scorpio04: raises $3 to $6
favete lin: calls $3
*** FLOP *** [3d Td 8h]
favete lin: checks
scorpio04: checks
*** TURN *** [3d Td 8h] [3h]
favete lin: checks
scorpio04: bets $6
favete lin: raises $6 to $12
scorpio04: folds
Uncalled bet ($6) returned to favete lin
favete lin collected $23.52 from pot
favete lin: doesn't show hand
*** SUMMARY ***
Total pot $24 | Rake $0.48
Board [3d Td 8h 3h]
Seat 4: favete lin (big blind) collected ($23.52)
Seat 6: scorpio04 (button) (small blind) folded on the Turn


PokerStars Hand #171903885414:  Hold'em Limit ($3/$6 USD) - 2017/06/17 16:57:27 ET
Table 'Vega' 6-max Seat #6 is the button
Seat 4: favete lin ($228.53 in chips)
Seat 6: scorpio04 ($154.50 in chips)
scorpio04: posts small blind $1
favete lin: posts big blind $3
*** HOLE CARDS ***
scorpio04: raises $3 to $6
favete lin: calls $3
*** FLOP *** [Qh 4h Jh]
favete lin: checks
scorpio04: bets $3
favete lin: calls $3
*** TURN *** [Qh 4h Jh] [3c]
favete lin: checks
scorpio04: bets $6
favete lin: calls $6
*** RIVER *** [Qh 4h Jh 3c] [Js]
favete lin: checks
scorpio04: bets $6
favete lin: calls $6
*** SHOW DOWN ***
scorpio04: shows [6d 6h] (two pair, Jacks and Sixes)
favete lin: mucks hand
scorpio04 collected $41.50 from pot
*** SUMMARY ***
Total pot $42 | Rake $0.50
Board [Qh 4h Jh 3c Js]
Seat 4: favete lin (big blind) mucked
Seat 6: scorpio04 (button) (small blind) showed [6d 6h] and won ($41.50) with two pair, Jacks and Sixes


PokerStars Hand #171903882431:  Hold'em Limit ($3/$6 USD) - 2017/06/17 16:57:22 ET
Table 'Vega' 6-max Seat #4 is the button
Seat 4: favete lin ($229.53 in chips)
Seat 6: scorpio04 ($153.50 in chips)
favete lin: posts small blind $1
scorpio04: posts big blind $3
*** HOLE CARDS ***
favete lin: folds
Uncalled bet ($2) returned to scorpio04
scorpio04 collected $2 from pot
scorpio04: doesn't show hand
*** SUMMARY ***
Total pot $2 | Rake $0
Seat 4: favete lin (button) (small blind) folded before Flop
Seat 6: scorpio04 (big blind) collected ($2)


PokerStars Hand #171903935355:  Hold'em Limit ($3/$6 USD) - 2017/06/17 16:58:51 ET
Table 'Vega' 6-max Seat #6 is the button
Seat 4: favete lin ($180.53 in chips)
Seat 6: scorpio04 ($201.50 in chips)
scorpio04: posts small blind $1
favete lin: posts big blind $3
*** HOLE CARDS ***
scorpio04: raises $3 to $6
favete lin: calls $3
*** FLOP *** [2s Jh 4s]
favete lin: checks
scorpio04: bets $3
favete lin: folds
Uncalled bet ($3) returned to scorpio04
scorpio04 collected $11.76 from pot
scorpio04: doesn't show hand
*** SUMMARY ***
Total pot $12 | Rake $0.24
Board [2s Jh 4s]
Seat 4: favete lin (big blind) folded on the Flop
Seat 6: scorpio04 (button) (small blind) collected ($11.76)


PokerStars Hand #171903906651:  Hold'em Limit ($3/$6 USD) - 2017/06/17 16:58:03 ET
Table 'Vega' 6-max Seat #4 is the button
Seat 4: favete lin ($207.53 in chips)
Seat 6: scorpio04 ($175 in chips)
favete lin: posts small blind $1
scorpio04: posts big blind $3
*** HOLE CARDS ***
favete lin: raises $3 to $6
scorpio04: calls $3
*** FLOP *** [3c 7s Tc]
scorpio04: checks
favete lin: bets $3
scorpio04: calls $3
*** TURN *** [3c 7s Tc] [6h]
scorpio04: checks
favete lin: bets $6
scorpio04: calls $6
*** RIVER *** [3c 7s Tc 6h] [3d]
scorpio04: checks
favete lin: bets $6
scorpio04: raises $6 to $12
favete lin: calls $6
*** SHOW DOWN ***
scorpio04: shows [4d 3h] (three of a kind, Threes)
favete lin: mucks hand
scorpio04 collected $53.50 from pot
*** SUMMARY ***
Total pot $54 | Rake $0.50
Board [3c 7s Tc 6h 3d]
Seat 4: favete lin (button) (small blind) mucked
Seat 6: scorpio04 (big blind) showed [4d 3h] and won ($53.50) with three of a kind, Threes


PokerStars Hand #171903968377:  Hold'em Limit ($3/$6 USD) - 2017/06/17 16:59:46 ET
Table 'Vega' 6-max Seat #6 is the button
Seat 4: favete lin ($162.53 in chips)
Seat 6: scorpio04 ($218.78 in chips)
scorpio04: posts small blind $1
favete lin: posts big blind $3
*** HOLE CARDS ***
scorpio04: raises $3 to $6
favete lin: raises $3 to $9
scorpio04: calls $3
*** FLOP *** [Tc 5h 2h]
favete lin: bets $3
scorpio04: calls $3
*** TURN *** [Tc 5h 2h] [Jd]
favete lin: bets $6
scorpio04: folds
Uncalled bet ($6) returned to favete lin
favete lin collected $23.52 from pot
favete lin: doesn't show hand
*** SUMMARY ***
Total pot $24 | Rake $0.48
Board [Tc 5h 2h Jd]
Seat 4: favete lin (big blind) collected ($23.52)
Seat 6: scorpio04 (button) (small blind) folded on the Turn


PokerStars Hand #171903945457:  Hold'em Limit ($3/$6 USD) - 2017/06/17 16:59:08 ET
Table 'Vega' 6-max Seat #4 is the button
Seat 4: favete lin ($174.53 in chips)
Seat 6: scorpio04 ($207.26 in chips)
favete lin: posts small blind $1
scorpio04: posts big blind $3
*** HOLE CARDS ***
favete lin: raises $3 to $6
scorpio04: calls $3
*** FLOP *** [8s Jd 9s]
scorpio04: checks
favete lin: checks
*** TURN *** [8s Jd 9s] [Kd]
scorpio04: bets $6
favete lin: calls $6
*** RIVER *** [8s Jd 9s Kd] [3s]
scorpio04: bets $6
favete lin: folds
Uncalled bet ($6) returned to scorpio04
scorpio04 collected $23.52 from pot
scorpio04: doesn't show hand
*** SUMMARY ***
Total pot $24 | Rake $0.48
Board [8s Jd 9s Kd 3s]
Seat 4: favete lin (button) (small blind) folded on the River
Seat 6: scorpio04 (big blind) collected ($23.52)


PokerStars Hand #171904001995:  Hold'em Limit ($3/$6 USD) - 2017/06/17 17:00:40 ET
Table 'Vega' 6-max Seat #4 is the button
Seat 4: favete lin ($167.80 in chips)
Seat 6: scorpio04 ($212.29 in chips)
favete lin: posts small blind $1
scorpio04: posts big blind $3
*** HOLE CARDS ***
favete lin: raises $3 to $6
scorpio04: calls $3
*** FLOP *** [Kh 7s 6h]
scorpio04: checks
favete lin: bets $3
scorpio04: folds
Uncalled bet ($3) returned to favete lin
favete lin collected $11.76 from pot
favete lin: doesn't show hand
*** SUMMARY ***
Total pot $12 | Rake $0.24
Board [Kh 7s 6h]
Seat 4: favete lin (button) (small blind) collected ($11.76)
Seat 6: scorpio04 (big blind) folded on the Flop


PokerStars Hand #171903994890:  Hold'em Limit ($3/$6 USD) - 2017/06/17 17:00:29 ET
Table 'Vega' 6-max Seat #6 is the button
Seat 4: favete lin ($173.80 in chips)
Seat 6: scorpio04 ($206.53 in chips)
scorpio04: posts small blind $1
favete lin: posts big blind $3
*** HOLE CARDS ***
scorpio04: raises $3 to $6
favete lin: calls $3
*** FLOP *** [Ah 9h 6h]
favete lin: checks
scorpio04: bets $3
favete lin: folds
Uncalled bet ($3) returned to scorpio04
scorpio04 collected $11.76 from pot
scorpio04: doesn't show hand
*** SUMMARY ***
Total pot $12 | Rake $0.24
Board [Ah 9h 6h]
Seat 4: favete lin (big blind) folded on the Flop
Seat 6: scorpio04 (button) (small blind) collected ($11.76)


PokerStars Hand #171903980760:  Hold'em Limit ($3/$6 USD) - 2017/06/17 17:00:06 ET
Table 'Vega' 6-max Seat #4 is the button
Seat 4: favete lin ($174.05 in chips)
Seat 6: scorpio04 ($206.78 in chips)
favete lin: posts small blind $1
scorpio04: posts big blind $3
*** HOLE CARDS ***
favete lin: raises $3 to $6
scorpio04: calls $3
*** FLOP *** [4h 5h Jc]
scorpio04: checks
favete lin: bets $3
scorpio04: raises $3 to $6
favete lin: calls $3
*** TURN *** [4h 5h Jc] [Kd]
scorpio04: checks
favete lin: bets $6
scorpio04: calls $6
*** RIVER *** [4h 5h Jc Kd] [Jd]
scorpio04: checks
favete lin: bets $6
scorpio04: calls $6
*** SHOW DOWN ***
favete lin: shows [5c 9h] (two pair, Jacks and Fives)
scorpio04: shows [Qh 5d] (two pair, Jacks and Fives)
scorpio04 collected $23.75 from pot
favete lin collected $23.75 from pot
*** SUMMARY ***
Total pot $48 | Rake $0.50
Board [4h 5h Jc Kd Jd]
Seat 4: favete lin (button) (small blind) showed [5c 9h] and won ($23.75) with two pair, Jacks and Fives
Seat 6: scorpio04 (big blind) showed [Qh 5d] and won ($23.75) with two pair, Jacks and Fives


PokerStars Hand #171904013761:  Hold'em Limit ($3/$6 USD) - 2017/06/17 17:00:58 ET
Table 'Vega' 6-max Seat #6 is the button
Seat 4: favete lin ($173.56 in chips)
Seat 6: scorpio04 ($206.29 in chips)
scorpio04: posts small blind $1
favete lin: posts big blind $3
*** HOLE CARDS ***
scorpio04: raises $3 to $6
favete lin: raises $3 to $9
scorpio04: calls $3
*** FLOP *** [2c 7s 8d]
favete lin: bets $3
scorpio04: raises $3 to $6
favete lin: calls $3
*** TURN *** [2c 7s 8d] [Jd]
favete lin: checks
scorpio04: bets $6
favete lin: calls $6
*** RIVER *** [2c 7s 8d Jd] [2d]
favete lin: checks
scorpio04: checks
*** SHOW DOWN ***
favete lin: shows [6s 6h] (two pair, Sixes and Deuces)
scorpio04: shows [7d 9c] (two pair, Sevens and Deuces)
scorpio04 collected $41.50 from pot
*** SUMMARY ***
Total pot $42 | Rake $0.50
Board [2c 7s 8d Jd 2d]
Seat 4: favete lin (big blind) showed [6s 6h] and lost with two pair, Sixes and Deuces
Seat 6: scorpio04 (button) (small blind) showed [7d 9c] and won ($41.50) with two pair, Sevens and Deuces


PokerStars Hand #171904089349:  Hold'em Limit ($3/$6 USD) - 2017/06/17 17:02:47 ET
Table 'Vega' 6-max Seat #4 is the button
Seat 4: favete lin ($175.06 in chips)
Seat 6: scorpio04 ($203.79 in chips)
favete lin: posts small blind $1
scorpio04: posts big blind $3
*** HOLE CARDS ***
favete lin: raises $3 to $6
scorpio04: calls $3
*** FLOP *** [Tc Ah 9h]
scorpio04: checks
favete lin: bets $3
scorpio04: raises $3 to $6
scar101 joins the table at seat #3
favete lin: calls $3
*** TURN *** [Tc Ah 9h] [Ad]
scorpio04: bets $6
favete lin: calls $6
*** RIVER *** [Tc Ah 9h Ad] [3c]
scorpio04: checks
favete lin: bets $6
scorpio04: folds
Uncalled bet ($6) returned to favete lin
favete lin collected $35.50 from pot
favete lin: doesn't show hand
*** SUMMARY ***
Total pot $36 | Rake $0.50
Board [Tc Ah 9h Ad 3c]
Seat 4: favete lin (button) (small blind) collected ($35.50)
Seat 6: scorpio04 (big blind) folded on the River


PokerStars Hand #171904085288:  Hold'em Limit ($3/$6 USD) - 2017/06/17 17:02:41 ET
Table 'Vega' 6-max Seat #6 is the button
Seat 4: favete lin ($178.06 in chips)
Seat 6: scorpio04 ($200.79 in chips)
scorpio04: posts small blind $1
favete lin: posts big blind $3
*** HOLE CARDS ***
scorpio04: raises $3 to $6
favete lin: folds
Uncalled bet ($3) returned to scorpio04
scorpio04 collected $6 from pot
scorpio04: doesn't show hand
*** SUMMARY ***
Total pot $6 | Rake $0
Seat 4: favete lin (big blind) folded before Flop
Seat 6: scorpio04 (button) (small blind) collected ($6)


PokerStars Hand #171904079972:  Hold'em Limit ($3/$6 USD) - 2017/06/17 17:02:34 ET
Table 'Vega' 6-max Seat #4 is the button
Seat 4: favete lin ($179.06 in chips)
Seat 6: scorpio04 ($199.79 in chips)
favete lin: posts small blind $1
scorpio04: posts big blind $3
*** HOLE CARDS ***
favete lin: folds
Uncalled bet ($2) returned to scorpio04
scorpio04 collected $2 from pot
scorpio04: doesn't show hand
*** SUMMARY ***
Total pot $2 | Rake $0
Seat 4: favete lin (button) (small blind) folded before Flop
Seat 6: scorpio04 (big blind) collected ($2)


PokerStars Hand #171904075086:  Hold'em Limit ($3/$6 USD) - 2017/06/17 17:02:27 ET
Table 'Vega' 6-max Seat #6 is the button
Seat 4: favete lin ($182.06 in chips)
Seat 6: scorpio04 ($196.79 in chips)
scorpio04: posts small blind $1
favete lin: posts big blind $3
*** HOLE CARDS ***
scorpio04: raises $3 to $6
favete lin: folds
Uncalled bet ($3) returned to scorpio04
scorpio04 collected $6 from pot
scorpio04: doesn't show hand
*** SUMMARY ***
Total pot $6 | Rake $0
Seat 4: favete lin (big blind) folded before Flop
Seat 6: scorpio04 (button) (small blind) collected ($6)


PokerStars Hand #171904042304:  Hold'em Limit ($3/$6 USD) - 2017/06/17 17:01:40 ET
Table 'Vega' 6-max Seat #4 is the button
Seat 4: favete lin ($152.56 in chips)
Seat 6: scorpio04 ($226.79 in chips)
favete lin: posts small blind $1
scorpio04: posts big blind $3
*** HOLE CARDS ***
favete lin: raises $3 to $6
scorpio04: raises $3 to $9
favete lin: calls $3
*** FLOP *** [2s Qh Qc]
scorpio04: bets $3
favete lin: calls $3
*** TURN *** [2s Qh Qc] [As]
scorpio04: checks
favete lin: bets $6
scorpio04: raises $6 to $12
favete lin: calls $6
*** RIVER *** [2s Qh Qc As] [Qs]
scorpio04: checks
favete lin: bets $6
scorpio04: calls $6
*** SHOW DOWN ***
favete lin: shows [Ac 4h] (a full house, Queens full of Aces)
scorpio04: mucks hand
favete lin collected $59.50 from pot
*** SUMMARY ***
Total pot $60 | Rake $0.50
Board [2s Qh Qc As Qs]
Seat 4: favete lin (button) (small blind) showed [Ac 4h] and won ($59.50) with a full house, Queens full of Aces
Seat 6: scorpio04 (big blind) mucked


PokerStars Hand #171904159707:  Hold'em Limit ($3/$6 USD) - 2017/06/17 17:04:25 ET
Table 'Vega' 6-max Seat #4 is the button
Seat 4: favete lin ($157.56 in chips)
Seat 6: scorpio04 ($183.79 in chips)
favete lin: posts small blind $1
scorpio04: posts big blind $3
*** HOLE CARDS ***
favete lin: raises $3 to $6
scorpio04: calls $3
*** FLOP *** [7h Qs 5c]
scorpio04: checks
favete lin: bets $3
scorpio04: calls $3
*** TURN *** [7h Qs 5c] [8h]
scorpio04: checks
Hannibal2211 joins the table at seat #2
favete lin: bets $6
scorpio04: folds
Uncalled bet ($6) returned to favete lin
favete lin collected $17.64 from pot
favete lin: doesn't show hand
*** SUMMARY ***
Total pot $18 | Rake $0.36
Board [7h Qs 5c 8h]
Seat 4: favete lin (button) (small blind) collected ($17.64)
Seat 6: scorpio04 (big blind) folded on the Turn


PokerStars Hand #171904154512:  Hold'em Limit ($3/$6 USD) - 2017/06/17 17:04:17 ET
Table 'Vega' 6-max Seat #6 is the button
Seat 4: favete lin ($156.56 in chips)
Seat 6: scorpio04 ($184.79 in chips)
scorpio04: posts small blind $1
favete lin: posts big blind $3
*** HOLE CARDS ***
scorpio04: folds
Uncalled bet ($2) returned to favete lin
favete lin collected $2 from pot
favete lin: doesn't show hand
*** SUMMARY ***
Total pot $2 | Rake $0
Seat 4: favete lin (big blind) collected ($2)
Seat 6: scorpio04 (button) (small blind) folded before Flop


PokerStars Hand #171905723608:  Hold'em Limit ($3/$6 USD) - 2017/06/17 17:40:22 ET
Table 'Vega' 6-max Seat #6 is the button
Seat 4: favete lin ($245.07 in chips)
Seat 6: scorpio04 ($177.31 in chips)
scorpio04: posts small blind $1
EVBET: is sitting out
favete lin: posts big blind $3
EVBET leaves the table
*** HOLE CARDS ***
scorpio04: raises $3 to $6
favete lin: calls $3
*** FLOP *** [Ts Ks Qs]
favete lin: checks
scorpio04: bets $3
favete lin: calls $3
*** TURN *** [Ts Ks Qs] [5d]
favete lin: checks
scorpio04: checks
*** RIVER *** [Ts Ks Qs 5d] [Tc]
favete lin: bets $6
scorpio04: folds
Uncalled bet ($6) returned to favete lin
Yarra56 leaves the table
favete lin collected $17.64 from pot
favete lin: doesn't show hand
*** SUMMARY ***
Total pot $18 | Rake $0.36
Board [Ts Ks Qs 5d Tc]
Seat 4: favete lin (big blind) collected ($17.64)
Seat 6: scorpio04 (button) (small blind) folded on the River


PokerStars Hand #171905734940:  Hold'em Limit ($3/$6 USD) - 2017/06/17 17:40:38 ET
Table 'Vega' 6-max Seat #4 is the button
Seat 4: favete lin ($253.71 in chips)
Seat 6: scorpio04 ($168.31 in chips)
favete lin: posts small blind $1
scorpio04: posts big blind $3
*** HOLE CARDS ***
favete lin: raises $3 to $6
masterblstr8 leaves the table
scorpio04: raises $3 to $9
favete lin: calls $3
*** FLOP *** [7s Ah Kd]
scorpio04: bets $3
favete lin: calls $3
*** TURN *** [7s Ah Kd] [Jd]
scorpio04: bets $6
favete lin: calls $6
*** RIVER *** [7s Ah Kd Jd] [2c]
scorpio04: bets $6
favete lin: calls $6
*** SHOW DOWN ***
scorpio04: shows [Ad 7d] (two pair, Aces and Sevens)
favete lin: mucks hand
scorpio04 collected $47.50 from pot
*** SUMMARY ***
Total pot $48 | Rake $0.50
Board [7s Ah Kd Jd 2c]
Seat 4: favete lin (button) (small blind) mucked
Seat 6: scorpio04 (big blind) showed [Ad 7d] and won ($47.50) with two pair, Aces and Sevens


PokerStars Hand #171905753597:  Hold'em Limit ($3/$6 USD) - 2017/06/17 17:41:05 ET
Table 'Vega' 6-max Seat #6 is the button
Seat 4: favete lin ($229.71 in chips)
Seat 6: scorpio04 ($191.81 in chips)
scorpio04: posts small blind $1
favete lin: posts big blind $3
*** HOLE CARDS ***
scorpio04: raises $3 to $6
favete lin: calls $3
*** FLOP *** [Td Ah 5c]
favete lin: checks
scorpio04: bets $3
favete lin: calls $3
*** TURN *** [Td Ah 5c] [7s]
favete lin: checks
pasha6o joins the table at seat #2
scorpio04: bets $6
favete lin: calls $6
*** RIVER *** [Td Ah 5c 7s] [Kc]
favete lin: checks
scorpio04: bets $6
favete lin: calls $6
*** SHOW DOWN ***
scorpio04: shows [8c Js] (high card Ace)
favete lin: shows [3h Kd] (a pair of Kings)
favete lin collected $41.50 from pot
*** SUMMARY ***
Total pot $42 | Rake $0.50
Board [Td Ah 5c 7s Kc]
Seat 4: favete lin (big blind) showed [3h Kd] and won ($41.50) with a pair of Kings
Seat 6: scorpio04 (button) (small blind) showed [8c Js] and lost with high card Ace


PokerStars Hand #171905783525:  Hold'em Limit ($3/$6 USD) - 2017/06/17 17:41:49 ET
Table 'Vega' 6-max Seat #4 is the button
Seat 4: favete lin ($250.21 in chips)
Seat 6: scorpio04 ($170.81 in chips)
favete lin: posts small blind $1
scorpio04: posts big blind $3
*** HOLE CARDS ***
favete lin: raises $3 to $6
scorpio04: calls $3
*** FLOP *** [Tc 6s 4s]
scorpio04: checks
favete lin: checks
*** TURN *** [Tc 6s 4s] [Ah]
scorpio04: checks
favete lin: checks
*** RIVER *** [Tc 6s 4s Ah] [As]
scorpio04: checks
favete lin: checks
*** SHOW DOWN ***
scorpio04: shows [2c Kc] (a pair of Aces)
favete lin: mucks hand
scorpio04 collected $11.76 from pot
*** SUMMARY ***
Total pot $12 | Rake $0.24
Board [Tc 6s 4s Ah As]
Seat 4: favete lin (button) (small blind) mucked
Seat 6: scorpio04 (big blind) showed [2c Kc] and won ($11.76) with a pair of Aces


