PokerStars Hand #147407774311:  Hold'em Limit ($3/$6 USD) - 2016/01/21 3:02:01 ET
Table 'Vega II' 2-max Seat #1 is the button
Seat 1: Rus29APX ($117 in chips)
Seat 2: _fayzulllo_ ($75 in chips)
Rus29APX: posts small blind $1
_fayzulllo_: posts big blind $3
*** HOLE CARDS ***
Rus29APX: raises $3 to $6
_fayzulllo_: calls $3
*** FLOP *** [7d Jc As]
_fayzulllo_: checks
Rus29APX: bets $3
_fayzulllo_: calls $3
*** TURN *** [7d Jc As] [Kc]
_fayzulllo_: checks
Rus29APX: checks
*** RIVER *** [7d Jc As Kc] [Kh]
_fayzulllo_: checks
Rus29APX: bets $6
_fayzulllo_: calls $6
*** SHOW DOWN ***
Rus29APX: shows [Js 2s] (two pair, Kings and Jacks)
_fayzulllo_: mucks hand
Rus29APX collected $29.50 from pot
*** SUMMARY ***
Total pot $30 | Rake $0.50
Board [7d Jc As Kc Kh]
Seat 1: Rus29APX (button) (small blind) showed [Js 2s] and won ($29.50) with two pair, Kings and Jacks
Seat 2: _fayzulllo_ (big blind) mucked


PokerStars Hand #147407780305:  Hold'em Limit ($3/$6 USD) - 2016/01/21 3:02:19 ET
Table 'Vega II' 2-max Seat #2 is the button
Seat 1: Rus29APX ($131.50 in chips)
Seat 2: _fayzulllo_ ($60 in chips)
_fayzulllo_: posts small blind $1
Rus29APX: posts big blind $3
*** HOLE CARDS ***
_fayzulllo_: raises $3 to $6
Rus29APX: calls $3
*** FLOP *** [4h Ts 7h]
Rus29APX: checks
_fayzulllo_: checks
*** TURN *** [4h Ts 7h] [Ks]
Rus29APX: bets $6
_fayzulllo_: calls $6
*** RIVER *** [4h Ts 7h Ks] [3h]
Rus29APX: bets $6
_fayzulllo_: raises $6 to $12
Rus29APX: folds
Uncalled bet ($6) returned to _fayzulllo_
_fayzulllo_ collected $35.50 from pot
_fayzulllo_: doesn't show hand
*** SUMMARY ***
Total pot $36 | Rake $0.50
Board [4h Ts 7h Ks 3h]
Seat 1: Rus29APX (big blind) folded on the River
Seat 2: _fayzulllo_ (button) (small blind) collected ($35.50)


PokerStars Hand #147407767258:  Hold'em Limit ($3/$6 USD) - 2016/01/21 3:01:39 ET
Table 'Vega II' 2-max Seat #2 is the button
Seat 1: Rus29APX ($120 in chips)
Seat 2: _fayzulllo_ ($72 in chips)
_fayzulllo_: posts small blind $1
Rus29APX: posts big blind $3
*** HOLE CARDS ***
_fayzulllo_: raises $3 to $6
Rus29APX: folds
Uncalled bet ($3) returned to _fayzulllo_
_fayzulllo_ collected $6 from pot
_fayzulllo_: doesn't show hand
*** SUMMARY ***
Total pot $6 | Rake $0
Seat 1: Rus29APX (big blind) folded before Flop
Seat 2: _fayzulllo_ (button) (small blind) collected ($6)


PokerStars Hand #147407788545:  Hold'em Limit ($3/$6 USD) - 2016/01/21 3:02:45 ET
Table 'Vega II' 2-max Seat #2 is the button
Seat 1: Rus29APX ($112.50 in chips)
Seat 2: _fayzulllo_ ($78.50 in chips)
_fayzulllo_: posts small blind $1
Rus29APX: posts big blind $3
*** HOLE CARDS ***
_fayzulllo_: calls $2
Rus29APX: raises $3 to $6
_fayzulllo_: calls $3
*** FLOP *** [4s 2c 9s]
Rus29APX: bets $3
_fayzulllo_: calls $3
*** TURN *** [4s 2c 9s] [Ah]
Rus29APX: checks
_fayzulllo_: bets $6
Rus29APX: calls $6
*** RIVER *** [4s 2c 9s Ah] [Ac]
Rus29APX: checks
_fayzulllo_: bets $6
Rus29APX: calls $6
*** SHOW DOWN ***
_fayzulllo_: shows [2h Ad] (a full house, Aces full of Deuces)
Rus29APX: mucks hand
_fayzulllo_ collected $41.50 from pot
*** SUMMARY ***
Total pot $42 | Rake $0.50
Board [4s 2c 9s Ah Ac]
Seat 1: Rus29APX (big blind) mucked
Seat 2: _fayzulllo_ (button) (small blind) showed [2h Ad] and won ($41.50) with a full house, Aces full of Deuces


PokerStars Hand #147407798532:  Hold'em Limit ($3/$6 USD) - 2016/01/21 3:03:16 ET
Table 'Vega II' 2-max Seat #1 is the button
Seat 1: Rus29APX ($91.50 in chips)
Seat 2: _fayzulllo_ ($99 in chips)
Rus29APX: posts small blind $1
_fayzulllo_: posts big blind $3
*** HOLE CARDS ***
Rus29APX: raises $3 to $6
_fayzulllo_: calls $3
*** FLOP *** [Kc Qh Ks]
_fayzulllo_: checks
Rus29APX: bets $3
_fayzulllo_: folds
Uncalled bet ($3) returned to Rus29APX
Rus29APX collected $11.76 from pot
Rus29APX: doesn't show hand
*** SUMMARY ***
Total pot $12 | Rake $0.24
Board [Kc Qh Ks]
Seat 1: Rus29APX (button) (small blind) collected ($11.76)
Seat 2: _fayzulllo_ (big blind) folded on the Flop


PokerStars Hand #147407809238:  Hold'em Limit ($3/$6 USD) - 2016/01/21 3:03:49 ET
Table 'Vega II' 2-max Seat #2 is the button
Seat 1: Rus29APX ($102.02 in chips)
Seat 2: _fayzulllo_ ($88 in chips)
_fayzulllo_: posts small blind $1
Rus29APX: posts big blind $3
*** HOLE CARDS ***
_fayzulllo_: calls $2
Rus29APX: checks
*** FLOP *** [Qs Ks 5s]
Rus29APX: checks
_fayzulllo_: checks
*** TURN *** [Qs Ks 5s] [8s]
Rus29APX: checks
_fayzulllo_: bets $6
Rus29APX: calls $6
*** RIVER *** [Qs Ks 5s 8s] [2c]
Rus29APX: bets $6
_fayzulllo_: folds
Uncalled bet ($6) returned to Rus29APX
Rus29APX collected $17.64 from pot
Rus29APX: doesn't show hand
*** SUMMARY ***
Total pot $18 | Rake $0.36
Board [Qs Ks 5s 8s 2c]
Seat 1: Rus29APX (big blind) collected ($17.64)
Seat 2: _fayzulllo_ (button) (small blind) folded on the River


PokerStars Hand #147407803886:  Hold'em Limit ($3/$6 USD) - 2016/01/21 3:03:33 ET
Table 'Vega II' 2-max Seat #2 is the button
Seat 1: Rus29APX ($97.26 in chips)
Seat 2: _fayzulllo_ ($93 in chips)
_fayzulllo_: posts small blind $1
Rus29APX: posts big blind $3
*** HOLE CARDS ***
_fayzulllo_: calls $2
Rus29APX: raises $3 to $6
_fayzulllo_: calls $3
*** FLOP *** [Ad Kh 8c]
Rus29APX: bets $3
_fayzulllo_: folds
Uncalled bet ($3) returned to Rus29APX
Rus29APX collected $11.76 from pot
Rus29APX: doesn't show hand
*** SUMMARY ***
Total pot $12 | Rake $0.24
Board [Ad Kh 8c]
Seat 1: Rus29APX (big blind) collected ($11.76)
Seat 2: _fayzulllo_ (button) (small blind) folded on the Flop


PokerStars Hand #147407819732:  Hold'em Limit ($3/$6 USD) - 2016/01/21 3:04:21 ET
Table 'Vega II' 2-max Seat #2 is the button
Seat 1: Rus29APX ($109.66 in chips)
Seat 2: _fayzulllo_ ($80 in chips)
_fayzulllo_: posts small blind $1
Rus29APX: posts big blind $3
*** HOLE CARDS ***
_fayzulllo_: calls $2
Rus29APX: raises $3 to $6
_fayzulllo_: calls $3
*** FLOP *** [Jc Ad 9c]
Rus29APX: bets $3
_fayzulllo_: calls $3
*** TURN *** [Jc Ad 9c] [3h]
Rus29APX: bets $6
_fayzulllo_: calls $6
*** RIVER *** [Jc Ad 9c 3h] [2c]
Rus29APX: bets $6
_fayzulllo_: calls $6
*** SHOW DOWN ***
Rus29APX: shows [Jd Qh] (a pair of Jacks)
_fayzulllo_: mucks hand
Rus29APX collected $41.50 from pot
*** SUMMARY ***
Total pot $42 | Rake $0.50
Board [Jc Ad 9c 3h 2c]
Seat 1: Rus29APX (big blind) showed [Jd Qh] and won ($41.50) with a pair of Jacks
Seat 2: _fayzulllo_ (button) (small blind) mucked


PokerStars Hand #147407836510:  Hold'em Limit ($3/$6 USD) - 2016/01/21 3:05:11 ET
Table 'Vega II' 2-max Seat #2 is the button
Seat 1: Rus29APX ($112.16 in chips)
Seat 2: _fayzulllo_ ($76.50 in chips)
_fayzulllo_: posts small blind $1
Rus29APX: posts big blind $3
*** HOLE CARDS ***
_fayzulllo_: calls $2
Rus29APX: raises $3 to $6
_fayzulllo_: calls $3
*** FLOP *** [3d 6d 4s]
Rus29APX: checks
_fayzulllo_: checks
*** TURN *** [3d 6d 4s] [Qd]
Rus29APX: checks
_fayzulllo_: bets $6
Rus29APX: folds
Uncalled bet ($6) returned to _fayzulllo_
_fayzulllo_ collected $11.76 from pot
_fayzulllo_: doesn't show hand
*** SUMMARY ***
Total pot $12 | Rake $0.24
Board [3d 6d 4s Qd]
Seat 1: Rus29APX (big blind) folded on the Turn
Seat 2: _fayzulllo_ (button) (small blind) collected ($11.76)


PokerStars Hand #147407842600:  Hold'em Limit ($3/$6 USD) - 2016/01/21 3:05:30 ET
Table 'Vega II' 2-max Seat #1 is the button
Seat 1: Rus29APX ($106.16 in chips)
Seat 2: _fayzulllo_ ($82.26 in chips)
Rus29APX: posts small blind $1
_fayzulllo_: posts big blind $3
*** HOLE CARDS ***
Rus29APX: raises $3 to $6
_fayzulllo_: calls $3
*** FLOP *** [Jd Ad 7h]
_fayzulllo_: checks
Rus29APX: bets $3
_fayzulllo_: calls $3
*** TURN *** [Jd Ad 7h] [2s]
_fayzulllo_: checks
Rus29APX: checks
*** RIVER *** [Jd Ad 7h 2s] [2d]
_fayzulllo_: bets $6
Rus29APX: raises $6 to $12
_fayzulllo_: calls $6
*** SHOW DOWN ***
Rus29APX: shows [2c 8c] (three of a kind, Deuces)
_fayzulllo_: mucks hand
Rus29APX collected $41.50 from pot
*** SUMMARY ***
Total pot $42 | Rake $0.50
Board [Jd Ad 7h 2s 2d]
Seat 1: Rus29APX (button) (small blind) showed [2c 8c] and won ($41.50) with three of a kind, Deuces
Seat 2: _fayzulllo_ (big blind) mucked


PokerStars Hand #147407852423:  Hold'em Limit ($3/$6 USD) - 2016/01/21 3:06:00 ET
Table 'Vega II' 2-max Seat #2 is the button
Seat 1: Rus29APX ($126.66 in chips)
Seat 2: _fayzulllo_ ($61.26 in chips)
_fayzulllo_: posts small blind $1
Rus29APX: posts big blind $3
*** HOLE CARDS ***
_fayzulllo_: calls $2
Rus29APX: raises $3 to $6
_fayzulllo_: calls $3
*** FLOP *** [Td 6c 9h]
Rus29APX: bets $3
_fayzulllo_: calls $3
*** TURN *** [Td 6c 9h] [Ah]
Rus29APX: bets $6
_fayzulllo_: calls $6
*** RIVER *** [Td 6c 9h Ah] [8s]
Rus29APX: bets $6
_fayzulllo_: calls $6
*** SHOW DOWN ***
Rus29APX: shows [Th 8d] (two pair, Tens and Eights)
_fayzulllo_: mucks hand
Rus29APX collected $41.50 from pot
*** SUMMARY ***
Total pot $42 | Rake $0.50
Board [Td 6c 9h Ah 8s]
Seat 1: Rus29APX (big blind) showed [Th 8d] and won ($41.50) with two pair, Tens and Eights
Seat 2: _fayzulllo_ (button) (small blind) mucked


PokerStars Hand #147407860909:  Hold'em Limit ($3/$6 USD) - 2016/01/21 3:06:25 ET
Table 'Vega II' 2-max Seat #1 is the button
Seat 1: Rus29APX ($147.16 in chips)
Seat 2: _fayzulllo_ ($40.26 in chips)
Rus29APX: posts small blind $1
_fayzulllo_: posts big blind $3
*** HOLE CARDS ***
Rus29APX: raises $3 to $6
_fayzulllo_: raises $3 to $9
Rus29APX: calls $3
*** FLOP *** [3c 8h 2c]
_fayzulllo_: bets $3
Rus29APX: calls $3
*** TURN *** [3c 8h 2c] [9c]
_fayzulllo_: checks
Rus29APX: checks
*** RIVER *** [3c 8h 2c 9c] [Ts]
_fayzulllo_: bets $6
Rus29APX: folds
Uncalled bet ($6) returned to _fayzulllo_
_fayzulllo_ collected $23.52 from pot
*** SUMMARY ***
Total pot $24 | Rake $0.48
Board [3c 8h 2c 9c Ts]
Seat 1: Rus29APX (button) (small blind) folded on the River
Seat 2: _fayzulllo_ (big blind) collected ($23.52)


PokerStars Hand #147407907985:  Hold'em Limit ($3/$6 USD) - 2016/01/21 3:08:46 ET
Table 'Vega II' 2-max Seat #1 is the button
Seat 1: Rus29APX ($132.16 in chips)
Seat 2: _fayzulllo_ ($58.56 in chips)
Rus29APX: posts small blind $1
_fayzulllo_: posts big blind $3
*** HOLE CARDS ***
Rus29APX: raises $3 to $6
_fayzulllo_: calls $3
*** FLOP *** [2d 9d 6h]
_fayzulllo_: checks
Rus29APX: bets $3
_fayzulllo_: calls $3
*** TURN *** [2d 9d 6h] [4c]
_fayzulllo_: checks
Rus29APX: bets $6
_fayzulllo_: raises $6 to $12
Rus29APX: calls $6
*** RIVER *** [2d 9d 6h 4c] [2s]
_fayzulllo_: bets $6
Rus29APX: calls $6
*** SHOW DOWN ***
_fayzulllo_: shows [2c 9c] (a full house, Deuces full of Nines)
Rus29APX: mucks hand
_fayzulllo_ collected $53.50 from pot
*** SUMMARY ***
Total pot $54 | Rake $0.50
Board [2d 9d 6h 4c 2s]
Seat 1: Rus29APX (button) (small blind) mucked
Seat 2: _fayzulllo_ (big blind) showed [2c 9c] and won ($53.50) with a full house, Deuces full of Nines


PokerStars Hand #147407890960:  Hold'em Limit ($3/$6 USD) - 2016/01/21 3:07:55 ET
Table 'Vega II' 2-max Seat #2 is the button
Seat 1: Rus29APX ($135.16 in chips)
Seat 2: _fayzulllo_ ($55.68 in chips)
_fayzulllo_: posts small blind $1
Rus29APX: posts big blind $3
*** HOLE CARDS ***
_fayzulllo_: calls $2
Rus29APX: checks
*** FLOP *** [5d Qs 9d]
Rus29APX: checks
_fayzulllo_: checks
*** TURN *** [5d Qs 9d] [6s]
Rus29APX: checks
_fayzulllo_: bets $6
Rus29APX: folds
Uncalled bet ($6) returned to _fayzulllo_
_fayzulllo_ collected $5.88 from pot
_fayzulllo_: doesn't show hand
*** SUMMARY ***
Total pot $6 | Rake $0.12
Board [5d Qs 9d 6s]
Seat 1: Rus29APX (big blind) folded on the Turn
Seat 2: _fayzulllo_ (button) (small blind) collected ($5.88)


PokerStars Hand #147407930123:  Hold'em Limit ($3/$6 USD) - 2016/01/21 3:09:52 ET
Table 'Vega II' 2-max Seat #1 is the button
Seat 1: Rus29APX ($125.66 in chips)
Seat 2: _fayzulllo_ ($64.06 in chips)
Rus29APX: posts small blind $1
_fayzulllo_: posts big blind $3
*** HOLE CARDS ***
Rus29APX: raises $3 to $6
_fayzulllo_: calls $3
*** FLOP *** [8c Kd 6c]
_fayzulllo_: checks
Rus29APX: bets $3
_fayzulllo_: raises $3 to $6
Rus29APX: calls $3
*** TURN *** [8c Kd 6c] [4h]
_fayzulllo_: checks
Rus29APX: bets $6
_fayzulllo_: calls $6
*** RIVER *** [8c Kd 6c 4h] [9s]
_fayzulllo_: checks
Rus29APX: bets $6
_fayzulllo_: calls $6
*** SHOW DOWN ***
Rus29APX: shows [5h Kh] (a pair of Kings)
_fayzulllo_: mucks hand
Rus29APX collected $47.50 from pot
*** SUMMARY ***
Total pot $48 | Rake $0.50
Board [8c Kd 6c 4h 9s]
Seat 1: Rus29APX (button) (small blind) showed [5h Kh] and won ($47.50) with a pair of Kings
Seat 2: _fayzulllo_ (big blind) mucked


PokerStars Hand #147407922694:  Hold'em Limit ($3/$6 USD) - 2016/01/21 3:09:30 ET
Table 'Vega II' 2-max Seat #2 is the button
Seat 1: Rus29APX ($105.16 in chips)
Seat 2: _fayzulllo_ ($85.06 in chips)
_fayzulllo_: posts small blind $1
Rus29APX: posts big blind $3
*** HOLE CARDS ***
_fayzulllo_: calls $2
Rus29APX: raises $3 to $6
_fayzulllo_: calls $3
*** FLOP *** [Kc 6c 5h]
Rus29APX: bets $3
_fayzulllo_: calls $3
*** TURN *** [Kc 6c 5h] [5s]
Rus29APX: bets $6
_fayzulllo_: calls $6
*** RIVER *** [Kc 6c 5h 5s] [8s]
Rus29APX: bets $6
_fayzulllo_: calls $6
*** SHOW DOWN ***
Rus29APX: shows [Kd Tc] (two pair, Kings and Fives)
_fayzulllo_: mucks hand
Rus29APX collected $41.50 from pot
*** SUMMARY ***
Total pot $42 | Rake $0.50
Board [Kc 6c 5h 5s 8s]
Seat 1: Rus29APX (big blind) showed [Kd Tc] and won ($41.50) with two pair, Kings and Fives
Seat 2: _fayzulllo_ (button) (small blind) mucked


PokerStars Hand #147407940430:  Hold'em Limit ($3/$6 USD) - 2016/01/21 3:10:23 ET
Table 'Vega II' 2-max Seat #2 is the button
Seat 1: Rus29APX ($149.16 in chips)
Seat 2: _fayzulllo_ ($40.06 in chips)
_fayzulllo_: posts small blind $1
Rus29APX: posts big blind $3
*** HOLE CARDS ***
_fayzulllo_: calls $2
Rus29APX: raises $3 to $6
_fayzulllo_: calls $3
*** FLOP *** [2h Ks 3s]
Rus29APX: bets $3
_fayzulllo_: calls $3
*** TURN *** [2h Ks 3s] [Jh]
Rus29APX: bets $6
_fayzulllo_: calls $6
*** RIVER *** [2h Ks 3s Jh] [Ts]
Rus29APX: bets $6
_fayzulllo_: raises $6 to $12
Rus29APX: raises $6 to $18
_fayzulllo_: calls $6
*** SHOW DOWN ***
Rus29APX: shows [5s As] (a flush, Ace high)
_fayzulllo_: mucks hand
Rus29APX collected $65.50 from pot
*** SUMMARY ***
Total pot $66 | Rake $0.50
Board [2h Ks 3s Jh Ts]
Seat 1: Rus29APX (big blind) showed [5s As] and won ($65.50) with a flush, Ace high
Seat 2: _fayzulllo_ (button) (small blind) mucked


