PokerStars Hand #150279531146:  Hold'em Limit ($3/$6 USD) - 2016/03/13 7:55:11 ET
Table 'Vega' 6-max Seat #3 is the button
Seat 3: valera6 ($124.46 in chips)
Seat 5: AzureCaper ($79 in chips)
valera6: posts small blind $1
AzureCaper: posts big blind $3
*** HOLE CARDS ***
valera6: folds
Uncalled bet ($2) returned to AzureCaper
AzureCaper collected $2 from pot
AzureCaper: doesn't show hand
*** SUMMARY ***
Total pot $2 | Rake $0
Seat 3: valera6 (button) (small blind) folded before Flop
Seat 5: AzureCaper (big blind) collected ($2)


PokerStars Hand #150279527695:  Hold'em Limit ($3/$6 USD) - 2016/03/13 7:55:05 ET
Table 'Vega' 6-max Seat #5 is the button
Seat 3: valera6 ($127.46 in chips)
Seat 5: AzureCaper ($76 in chips)
AzureCaper: posts small blind $1
valera6: posts big blind $3
*** HOLE CARDS ***
AzureCaper: raises $3 to $6
valera6: folds
Uncalled bet ($3) returned to AzureCaper
AzureCaper collected $6 from pot
AzureCaper: doesn't show hand
*** SUMMARY ***
Total pot $6 | Rake $0
Seat 3: valera6 (big blind) folded before Flop
Seat 5: AzureCaper (button) (small blind) collected ($6)


PokerStars Hand #150279523770:  Hold'em Limit ($3/$6 USD) - 2016/03/13 7:54:58 ET
Table 'Vega' 6-max Seat #3 is the button
Seat 3: valera6 ($128.46 in chips)
Seat 5: AzureCaper ($75 in chips)
valera6: posts small blind $1
AzureCaper: posts big blind $3
*** HOLE CARDS ***
valera6: folds
Uncalled bet ($2) returned to AzureCaper
AzureCaper collected $2 from pot
AzureCaper: doesn't show hand
*** SUMMARY ***
Total pot $2 | Rake $0
Seat 3: valera6 (button) (small blind) folded before Flop
Seat 5: AzureCaper (big blind) collected ($2)


PokerStars Hand #150279519782:  Hold'em Limit ($3/$6 USD) - 2016/03/13 7:54:51 ET
Table 'Vega' 6-max Seat #5 is the button
Seat 3: valera6 ($131.46 in chips)
Seat 5: AzureCaper ($72 in chips)
AzureCaper: posts small blind $1
valera6: posts big blind $3
*** HOLE CARDS ***
AzureCaper: raises $3 to $6
valera6: folds
Uncalled bet ($3) returned to AzureCaper
AzureCaper collected $6 from pot
AzureCaper: doesn't show hand
*** SUMMARY ***
Total pot $6 | Rake $0
Seat 3: valera6 (big blind) folded before Flop
Seat 5: AzureCaper (button) (small blind) collected ($6)


PokerStars Hand #150279515671:  Hold'em Limit ($3/$6 USD) - 2016/03/13 7:54:44 ET
Table 'Vega' 6-max Seat #3 is the button
Seat 3: valera6 ($128.46 in chips)
Seat 5: AzureCaper ($72 in chips)
valera6: posts small blind $1
AzureCaper: posts big blind $3
*** HOLE CARDS ***
valera6: raises $3 to $6
AzureCaper: folds
Uncalled bet ($3) returned to valera6
valera6 collected $6 from pot
valera6: doesn't show hand
*** SUMMARY ***
Total pot $6 | Rake $0
Seat 3: valera6 (button) (small blind) collected ($6)
Seat 5: AzureCaper (big blind) folded before Flop


PokerStars Hand #150279549349:  Hold'em Limit ($3/$6 USD) - 2016/03/13 7:55:49 ET
Table 'Vega' 6-max Seat #5 is the button
Seat 3: valera6 ($104.46 in chips)
Seat 5: AzureCaper ($98.50 in chips)
AzureCaper: posts small blind $1
valera6: posts big blind $3
*** HOLE CARDS ***
AzureCaper: raises $3 to $6
valera6: calls $3
*** FLOP *** [4d 4h 9h]
valera6: checks
AzureCaper: bets $3
valera6: folds
Uncalled bet ($3) returned to AzureCaper
AzureCaper collected $11.76 from pot
AzureCaper: doesn't show hand
*** SUMMARY ***
Total pot $12 | Rake $0.24
Board [4d 4h 9h]
Seat 3: valera6 (big blind) folded on the Flop
Seat 5: AzureCaper (button) (small blind) collected ($11.76)


PokerStars Hand #150279544617:  Hold'em Limit ($3/$6 USD) - 2016/03/13 7:55:39 ET
Table 'Vega' 6-max Seat #3 is the button
Seat 3: valera6 ($105.46 in chips)
Seat 5: AzureCaper ($97.50 in chips)
valera6: posts small blind $1
AzureCaper: posts big blind $3
*** HOLE CARDS ***
TbIP-TbIP 88 leaves the table
valera6: folds
Uncalled bet ($2) returned to AzureCaper
AzureCaper collected $2 from pot
AzureCaper: doesn't show hand
*** SUMMARY ***
Total pot $2 | Rake $0
Seat 3: valera6 (button) (small blind) folded before Flop
Seat 5: AzureCaper (big blind) collected ($2)


PokerStars Hand #150279534053:  Hold'em Limit ($3/$6 USD) - 2016/03/13 7:55:17 ET
Table 'Vega' 6-max Seat #5 is the button
Seat 3: valera6 ($123.46 in chips)
Seat 5: AzureCaper ($80 in chips)
AzureCaper: posts small blind $1
valera6: posts big blind $3
*** HOLE CARDS ***
AzureCaper: raises $3 to $6
valera6: calls $3
*** FLOP *** [8h Th Kh]
valera6: checks
AzureCaper: checks
*** TURN *** [8h Th Kh] [Qh]
valera6: bets $6
AzureCaper: calls $6
*** RIVER *** [8h Th Kh Qh] [7s]
valera6: checks
AzureCaper: bets $6
valera6: calls $6
*** SHOW DOWN ***
AzureCaper: shows [Jh Ad] (a flush, King high)
valera6: mucks hand
AzureCaper collected $35.50 from pot
*** SUMMARY ***
Total pot $36 | Rake $0.50
Board [8h Th Kh Qh 7s]
Seat 3: valera6 (big blind) mucked
Seat 5: AzureCaper (button) (small blind) showed [Jh Ad] and won ($35.50) with a flush, King high


PokerStars Hand #150279595158:  Hold'em Limit ($3/$6 USD) - 2016/03/13 7:57:23 ET
Table 'Vega' 6-max Seat #3 is the button
Seat 3: valera6 ($104.72 in chips)
Seat 5: AzureCaper ($96.76 in chips)
valera6: posts small blind $1
AzureCaper: posts big blind $3
*** HOLE CARDS ***
valera6: folds
Uncalled bet ($2) returned to AzureCaper
AzureCaper collected $2 from pot
AzureCaper: doesn't show hand
*** SUMMARY ***
Total pot $2 | Rake $0
Seat 3: valera6 (button) (small blind) folded before Flop
Seat 5: AzureCaper (big blind) collected ($2)


PokerStars Hand #150279592165:  Hold'em Limit ($3/$6 USD) - 2016/03/13 7:57:17 ET
Table 'Vega' 6-max Seat #5 is the button
Seat 3: valera6 ($103.72 in chips)
Seat 5: AzureCaper ($97.76 in chips)
AzureCaper: posts small blind $1
valera6: posts big blind $3
*** HOLE CARDS ***
AzureCaper: folds
Uncalled bet ($2) returned to valera6
valera6 collected $2 from pot
valera6: doesn't show hand
*** SUMMARY ***
Total pot $2 | Rake $0
Seat 3: valera6 (big blind) collected ($2)
Seat 5: AzureCaper (button) (small blind) folded before Flop


PokerStars Hand #150279581961:  Hold'em Limit ($3/$6 USD) - 2016/03/13 7:56:56 ET
Table 'Vega' 6-max Seat #3 is the button
Seat 3: valera6 ($83.22 in chips)
Seat 5: AzureCaper ($118.76 in chips)
valera6: posts small blind $1
AzureCaper: posts big blind $3
*** HOLE CARDS ***
valera6: raises $3 to $6
AzureCaper: calls $3
*** FLOP *** [9s 8c 4s]
AzureCaper: checks
valera6: bets $3
AzureCaper: calls $3
*** TURN *** [9s 8c 4s] [8h]
AzureCaper: checks
valera6: bets $6
AzureCaper: calls $6
*** RIVER *** [9s 8c 4s 8h] [8s]
AzureCaper: checks
valera6: bets $6
AzureCaper: calls $6
*** SHOW DOWN ***
valera6: shows [9c Qs] (a full house, Eights full of Nines)
AzureCaper: mucks hand
valera6 collected $41.50 from pot
*** SUMMARY ***
Total pot $42 | Rake $0.50
Board [9s 8c 4s 8h 8s]
Seat 3: valera6 (button) (small blind) showed [9c Qs] and won ($41.50) with a full house, Eights full of Nines
Seat 5: AzureCaper (big blind) mucked


PokerStars Hand #150279603028:  Hold'em Limit ($3/$6 USD) - 2016/03/13 7:57:39 ET
Table 'Vega' 6-max Seat #5 is the button
Seat 3: valera6 ($103.72 in chips)
Seat 5: AzureCaper ($97.76 in chips)
AzureCaper: posts small blind $1
valera6: posts big blind $3
*** HOLE CARDS ***
AzureCaper: folds
Uncalled bet ($2) returned to valera6
valera6 collected $2 from pot
valera6: doesn't show hand
*** SUMMARY ***
Total pot $2 | Rake $0
Seat 3: valera6 (big blind) collected ($2)
Seat 5: AzureCaper (button) (small blind) folded before Flop


PokerStars Hand #150279616965:  Hold'em Limit ($3/$6 USD) - 2016/03/13 7:58:08 ET
Table 'Vega' 6-max Seat #5 is the button
Seat 3: valera6 ($110.48 in chips)
Seat 5: AzureCaper ($90.76 in chips)
AzureCaper: posts small blind $1
valera6: posts big blind $3
*** HOLE CARDS ***
AzureCaper: raises $3 to $6
valera6: raises $3 to $9
AzureCaper: calls $3
*** FLOP *** [8s 9c Qc]
valera6: bets $3
AzureCaper: folds
Uncalled bet ($3) returned to valera6
valera6 collected $17.64 from pot
valera6: doesn't show hand
*** SUMMARY ***
Total pot $18 | Rake $0.36
Board [8s 9c Qc]
Seat 3: valera6 (big blind) collected ($17.64)
Seat 5: AzureCaper (button) (small blind) folded on the Flop


PokerStars Hand #150279605545:  Hold'em Limit ($3/$6 USD) - 2016/03/13 7:57:44 ET
Table 'Vega' 6-max Seat #3 is the button
Seat 3: valera6 ($104.72 in chips)
Seat 5: AzureCaper ($96.76 in chips)
valera6: posts small blind $1
AzureCaper: posts big blind $3
*** HOLE CARDS ***
valera6: raises $3 to $6
AzureCaper: calls $3
*** FLOP *** [8c Qd 2h]
AzureCaper: checks
valera6: bets $3
AzureCaper: folds
Uncalled bet ($3) returned to valera6
valera6 collected $11.76 from pot
valera6: doesn't show hand
*** SUMMARY ***
Total pot $12 | Rake $0.24
Board [8c Qd 2h]
Seat 3: valera6 (button) (small blind) collected ($11.76)
Seat 5: AzureCaper (big blind) folded on the Flop


PokerStars Hand #150279622729:  Hold'em Limit ($3/$6 USD) - 2016/03/13 7:58:20 ET
Table 'Vega' 6-max Seat #3 is the button
Seat 3: valera6 ($119.12 in chips)
Seat 5: AzureCaper ($81.76 in chips)
valera6: posts small blind $1
AzureCaper: posts big blind $3
*** HOLE CARDS ***
valera6: raises $3 to $6
AzureCaper: calls $3
*** FLOP *** [2h Jc Kh]
AzureCaper: checks
valera6: bets $3
AzureCaper: calls $3
*** TURN *** [2h Jc Kh] [3h]
AzureCaper: checks
valera6: checks
*** RIVER *** [2h Jc Kh 3h] [4h]
AzureCaper: checks
valera6: checks
*** SHOW DOWN ***
AzureCaper: shows [Jd 7d] (a pair of Jacks)
valera6: mucks hand
AzureCaper collected $17.64 from pot
*** SUMMARY ***
Total pot $18 | Rake $0.36
Board [2h Jc Kh 3h 4h]
Seat 3: valera6 (button) (small blind) mucked
Seat 5: AzureCaper (big blind) showed [Jd 7d] and won ($17.64) with a pair of Jacks


PokerStars Hand #150279563888:  Hold'em Limit ($3/$6 USD) - 2016/03/13 7:56:19 ET
Table 'Vega' 6-max Seat #3 is the button
Seat 3: valera6 ($98.46 in chips)
Seat 5: AzureCaper ($104.26 in chips)
valera6: posts small blind $1
AzureCaper: posts big blind $3
*** HOLE CARDS ***
valera6: raises $3 to $6
AzureCaper: calls $3
*** FLOP *** [Jc Kh 9d]
AzureCaper: checks
valera6: bets $3
AzureCaper: folds
Uncalled bet ($3) returned to valera6
valera6 collected $11.76 from pot
valera6: doesn't show hand
*** SUMMARY ***
Total pot $12 | Rake $0.24
Board [Jc Kh 9d]
Seat 3: valera6 (button) (small blind) collected ($11.76)
Seat 5: AzureCaper (big blind) folded on the Flop


PokerStars Hand #150279647971:  Hold'em Limit ($3/$6 USD) - 2016/03/13 7:59:11 ET
Table 'Vega' 6-max Seat #3 is the button
Seat 3: valera6 ($113.88 in chips)
Seat 5: AzureCaper ($86.40 in chips)
valera6: posts small blind $1
AzureCaper: posts big blind $3
*** HOLE CARDS ***
Ale4o joins the table at seat #2
valera6: calls $2
AzureCaper: checks
*** FLOP *** [5s As 3s]
AzureCaper: checks
valera6: bets $3
AzureCaper: folds
Uncalled bet ($3) returned to valera6
valera6 collected $5.88 from pot
valera6: doesn't show hand
*** SUMMARY ***
Total pot $6 | Rake $0.12
Board [5s As 3s]
Seat 3: valera6 (button) (small blind) collected ($5.88)
Seat 5: AzureCaper (big blind) folded on the Flop


PokerStars Hand #150279643940:  Hold'em Limit ($3/$6 USD) - 2016/03/13 7:59:02 ET
Table 'Vega' 6-max Seat #5 is the button
Seat 3: valera6 ($116.88 in chips)
Seat 5: AzureCaper ($83.40 in chips)
AzureCaper: posts small blind $1
valera6: posts big blind $3
*** HOLE CARDS ***
andrey0709 joins the table at seat #1
AzureCaper: raises $3 to $6
valera6: folds
Uncalled bet ($3) returned to AzureCaper
AzureCaper collected $6 from pot
AzureCaper: doesn't show hand
*** SUMMARY ***
Total pot $6 | Rake $0
Seat 3: valera6 (big blind) folded before Flop
Seat 5: AzureCaper (button) (small blind) collected ($6)


PokerStars Hand #150279635062:  Hold'em Limit ($3/$6 USD) - 2016/03/13 7:58:45 ET
Table 'Vega' 6-max Seat #3 is the button
Seat 3: valera6 ($111.12 in chips)
Seat 5: AzureCaper ($89.40 in chips)
valera6: posts small blind $1
AzureCaper: posts big blind $3
*** HOLE CARDS ***
valera6: raises $3 to $6
AzureCaper: calls $3
*** FLOP *** [Kc 4h 8h]
AzureCaper: checks
valera6: bets $3
AzureCaper: folds
Uncalled bet ($3) returned to valera6
valera6 collected $11.76 from pot
valera6: doesn't show hand
*** SUMMARY ***
Total pot $12 | Rake $0.24
Board [Kc 4h 8h]
Seat 3: valera6 (button) (small blind) collected ($11.76)
Seat 5: AzureCaper (big blind) folded on the Flop


PokerStars Hand #150279632830:  Hold'em Limit ($3/$6 USD) - 2016/03/13 7:58:40 ET
Table 'Vega' 6-max Seat #5 is the button
Seat 3: valera6 ($110.12 in chips)
Seat 5: AzureCaper ($90.40 in chips)
AzureCaper: posts small blind $1
valera6: posts big blind $3
*** HOLE CARDS ***
AzureCaper: folds
Uncalled bet ($2) returned to valera6
valera6 collected $2 from pot
valera6: doesn't show hand
*** SUMMARY ***
Total pot $2 | Rake $0
Seat 3: valera6 (big blind) collected ($2)
Seat 5: AzureCaper (button) (small blind) folded before Flop


PokerStars Hand #150280016621:  Hold'em Limit ($3/$6 USD) - 2016/03/13 8:10:13 ET
Table 'Vega' 6-max Seat #2 is the button
Seat 1: andrey0709 ($174.98 in chips)
Seat 2: Ale4o ($174.25 in chips)
Ale4o: posts small blind $1
AzureCaper: is sitting out
andrey0709: posts big blind $3
*** HOLE CARDS ***
Ale4o: raises $3 to $6
andrey0709: calls $3
*** FLOP *** [Qd 4h 7s]
andrey0709: checks
Ale4o: bets $3
andrey0709: folds
Uncalled bet ($3) returned to Ale4o
Ale4o collected $11.76 from pot
Ale4o: doesn't show hand
*** SUMMARY ***
Total pot $12 | Rake $0.24
Board [Qd 4h 7s]
Seat 1: andrey0709 (big blind) folded on the Flop
Seat 2: Ale4o (button) (small blind) collected ($11.76)


PokerStars Hand #150280025801:  Hold'em Limit ($3/$6 USD) - 2016/03/13 8:10:29 ET
Table 'Vega' 6-max Seat #2 is the button
Seat 1: andrey0709 ($167.98 in chips)
Seat 2: Ale4o ($181.01 in chips)
Ale4o: posts small blind $1
andrey0709: posts big blind $3
*** HOLE CARDS ***
Ale4o: raises $3 to $6
andrey0709: calls $3
*** FLOP *** [Td Qh 8s]
andrey0709: checks
Ale4o: bets $3
andrey0709: folds
Uncalled bet ($3) returned to Ale4o
Ale4o collected $11.76 from pot
Ale4o: doesn't show hand
*** SUMMARY ***
Total pot $12 | Rake $0.24
Board [Td Qh 8s]
Seat 1: andrey0709 (big blind) folded on the Flop
Seat 2: Ale4o (button) (small blind) collected ($11.76)


PokerStars Hand #150280037041:  Hold'em Limit ($3/$6 USD) - 2016/03/13 8:10:49 ET
Table 'Vega' 6-max Seat #2 is the button
Seat 1: andrey0709 ($152.98 in chips)
Seat 2: Ale4o ($195.41 in chips)
Ale4o: posts small blind $1
andrey0709: posts big blind $3
*** HOLE CARDS ***
Ale4o: raises $3 to $6
andrey0709: calls $3
*** FLOP *** [Ts 4s 6d]
andrey0709: checks
Ale4o: bets $3
andrey0709: calls $3
*** TURN *** [Ts 4s 6d] [As]
andrey0709: checks
Ale4o: bets $6
andrey0709: calls $6
*** RIVER *** [Ts 4s 6d As] [4c]
andrey0709: checks
AzureCaper leaves the table
Ale4o: bets $6
andrey0709: calls $6
*** SHOW DOWN ***
Ale4o: shows [Ac Td] (two pair, Aces and Tens)
andrey0709: mucks hand
Ale4o collected $41.50 from pot
*** SUMMARY ***
Total pot $42 | Rake $0.50
Board [Ts 4s 6d As 4c]
Seat 1: andrey0709 (big blind) mucked
Seat 2: Ale4o (button) (small blind) showed [Ac Td] and won ($41.50) with two pair, Aces and Tens


PokerStars Hand #150280030566:  Hold'em Limit ($3/$6 USD) - 2016/03/13 8:10:37 ET
Table 'Vega' 6-max Seat #1 is the button
Seat 1: andrey0709 ($161.98 in chips)
Seat 2: Ale4o ($186.77 in chips)
andrey0709: posts small blind $1
Ale4o: posts big blind $3
*** HOLE CARDS ***
andrey0709: calls $2
Ale4o: raises $3 to $6
andrey0709: calls $3
*** FLOP *** [Qh 7c 7h]
Ale4o: bets $3
andrey0709: calls $3
*** TURN *** [Qh 7c 7h] [5d]
Ale4o: bets $6
andrey0709: folds
Uncalled bet ($6) returned to Ale4o
Ale4o collected $17.64 from pot
Ale4o: doesn't show hand
*** SUMMARY ***
Total pot $18 | Rake $0.36
Board [Qh 7c 7h 5d]
Seat 1: andrey0709 (button) (small blind) folded on the Turn
Seat 2: Ale4o (big blind) collected ($17.64)


PokerStars Hand #150280047739:  Hold'em Limit ($3/$6 USD) - 2016/03/13 8:11:08 ET
Table 'Vega' 6-max Seat #2 is the button
Seat 1: andrey0709 ($130.98 in chips)
Seat 2: Ale4o ($216.91 in chips)
Ale4o: posts small blind $1
andrey0709: posts big blind $3
*** HOLE CARDS ***
Ale4o: raises $3 to $6
andrey0709: calls $3
*** FLOP *** [Ad 7d Qc]
andrey0709: checks
Ale4o: bets $3
andrey0709: calls $3
*** TURN *** [Ad 7d Qc] [Ac]
andrey0709: checks
Ale4o: checks
*** RIVER *** [Ad 7d Qc Ac] [Tc]
andrey0709: bets $6
Ale4o: calls $6
*** SHOW DOWN ***
andrey0709: shows [Ah 7s] (a full house, Aces full of Sevens)
Ale4o: mucks hand
andrey0709 collected $29.50 from pot
*** SUMMARY ***
Total pot $30 | Rake $0.50
Board [Ad 7d Qc Ac Tc]
Seat 1: andrey0709 (big blind) showed [Ah 7s] and won ($29.50) with a full house, Aces full of Sevens
Seat 2: Ale4o (button) (small blind) mucked


PokerStars Hand #150280085669:  Hold'em Limit ($3/$6 USD) - 2016/03/13 8:12:15 ET
Table 'Vega' 6-max Seat #2 is the button
Seat 1: andrey0709 ($153.76 in chips)
Seat 2: Ale4o ($192.55 in chips)
Ale4o: posts small blind $1
andrey0709: posts big blind $3
*** HOLE CARDS ***
Ale4o: raises $3 to $6
andrey0709: calls $3
*** FLOP *** [5c 9c 2h]
andrey0709: checks
Ale4o: bets $3
andrey0709: calls $3
*** TURN *** [5c 9c 2h] [5h]
andrey0709: checks
Ale4o: bets $6
andrey0709: folds
Uncalled bet ($6) returned to Ale4o
Ale4o collected $17.64 from pot
Ale4o: doesn't show hand
*** SUMMARY ***
Total pot $18 | Rake $0.36
Board [5c 9c 2h 5h]
Seat 1: andrey0709 (big blind) folded on the Turn
Seat 2: Ale4o (button) (small blind) collected ($17.64)


PokerStars Hand #150280059571:  Hold'em Limit ($3/$6 USD) - 2016/03/13 8:11:29 ET
Table 'Vega' 6-max Seat #1 is the button
Seat 1: andrey0709 ($145.48 in chips)
Seat 2: Ale4o ($201.91 in chips)
andrey0709: posts small blind $1
Ale4o: posts big blind $3
*** HOLE CARDS ***
andrey0709: calls $2
Ale4o: checks
*** FLOP *** [Kc 9d Kd]
Ale4o: checks
andrey0709: checks
*** TURN *** [Kc 9d Kd] [Ac]
Ale4o: bets $6
andrey0709: raises $6 to $12
Ale4o: folds
Uncalled bet ($6) returned to andrey0709
andrey0709 collected $17.64 from pot
andrey0709: doesn't show hand
*** SUMMARY ***
Total pot $18 | Rake $0.36
Board [Kc 9d Kd Ac]
Seat 1: andrey0709 (button) (small blind) collected ($17.64)
Seat 2: Ale4o (big blind) folded on the Turn


PokerStars Hand #150280068111:  Hold'em Limit ($3/$6 USD) - 2016/03/13 8:11:44 ET
Table 'Vega' 6-max Seat #2 is the button
Seat 1: andrey0709 ($154.12 in chips)
Seat 2: Ale4o ($192.91 in chips)
Ale4o: posts small blind $1
andrey0709: posts big blind $3
*** HOLE CARDS ***
Ale4o: raises $3 to $6
andrey0709: calls $3
*** FLOP *** [8c 4s Kh]
andrey0709: checks
Ale4o: bets $3
andrey0709: calls $3
*** TURN *** [8c 4s Kh] [3s]
andrey0709: checks
Ale4o: checks
*** RIVER *** [8c 4s Kh 3s] [4h]
andrey0709: bets $6
Ale4o: folds
Uncalled bet ($6) returned to andrey0709
andrey0709 collected $17.64 from pot
andrey0709: doesn't show hand
*** SUMMARY ***
Total pot $18 | Rake $0.36
Board [8c 4s Kh 3s 4h]
Seat 1: andrey0709 (big blind) collected ($17.64)
Seat 2: Ale4o (button) (small blind) folded on the River


PokerStars Hand #150280077399:  Hold'em Limit ($3/$6 USD) - 2016/03/13 8:12:00 ET
Table 'Vega' 6-max Seat #1 is the button
Seat 1: andrey0709 ($162.76 in chips)
Seat 2: Ale4o ($183.91 in chips)
andrey0709: posts small blind $1
Ale4o: posts big blind $3
*** HOLE CARDS ***
andrey0709: calls $2
Ale4o: raises $3 to $6
andrey0709: calls $3
*** FLOP *** [8c 6d Qs]
Ale4o: bets $3
andrey0709: calls $3
*** TURN *** [8c 6d Qs] [6c]
Ale4o: bets $6
andrey0709: folds
Uncalled bet ($6) returned to Ale4o
Ale4o collected $17.64 from pot
Ale4o: doesn't show hand
*** SUMMARY ***
Total pot $18 | Rake $0.36
Board [8c 6d Qs 6c]
Seat 1: andrey0709 (button) (small blind) folded on the Turn
Seat 2: Ale4o (big blind) collected ($17.64)


PokerStars Hand #150280103177:  Hold'em Limit ($3/$6 USD) - 2016/03/13 8:12:45 ET
Table 'Vega' 6-max Seat #1 is the button
Seat 1: andrey0709 ($132.76 in chips)
Seat 2: Ale4o ($212.71 in chips)
andrey0709: posts small blind $1
Ale4o: posts big blind $3
*** HOLE CARDS ***
andrey0709: raises $3 to $6
Ale4o: folds
Uncalled bet ($3) returned to andrey0709
andrey0709 collected $6 from pot
andrey0709: doesn't show hand
*** SUMMARY ***
Total pot $6 | Rake $0
Seat 1: andrey0709 (button) (small blind) collected ($6)
Seat 2: Ale4o (big blind) folded before Flop


PokerStars Hand #150280098171:  Hold'em Limit ($3/$6 USD) - 2016/03/13 8:12:37 ET
Table 'Vega' 6-max Seat #2 is the button
Seat 1: andrey0709 ($138.76 in chips)
Seat 2: Ale4o ($206.95 in chips)
Ale4o: posts small blind $1
andrey0709: posts big blind $3
*** HOLE CARDS ***
Ale4o: raises $3 to $6
andrey0709: calls $3
*** FLOP *** [Kc 2h Ad]
andrey0709: checks
Ale4o: bets $3
andrey0709: folds
Uncalled bet ($3) returned to Ale4o
valera6 joins the table at seat #3
Ale4o collected $11.76 from pot
Ale4o: doesn't show hand
*** SUMMARY ***
Total pot $12 | Rake $0.24
Board [Kc 2h Ad]
Seat 1: andrey0709 (big blind) folded on the Flop
Seat 2: Ale4o (button) (small blind) collected ($11.76)


PokerStars Hand #150280093526:  Hold'em Limit ($3/$6 USD) - 2016/03/13 8:12:28 ET
Table 'Vega' 6-max Seat #1 is the button
Seat 1: andrey0709 ($144.76 in chips)
Seat 2: Ale4o ($201.19 in chips)
andrey0709: posts small blind $1
Ale4o: posts big blind $3
*** HOLE CARDS ***
andrey0709: calls $2
Ale4o: raises $3 to $6
andrey0709: calls $3
*** FLOP *** [7d 3h Kd]
Ale4o: bets $3
andrey0709: folds
Uncalled bet ($3) returned to Ale4o
Ale4o collected $11.76 from pot
Ale4o: doesn't show hand
*** SUMMARY ***
Total pot $12 | Rake $0.24
Board [7d 3h Kd]
Seat 1: andrey0709 (button) (small blind) folded on the Flop
Seat 2: Ale4o (big blind) collected ($11.76)


PokerStars Hand #150280590277:  Hold'em Limit ($3/$6 USD) - 2016/03/13 8:26:51 ET
Table 'Vega' 6-max Seat #1 is the button
Seat 1: andrey0709 ($127.27 in chips)
Seat 2: Ale4o ($187.50 in chips)
andrey0709: posts small blind $1
Ale4o: posts big blind $3
*** HOLE CARDS ***
andrey0709: folds
Uncalled bet ($2) returned to Ale4o
Ale4o collected $2 from pot
Ale4o: doesn't show hand
*** SUMMARY ***
Total pot $2 | Rake $0
Seat 1: andrey0709 (button) (small blind) folded before Flop
Seat 2: Ale4o (big blind) collected ($2)


PokerStars Hand #150280587712:  Hold'em Limit ($3/$6 USD) - 2016/03/13 8:26:47 ET
Table 'Vega' 6-max Seat #2 is the button
Seat 1: andrey0709 ($130.27 in chips)
Seat 2: Ale4o ($184.50 in chips)
Ale4o: posts small blind $1
andrey0709: posts big blind $3
*** HOLE CARDS ***
Ale4o: raises $3 to $6
andrey0709: folds
Uncalled bet ($3) returned to Ale4o
Ale4o collected $6 from pot
Ale4o: doesn't show hand
*** SUMMARY ***
Total pot $6 | Rake $0
Seat 1: andrey0709 (big blind) folded before Flop
Seat 2: Ale4o (button) (small blind) collected ($6)


PokerStars Hand #150280612747:  Hold'em Limit ($3/$6 USD) - 2016/03/13 8:27:30 ET
Table 'Vega' 6-max Seat #1 is the button
Seat 1: andrey0709 ($134.55 in chips)
Seat 2: Ale4o ($179.14 in chips)
andrey0709: posts small blind $1
Ale4o: posts big blind $3
*** HOLE CARDS ***
andrey0709: calls $2
Ale4o: raises $3 to $6
andrey0709: calls $3
*** FLOP *** [Ts 9c 5h]
Ale4o: bets $3
andrey0709: folds
Uncalled bet ($3) returned to Ale4o
Ale4o collected $11.76 from pot
Ale4o: doesn't show hand
*** SUMMARY ***
Total pot $12 | Rake $0.24
Board [Ts 9c 5h]
Seat 1: andrey0709 (button) (small blind) folded on the Flop
Seat 2: Ale4o (big blind) collected ($11.76)


PokerStars Hand #150280607961:  Hold'em Limit ($3/$6 USD) - 2016/03/13 8:27:22 ET
Table 'Vega' 6-max Seat #2 is the button
Seat 1: andrey0709 ($125.91 in chips)
Seat 2: Ale4o ($188.14 in chips)
Ale4o: posts small blind $1
andrey0709: posts big blind $3
*** HOLE CARDS ***
Ale4o: raises $3 to $6
andrey0709: raises $3 to $9
Ale4o: calls $3
*** FLOP *** [Ts 3s 5c]
andrey0709: bets $3
Ale4o: folds
Uncalled bet ($3) returned to andrey0709
andrey0709 collected $17.64 from pot
andrey0709: doesn't show hand
*** SUMMARY ***
Total pot $18 | Rake $0.36
Board [Ts 3s 5c]
Seat 1: andrey0709 (big blind) collected ($17.64)
Seat 2: Ale4o (button) (small blind) folded on the Flop


PokerStars Hand #150280601506:  Hold'em Limit ($3/$6 USD) - 2016/03/13 8:27:11 ET
Table 'Vega' 6-max Seat #1 is the button
Seat 1: andrey0709 ($134.91 in chips)
Seat 2: Ale4o ($179.50 in chips)
andrey0709: posts small blind $1
Ale4o: posts big blind $3
*** HOLE CARDS ***
andrey0709: calls $2
Ale4o: raises $3 to $6
Croucher is disconnected
andrey0709: calls $3
*** FLOP *** [4d 7s 9s]
Ale4o: bets $3
andrey0709: calls $3
*** TURN *** [4d 7s 9s] [Kd]
Ale4o: bets $6
andrey0709: folds
Uncalled bet ($6) returned to Ale4o
Ale4o collected $17.64 from pot
Ale4o: doesn't show hand
*** SUMMARY ***
Total pot $18 | Rake $0.36
Board [4d 7s 9s Kd]
Seat 1: andrey0709 (button) (small blind) folded on the Turn
Seat 2: Ale4o (big blind) collected ($17.64)


PokerStars Hand #150280592985:  Hold'em Limit ($3/$6 USD) - 2016/03/13 8:26:56 ET
Table 'Vega' 6-max Seat #2 is the button
Seat 1: andrey0709 ($126.27 in chips)
Seat 2: Ale4o ($188.50 in chips)
Ale4o: posts small blind $1
andrey0709: posts big blind $3
*** HOLE CARDS ***
Ale4o: raises $3 to $6
andrey0709: calls $3
*** FLOP *** [As Ah 7c]
andrey0709: checks
Ale4o: bets $3
andrey0709: calls $3
*** TURN *** [As Ah 7c] [Js]
andrey0709: checks
Ale4o: checks
*** RIVER *** [As Ah 7c Js] [Qs]
andrey0709: bets $6
Ale4o: folds
Uncalled bet ($6) returned to andrey0709
andrey0709 collected $17.64 from pot
andrey0709: doesn't show hand
*** SUMMARY ***
Total pot $18 | Rake $0.36
Board [As Ah 7c Js Qs]
Seat 1: andrey0709 (big blind) collected ($17.64)
Seat 2: Ale4o (button) (small blind) folded on the River


PokerStars Hand #150280583222:  Hold'em Limit ($3/$6 USD) - 2016/03/13 8:26:39 ET
Table 'Vega' 6-max Seat #1 is the button
Seat 1: andrey0709 ($124.51 in chips)
Seat 2: Ale4o ($190.50 in chips)
andrey0709: posts small blind $1
Ale4o: posts big blind $3
*** HOLE CARDS ***
andrey0709: raises $3 to $6
Ale4o: calls $3
*** FLOP *** [Tc 8s 2d]
Ale4o: checks
andrey0709: bets $3
Ale4o: folds
Uncalled bet ($3) returned to andrey0709
andrey0709 collected $11.76 from pot
andrey0709: doesn't show hand
*** SUMMARY ***
Total pot $12 | Rake $0.24
Board [Tc 8s 2d]
Seat 1: andrey0709 (button) (small blind) collected ($11.76)
Seat 2: Ale4o (big blind) folded on the Flop


PokerStars Hand #150280577533:  Hold'em Limit ($3/$6 USD) - 2016/03/13 8:26:30 ET
Table 'Vega' 6-max Seat #2 is the button
Seat 1: andrey0709 ($115.87 in chips)
Seat 2: Ale4o ($199.50 in chips)
Ale4o: posts small blind $1
Croucher: is sitting out
andrey0709: posts big blind $3
*** HOLE CARDS ***
Ale4o: raises $3 to $6
andrey0709: calls $3
*** FLOP *** [Jc 4c Qd]
andrey0709: checks
Ale4o: bets $3
andrey0709: raises $3 to $6
Ale4o: folds
Uncalled bet ($3) returned to andrey0709
andrey0709 collected $17.64 from pot
andrey0709: doesn't show hand
*** SUMMARY ***
Total pot $18 | Rake $0.36
Board [Jc 4c Qd]
Seat 1: andrey0709 (big blind) collected ($17.64)
Seat 2: Ale4o (button) (small blind) folded on the Flop


PokerStars Hand #150280640955:  Hold'em Limit ($3/$6 USD) - 2016/03/13 8:28:18 ET
Table 'Vega' 6-max Seat #2 is the button
Seat 1: andrey0709 ($124.05 in chips)
Seat 2: Ale4o ($188.40 in chips)
Ale4o: posts small blind $1
andrey0709: posts big blind $3
*** HOLE CARDS ***
Ale4o: raises $3 to $6
andrey0709: folds
Uncalled bet ($3) returned to Ale4o
Ale4o collected $6 from pot
Ale4o: doesn't show hand
*** SUMMARY ***
Total pot $6 | Rake $0
Seat 1: andrey0709 (big blind) folded before Flop
Seat 2: Ale4o (button) (small blind) collected ($6)


PokerStars Hand #150280632363:  Hold'em Limit ($3/$6 USD) - 2016/03/13 8:28:04 ET
Table 'Vega' 6-max Seat #1 is the button
Seat 1: andrey0709 ($103.55 in chips)
Seat 2: Ale4o ($209.40 in chips)
andrey0709: posts small blind $1
Ale4o: posts big blind $3
*** HOLE CARDS ***
andrey0709: raises $3 to $6
Ale4o: calls $3
*** FLOP *** [6d 3h 3d]
Ale4o: checks
andrey0709: bets $3
Ale4o: calls $3
*** TURN *** [6d 3h 3d] [5s]
Ale4o: checks
andrey0709: bets $6
Ale4o: calls $6
*** RIVER *** [6d 3h 3d 5s] [Ts]
Ale4o: checks
andrey0709: bets $6
Ale4o: calls $6
*** SHOW DOWN ***
andrey0709: shows [Ks Kc] (two pair, Kings and Threes)
Ale4o: mucks hand
andrey0709 collected $41.50 from pot
*** SUMMARY ***
Total pot $42 | Rake $0.50
Board [6d 3h 3d 5s Ts]
Seat 1: andrey0709 (button) (small blind) showed [Ks Kc] and won ($41.50) with two pair, Kings and Threes
Seat 2: Ale4o (big blind) mucked


PokerStars Hand #150280646733:  Hold'em Limit ($3/$6 USD) - 2016/03/13 8:28:28 ET
Table 'Vega' 6-max Seat #2 is the button
Seat 1: andrey0709 ($124.05 in chips)
Seat 2: Ale4o ($188.40 in chips)
Ale4o: posts small blind $1
andrey0709: posts big blind $3
*** HOLE CARDS ***
Ale4o: raises $3 to $6
andrey0709: calls $3
*** FLOP *** [Jc Jh Th]
andrey0709: checks
Ale4o: bets $3
andrey0709: folds
Uncalled bet ($3) returned to Ale4o
Ale4o collected $11.76 from pot
Ale4o: doesn't show hand
*** SUMMARY ***
Total pot $12 | Rake $0.24
Board [Jc Jh Th]
Seat 1: andrey0709 (big blind) folded on the Flop
Seat 2: Ale4o (button) (small blind) collected ($11.76)


PokerStars Hand #150280643694:  Hold'em Limit ($3/$6 USD) - 2016/03/13 8:28:23 ET
Table 'Vega' 6-max Seat #1 is the button
Seat 1: andrey0709 ($121.05 in chips)
Seat 2: Ale4o ($191.40 in chips)
andrey0709: posts small blind $1
Ale4o: posts big blind $3
*** HOLE CARDS ***
andrey0709: raises $3 to $6
Ale4o: folds
Uncalled bet ($3) returned to andrey0709
andrey0709 collected $6 from pot
andrey0709: doesn't show hand
*** SUMMARY ***
Total pot $6 | Rake $0
Seat 1: andrey0709 (button) (small blind) collected ($6)
Seat 2: Ale4o (big blind) folded before Flop


PokerStars Hand #150280621922:  Hold'em Limit ($3/$6 USD) - 2016/03/13 8:27:46 ET
Table 'Vega' 6-max Seat #2 is the button
Seat 1: andrey0709 ($124.55 in chips)
Seat 2: Ale4o ($188.90 in chips)
Ale4o: posts small blind $1
andrey0709: posts big blind $3
*** HOLE CARDS ***
Ale4o: raises $3 to $6
andrey0709: calls $3
*** FLOP *** [Qs Qd Th]
andrey0709: checks
Ale4o: bets $3
andrey0709: calls $3
*** TURN *** [Qs Qd Th] [2d]
andrey0709: checks
Ale4o: bets $6
andrey0709: calls $6
*** RIVER *** [Qs Qd Th 2d] [Qc]
andrey0709: checks
Ale4o: bets $6
andrey0709: calls $6
*** SHOW DOWN ***
Ale4o: shows [Ts 5c] (a full house, Queens full of Tens)
andrey0709: mucks hand
Ale4o collected $41.50 from pot
*** SUMMARY ***
Total pot $42 | Rake $0.50
Board [Qs Qd Th 2d Qc]
Seat 1: andrey0709 (big blind) mucked
Seat 2: Ale4o (button) (small blind) showed [Ts 5c] and won ($41.50) with a full house, Queens full of Tens


PokerStars Hand #150280619454:  Hold'em Limit ($3/$6 USD) - 2016/03/13 8:27:41 ET
Table 'Vega' 6-max Seat #1 is the button
Seat 1: andrey0709 ($125.55 in chips)
Seat 2: Ale4o ($187.90 in chips)
andrey0709: posts small blind $1
Ale4o: posts big blind $3
*** HOLE CARDS ***
andrey0709: folds
Uncalled bet ($2) returned to Ale4o
Ale4o collected $2 from pot
Ale4o: doesn't show hand
*** SUMMARY ***
Total pot $2 | Rake $0
Seat 1: andrey0709 (button) (small blind) folded before Flop
Seat 2: Ale4o (big blind) collected ($2)


PokerStars Hand #150280616914:  Hold'em Limit ($3/$6 USD) - 2016/03/13 8:27:37 ET
Table 'Vega' 6-max Seat #2 is the button
Seat 1: andrey0709 ($128.55 in chips)
Seat 2: Ale4o ($184.90 in chips)
Ale4o: posts small blind $1
andrey0709: posts big blind $3
*** HOLE CARDS ***
Ale4o: raises $3 to $6
andrey0709: folds
Uncalled bet ($3) returned to Ale4o
Ale4o collected $6 from pot
Ale4o: doesn't show hand
*** SUMMARY ***
Total pot $6 | Rake $0
Seat 1: andrey0709 (big blind) folded before Flop
Seat 2: Ale4o (button) (small blind) collected ($6)


PokerStars Hand #150280650896:  Hold'em Limit ($3/$6 USD) - 2016/03/13 8:28:36 ET
Table 'Vega' 6-max Seat #1 is the button
Seat 1: andrey0709 ($118.05 in chips)
Seat 2: Ale4o ($194.16 in chips)
andrey0709: posts small blind $1
Ale4o: posts big blind $3
*** HOLE CARDS ***
andrey0709: folds
Uncalled bet ($2) returned to Ale4o
Ale4o collected $2 from pot
Ale4o: doesn't show hand
*** SUMMARY ***
Total pot $2 | Rake $0
Seat 1: andrey0709 (button) (small blind) folded before Flop
Seat 2: Ale4o (big blind) collected ($2)


PokerStars Hand #150280675685:  Hold'em Limit ($3/$6 USD) - 2016/03/13 8:29:18 ET
Table 'Vega' 6-max Seat #1 is the button
Seat 1: andrey0709 ($81.05 in chips)
Seat 2: Ale4o ($230.06 in chips)
andrey0709: posts small blind $1
Ale4o: posts big blind $3
*** HOLE CARDS ***
win888day joins the table at seat #3
andrey0709: folds
Uncalled bet ($2) returned to Ale4o
Ale4o collected $2 from pot
Ale4o: doesn't show hand
*** SUMMARY ***
Total pot $2 | Rake $0
Seat 1: andrey0709 (button) (small blind) folded before Flop
Seat 2: Ale4o (big blind) collected ($2)


PokerStars Hand #150280665138:  Hold'em Limit ($3/$6 USD) - 2016/03/13 8:29:00 ET
Table 'Vega' 6-max Seat #2 is the button
Seat 1: andrey0709 ($102.05 in chips)
Seat 2: Ale4o ($209.56 in chips)
Ale4o: posts small blind $1
andrey0709: posts big blind $3
*** HOLE CARDS ***
Ale4o: raises $3 to $6
andrey0709: calls $3
*** FLOP *** [8d 4s Qs]
andrey0709: checks
Ale4o: bets $3
andrey0709: raises $3 to $6
Ale4o: raises $3 to $9
andrey0709: calls $3
*** TURN *** [8d 4s Qs] [3c]
andrey0709: checks
Ale4o: bets $6
andrey0709: calls $6
*** RIVER *** [8d 4s Qs 3c] [2d]
andrey0709: checks
Ale4o: bets $6
andrey0709: folds
Uncalled bet ($6) returned to Ale4o
Ale4o collected $41.50 from pot
Ale4o: doesn't show hand
*** SUMMARY ***
Total pot $42 | Rake $0.50
Board [8d 4s Qs 3c 2d]
Seat 1: andrey0709 (big blind) folded on the River
Seat 2: Ale4o (button) (small blind) collected ($41.50)


PokerStars Hand #150280653254:  Hold'em Limit ($3/$6 USD) - 2016/03/13 8:28:40 ET
Table 'Vega' 6-max Seat #2 is the button
Seat 1: andrey0709 ($117.05 in chips)
Seat 2: Ale4o ($195.16 in chips)
Ale4o: posts small blind $1
andrey0709: posts big blind $3
*** HOLE CARDS ***
Ale4o: raises $3 to $6
andrey0709: calls $3
*** FLOP *** [Ad 9d Js]
andrey0709: checks
Ale4o: checks
*** TURN *** [Ad 9d Js] [Ac]
andrey0709: checks
Ale4o: bets $6
andrey0709: folds
Uncalled bet ($6) returned to Ale4o
Ale4o collected $11.76 from pot
Ale4o: doesn't show hand
*** SUMMARY ***
Total pot $12 | Rake $0.24
Board [Ad 9d Js Ac]
Seat 1: andrey0709 (big blind) folded on the Turn
Seat 2: Ale4o (button) (small blind) collected ($11.76)


PokerStars Hand #150280659343:  Hold'em Limit ($3/$6 USD) - 2016/03/13 8:28:50 ET
Table 'Vega' 6-max Seat #1 is the button
Seat 1: andrey0709 ($111.05 in chips)
Seat 2: Ale4o ($200.92 in chips)
andrey0709: posts small blind $1
Ale4o: posts big blind $3
*** HOLE CARDS ***
andrey0709: calls $2
Ale4o: raises $3 to $6
andrey0709: calls $3
*** FLOP *** [4c 9c Td]
Ale4o: bets $3
andrey0709: calls $3
*** TURN *** [4c 9c Td] [Js]
Ale4o: bets $6
andrey0709: folds
Uncalled bet ($6) returned to Ale4o
Ale4o collected $17.64 from pot
Ale4o: doesn't show hand
*** SUMMARY ***
Total pot $18 | Rake $0.36
Board [4c 9c Td Js]
Seat 1: andrey0709 (button) (small blind) folded on the Turn
Seat 2: Ale4o (big blind) collected ($17.64)


PokerStars Hand #150280742416:  Hold'em Limit ($3/$6 USD) - 2016/03/13 8:31:13 ET
Table 'Vega' 6-max Seat #2 is the button
Seat 1: andrey0709 ($56.50 in chips)
Seat 2: Ale4o ($187.28 in chips)
Ale4o: posts small blind $1
andrey0709: posts big blind $3
*** HOLE CARDS ***
Ale4o: raises $3 to $6
andrey0709: calls $3
*** FLOP *** [7c 5d Tc]
andrey0709: checks
Ale4o: bets $3
andrey0709: calls $3
*** TURN *** [7c 5d Tc] [As]
andrey0709: checks
Ale4o: bets $6
andrey0709: raises $6 to $12
Ale4o: calls $6
*** RIVER *** [7c 5d Tc As] [Ts]
andrey0709: bets $6
Ale4o: calls $6
*** SHOW DOWN ***
andrey0709: shows [4d 3d] (a pair of Tens)
Ale4o: shows [Jd Jc] (two pair, Jacks and Tens)
Ale4o collected $53.50 from pot
*** SUMMARY ***
Total pot $54 | Rake $0.50
Board [7c 5d Tc As Ts]
Seat 1: andrey0709 (big blind) showed [4d 3d] and lost with a pair of Tens
Seat 2: Ale4o (button) (small blind) showed [Jd Jc] and won ($53.50) with two pair, Jacks and Tens


PokerStars Hand #150280725405:  Hold'em Limit ($3/$6 USD) - 2016/03/13 8:30:44 ET
Table 'Vega' 6-max Seat #1 is the button
Seat 1: andrey0709 ($40.12 in chips)
Seat 2: Ale4o ($204.28 in chips)
andrey0709: posts small blind $1
Ale4o: posts big blind $3
*** HOLE CARDS ***
andrey0709: calls $2
Ale4o: checks
*** FLOP *** [8c 2h 6c]
Ale4o: checks
andrey0709: bets $3
Ale4o: folds
Uncalled bet ($3) returned to andrey0709
andrey0709 collected $5.88 from pot
andrey0709: doesn't show hand
*** SUMMARY ***
Total pot $6 | Rake $0.12
Board [8c 2h 6c]
Seat 1: andrey0709 (button) (small blind) collected ($5.88)
Seat 2: Ale4o (big blind) folded on the Flop


PokerStars Hand #150280719198:  Hold'em Limit ($3/$6 USD) - 2016/03/13 8:30:33 ET
Table 'Vega' 6-max Seat #2 is the button
Seat 1: andrey0709 ($46.12 in chips)
Seat 2: Ale4o ($198.52 in chips)
Ale4o: posts small blind $1
andrey0709: posts big blind $3
*** HOLE CARDS ***
Ale4o: raises $3 to $6
andrey0709: calls $3
*** FLOP *** [4s 4d 3s]
andrey0709: checks
Ale4o: checks
*** TURN *** [4s 4d 3s] [Ad]
andrey0709: checks
Ale4o: bets $6
andrey0709: folds
Uncalled bet ($6) returned to Ale4o
Ale4o collected $11.76 from pot
Ale4o: doesn't show hand
*** SUMMARY ***
Total pot $12 | Rake $0.24
Board [4s 4d 3s Ad]
Seat 1: andrey0709 (big blind) folded on the Turn
Seat 2: Ale4o (button) (small blind) collected ($11.76)


PokerStars Hand #150280739985:  Hold'em Limit ($3/$6 USD) - 2016/03/13 8:31:09 ET
Table 'Vega' 6-max Seat #1 is the button
Seat 1: andrey0709 ($57.50 in chips)
Seat 2: Ale4o ($186.28 in chips)
andrey0709: posts small blind $1
Ale4o: posts big blind $3
*** HOLE CARDS ***
andrey0709: folds
Uncalled bet ($2) returned to Ale4o
Ale4o collected $2 from pot
Ale4o: doesn't show hand
*** SUMMARY ***
Total pot $2 | Rake $0
Seat 1: andrey0709 (button) (small blind) folded before Flop
Seat 2: Ale4o (big blind) collected ($2)


PokerStars Hand #150280755029:  Hold'em Limit ($3/$6 USD) - 2016/03/13 8:31:34 ET
Table 'Vega' 6-max Seat #1 is the button
Seat 1: andrey0709 ($29.50 in chips)
Seat 2: Ale4o ($213.78 in chips)
andrey0709: posts small blind $1
Ale4o: posts big blind $3
*** HOLE CARDS ***
Grieserix joins the table at seat #3
andrey0709: folds
Uncalled bet ($2) returned to Ale4o
Ale4o collected $2 from pot
Ale4o: doesn't show hand
*** SUMMARY ***
Total pot $2 | Rake $0
Seat 1: andrey0709 (button) (small blind) folded before Flop
Seat 2: Ale4o (big blind) collected ($2)


PokerStars Hand #150280782897:  Hold'em Limit ($3/$6 USD) - 2016/03/13 8:32:22 ET
Table 'Vega' 6-max Seat #3 is the button
Seat 2: Ale4o ($199.54 in chips)
Seat 3: Grieserix ($136.89 in chips)
Grieserix: posts small blind $1
Ale4o: posts big blind $3
*** HOLE CARDS ***
Grieserix: raises $3 to $6
Ale4o: calls $3
*** FLOP *** [3h Ks Th]
Ale4o: checks
Grieserix: checks
*** TURN *** [3h Ks Th] [3c]
Ale4o: bets $6
Grieserix: calls $6
*** RIVER *** [3h Ks Th 3c] [Jc]
Ale4o: checks
Grieserix: bets $6
Ale4o: folds
Uncalled bet ($6) returned to Grieserix
Grieserix collected $23.52 from pot
*** SUMMARY ***
Total pot $24 | Rake $0.48
Board [3h Ks Th 3c Jc]
Seat 2: Ale4o (big blind) folded on the River
Seat 3: Grieserix (button) (small blind) collected ($23.52)


PokerStars Hand #150280778022:  Hold'em Limit ($3/$6 USD) - 2016/03/13 8:32:14 ET
Table 'Vega' 6-max Seat #2 is the button
Seat 2: Ale4o ($193.78 in chips)
Seat 3: Grieserix ($142.89 in chips)
Ale4o: posts small blind $1
Grieserix: posts big blind $3
*** HOLE CARDS ***
Ale4o: raises $3 to $6
Grieserix: calls $3
*** FLOP *** [2h 2c Qc]
Grieserix: checks
Ale4o: bets $3
Grieserix: folds
Uncalled bet ($3) returned to Ale4o
Ale4o collected $11.76 from pot
Ale4o: doesn't show hand
*** SUMMARY ***
Total pot $12 | Rake $0.24
Board [2h 2c Qc]
Seat 2: Ale4o (button) (small blind) collected ($11.76)
Seat 3: Grieserix (big blind) folded on the Flop


PokerStars Hand #150280769542:  Hold'em Limit ($3/$6 USD) - 2016/03/13 8:31:59 ET
Table 'Vega' 6-max Seat #3 is the button
Seat 2: Ale4o ($205.78 in chips)
Seat 3: Grieserix ($131.37 in chips)
Grieserix: posts small blind $1
andrey0709: is sitting out
Ale4o: posts big blind $3
*** HOLE CARDS ***
Grieserix: raises $3 to $6
Ale4o: calls $3
*** FLOP *** [9h Kc 2d]
Ale4o: checks
Grieserix: bets $3
Ale4o: raises $3 to $6
Grieserix: calls $3
*** TURN *** [9h Kc 2d] [4d]
Ale4o: checks
Grieserix: checks
*** RIVER *** [9h Kc 2d 4d] [5c]
Ale4o: checks
Grieserix: checks
*** SHOW DOWN ***
Ale4o: shows [Th 8h] (high card King)
Grieserix: shows [Ah Jh] (high card Ace)
Grieserix collected $23.52 from pot
*** SUMMARY ***
Total pot $24 | Rake $0.48
Board [9h Kc 2d 4d 5c]
Seat 2: Ale4o (big blind) showed [Th 8h] and lost with high card King
Seat 3: Grieserix (button) (small blind) showed [Ah Jh] and won ($23.52) with high card Ace


PokerStars Hand #150280831588:  Hold'em Limit ($3/$6 USD) - 2016/03/13 8:33:46 ET
Table 'Vega' 6-max Seat #4 is the button
Seat 4: Zeeon ($127.50 in chips)
Seat 6: IceKing94 ($92 in chips)
Zeeon: posts small blind $1
IceKing94: posts big blind $3
*** HOLE CARDS ***
AzureCaper joins the table at seat #2
Zeeon: raises $3 to $6
IceKing94: raises $3 to $9
Zeeon: calls $3
*** FLOP *** [9h 3s 5d]
IceKing94: bets $3
Zeeon: calls $3
*** TURN *** [9h 3s 5d] [6h]
IceKing94: bets $6
Zeeon: calls $6
*** RIVER *** [9h 3s 5d 6h] [5c]
IceKing94: bets $6
Zeeon: calls $6
*** SHOW DOWN ***
IceKing94: shows [9d Kc] (two pair, Nines and Fives)
Zeeon: mucks hand
IceKing94 collected $47.50 from pot
*** SUMMARY ***
Total pot $48 | Rake $0.50
Board [9h 3s 5d 6h 5c]
Seat 4: Zeeon (button) (small blind) mucked
Seat 6: IceKing94 (big blind) showed [9d Kc] and won ($47.50) with two pair, Nines and Fives


PokerStars Hand #150280829082:  Hold'em Limit ($3/$6 USD) - 2016/03/13 8:33:41 ET
Table 'Vega' 6-max Seat #6 is the button
Seat 4: Zeeon ($126.50 in chips)
Seat 6: IceKing94 ($93 in chips)
IceKing94: posts small blind $1
Zeeon: posts big blind $3
*** HOLE CARDS ***
IceKing94: folds
Uncalled bet ($2) returned to Zeeon
Zeeon collected $2 from pot
*** SUMMARY ***
Total pot $2 | Rake $0
Seat 4: Zeeon (big blind) collected ($2)
Seat 6: IceKing94 (button) (small blind) folded before Flop


PokerStars Hand #150280814073:  Hold'em Limit ($3/$6 USD) - 2016/03/13 8:33:15 ET
Table 'Vega' 6-max Seat #4 is the button
Seat 4: Zeeon ($100 in chips)
Seat 6: IceKing94 ($120 in chips)
Zeeon: posts small blind $1
IceKing94: posts big blind $3
*** HOLE CARDS ***
Zeeon: raises $3 to $6
IceKing94: calls $3
*** FLOP *** [6c Ts 5c]
IceKing94: checks
Zeeon: bets $3
IceKing94: calls $3
*** TURN *** [6c Ts 5c] [5s]
IceKing94: checks
Zeeon: bets $6
IceKing94: raises $6 to $12
Zeeon: calls $6
*** RIVER *** [6c Ts 5c 5s] [6h]
IceKing94: bets $6
Zeeon: calls $6
*** SHOW DOWN ***
IceKing94: shows [4s Kd] (two pair, Sixes and Fives)
Zeeon: shows [As Td] (two pair, Tens and Sixes)
Zeeon collected $53.50 from pot
*** SUMMARY ***
Total pot $54 | Rake $0.50
Board [6c Ts 5c 5s 6h]
Seat 4: Zeeon (button) (small blind) showed [As Td] and won ($53.50) with two pair, Tens and Sixes
Seat 6: IceKing94 (big blind) showed [4s Kd] and lost with two pair, Sixes and Fives


PokerStars Hand #150282438652:  Hold'em Limit ($3/$6 USD) - 2016/03/13 9:17:09 ET
Table 'Vega' 6-max Seat #2 is the button
Seat 1: Psynto ($242.45 in chips)
Seat 2: AzureCaper ($240.66 in chips)
AzureCaper: posts small blind $1
IceKing94: is sitting out
Psynto: posts big blind $3
*** HOLE CARDS ***
IceKing94 leaves the table
AzureCaper: folds
Uncalled bet ($2) returned to Psynto
Psynto collected $2 from pot
Psynto: doesn't show hand
*** SUMMARY ***
Total pot $2 | Rake $0
Seat 1: Psynto (big blind) collected ($2)
Seat 2: AzureCaper (button) (small blind) folded before Flop


