PokerStars Hand #148831862494:  Hold'em Limit ($3/$6 USD) - 2016/02/15 4:17:00 ET
Table 'Vela II' 6-max Seat #6 is the button
Seat 1: VolkovDmitri ($120 in chips)
Seat 6: HAOYUN88888 ($126.76 in chips)
HAOYUN88888: posts small blind $1
VolkovDmitri: posts big blind $3
*** HOLE CARDS ***
HAOYUN88888: raises $3 to $6
VolkovDmitri: calls $3
*** FLOP *** [3d Ts Qh]
VolkovDmitri: checks
HAOYUN88888: bets $3
VolkovDmitri: folds
Uncalled bet ($3) returned to HAOYUN88888
HAOYUN88888 collected $11.76 from pot
HAOYUN88888: doesn't show hand
*** SUMMARY ***
Total pot $12 | Rake $0.24
Board [3d Ts Qh]
Seat 1: VolkovDmitri (big blind) folded on the Flop
Seat 6: HAOYUN88888 (button) (small blind) collected ($11.76)


PokerStars Hand #148831867933:  Hold'em Limit ($3/$6 USD) - 2016/02/15 4:17:14 ET
Table 'Vela II' 6-max Seat #1 is the button
Seat 1: VolkovDmitri ($120 in chips)
Seat 6: HAOYUN88888 ($132.52 in chips)
VolkovDmitri: posts small blind $1
HAOYUN88888: posts big blind $3
*** HOLE CARDS ***
VolkovDmitri: raises $3 to $6
HAOYUN88888: raises $3 to $9
VolkovDmitri: calls $3
*** FLOP *** [8c 2d 2h]
HAOYUN88888: bets $3
VolkovDmitri: calls $3
*** TURN *** [8c 2d 2h] [9c]
HAOYUN88888: bets $6
VolkovDmitri: calls $6
*** RIVER *** [8c 2d 2h 9c] [4c]
HAOYUN88888: bets $6
VolkovDmitri: calls $6
*** SHOW DOWN ***
HAOYUN88888: shows [Jc Kd] (a pair of Deuces)
VolkovDmitri: shows [3d 3s] (two pair, Threes and Deuces)
VolkovDmitri collected $47.50 from pot
*** SUMMARY ***
Total pot $48 | Rake $0.50
Board [8c 2d 2h 9c 4c]
Seat 1: VolkovDmitri (button) (small blind) showed [3d 3s] and won ($47.50) with two pair, Threes and Deuces
Seat 6: HAOYUN88888 (big blind) showed [Jc Kd] and lost with a pair of Deuces


PokerStars Hand #148831850609:  Hold'em Limit ($3/$6 USD) - 2016/02/15 4:16:30 ET
Table 'Vela II' 6-max Seat #6 is the button
Seat 1: VolkovDmitri ($120 in chips)
Seat 6: HAOYUN88888 ($120 in chips)
HAOYUN88888: posts small blind $1
VolkovDmitri: posts big blind $3
*** HOLE CARDS ***
HAOYUN88888: raises $3 to $6
VolkovDmitri: calls $3
*** FLOP *** [Js 8h 2s]
VolkovDmitri: checks
HAOYUN88888: bets $3
VolkovDmitri: folds
Uncalled bet ($3) returned to HAOYUN88888
HAOYUN88888 collected $11.76 from pot
HAOYUN88888: doesn't show hand
*** SUMMARY ***
Total pot $12 | Rake $0.24
Board [Js 8h 2s]
Seat 1: VolkovDmitri (big blind) folded on the Flop
Seat 6: HAOYUN88888 (button) (small blind) collected ($11.76)


PokerStars Hand #148831879480:  Hold'em Limit ($3/$6 USD) - 2016/02/15 4:17:43 ET
Table 'Vela II' 6-max Seat #6 is the button
Seat 1: VolkovDmitri ($143.50 in chips)
Seat 6: HAOYUN88888 ($108.52 in chips)
HAOYUN88888: posts small blind $1
VolkovDmitri: posts big blind $3
*** HOLE CARDS ***
HAOYUN88888: raises $3 to $6
VolkovDmitri: raises $3 to $9
HAOYUN88888: calls $3
*** FLOP *** [Ah 2d 9c]
VolkovDmitri: bets $3
HAOYUN88888: calls $3
*** TURN *** [Ah 2d 9c] [Ts]
yu1104 joins the table at seat #3
VolkovDmitri: bets $6
HAOYUN88888: folds
Uncalled bet ($6) returned to VolkovDmitri
VolkovDmitri collected $23.52 from pot
VolkovDmitri: doesn't show hand
*** SUMMARY ***
Total pot $24 | Rake $0.48
Board [Ah 2d 9c Ts]
Seat 1: VolkovDmitri (big blind) collected ($23.52)
Seat 6: HAOYUN88888 (button) (small blind) folded on the Turn


PokerStars Hand #148832658926:  Hold'em Limit ($3/$6 USD) - 2016/02/15 4:49:44 ET
Table 'Vela II' 6-max Seat #5 is the button
Seat 1: VolkovDmitri ($192.09 in chips)
Seat 5: Chuckles1337 ($229.12 in chips)
morozova_17 will be allowed to play after the button
Chuckles1337: posts small blind $1
VolkovDmitri: posts big blind $3
*** HOLE CARDS ***
Chuckles1337: raises $3 to $6
VolkovDmitri: calls $3
*** FLOP *** [3c 9s 9h]
VolkovDmitri: bets $3
Chuckles1337: calls $3
*** TURN *** [3c 9s 9h] [9d]
VolkovDmitri: bets $6
Chuckles1337: folds
Uncalled bet ($6) returned to VolkovDmitri
VolkovDmitri collected $17.64 from pot
VolkovDmitri: doesn't show hand
*** SUMMARY ***
Total pot $18 | Rake $0.36
Board [3c 9s 9h 9d]
Seat 1: VolkovDmitri (big blind) collected ($17.64)
Seat 5: Chuckles1337 (button) (small blind) folded on the Turn


PokerStars Hand #148832678622:  Hold'em Limit ($3/$6 USD) - 2016/02/15 4:50:31 ET
Table 'Vela II' 6-max Seat #5 is the button
Seat 2: morozova_17 ($35.39 in chips)
Seat 5: Chuckles1337 ($222.94 in chips)
Chuckles1337: posts small blind $1
VolkovDmitri: is sitting out
morozova_17: posts big blind $3
*** HOLE CARDS ***
Chuckles1337: raises $3 to $6
soko70 joins the table at seat #6
morozova_17: calls $3
*** FLOP *** [8c 5c 9h]
morozova_17: checks
Chuckles1337: bets $3
morozova_17: calls $3
*** TURN *** [8c 5c 9h] [Ah]
morozova_17: checks
Chuckles1337: bets $6
morozova_17: calls $6
*** RIVER *** [8c 5c 9h Ah] [Ts]
morozova_17: bets $6
Chuckles1337: raises $6 to $12
morozova_17: raises $6 to $18
Chuckles1337: calls $6
*** SHOW DOWN ***
morozova_17: shows [Js Qs] (a straight, Eight to Queen)
Chuckles1337: mucks hand
morozova_17 collected $65.50 from pot
*** SUMMARY ***
Total pot $66 | Rake $0.50
Board [8c 5c 9h Ah Ts]
Seat 2: morozova_17 (big blind) showed [Js Qs] and won ($65.50) with a straight, Eight to Queen
Seat 5: Chuckles1337 (button) (small blind) mucked


