PokerStars Hand #171445998824:  Hold'em Limit ($3/$6 USD) - 2017/06/06 21:08:57 ET
Table 'Vela' 6-max Seat #2 is the button
Seat 2: RaisemyNut$ ($108.42 in chips)
Seat 5: jumaji007 ($305.75 in chips)
RaisemyNut$: posts small blind $1
jumaji007: posts big blind $3
*** HOLE CARDS ***
RaisemyNut$: folds
Uncalled bet ($2) returned to jumaji007
jumaji007 collected $2 from pot
*** SUMMARY ***
Total pot $2 | Rake $0
Seat 2: RaisemyNut$ (button) (small blind) folded before Flop
Seat 5: jumaji007 (big blind) collected ($2)


PokerStars Hand #171445987681:  Hold'em Limit ($3/$6 USD) - 2017/06/06 21:08:31 ET
Table 'Vela' 6-max Seat #5 is the button
Seat 2: RaisemyNut$ ($96.90 in chips)
Seat 5: jumaji007 ($317.75 in chips)
jumaji007: posts small blind $1
B_loJkl: is sitting out
RaisemyNut$: posts big blind $3
*** HOLE CARDS ***
jumaji007: raises $3 to $6
RaisemyNut$: calls $3
*** FLOP *** [5h 5d Jh]
RaisemyNut$: checks
jumaji007: bets $3
RaisemyNut$: raises $3 to $6
jumaji007: calls $3
*** TURN *** [5h 5d Jh] [Qd]
RaisemyNut$: bets $6
jumaji007: folds
Uncalled bet ($6) returned to RaisemyNut$
RaisemyNut$ collected $23.52 from pot
RaisemyNut$: doesn't show hand
*** SUMMARY ***
Total pot $24 | Rake $0.48
Board [5h 5d Jh Qd]
Seat 2: RaisemyNut$ (big blind) collected ($23.52)
Seat 5: jumaji007 (button) (small blind) folded on the Turn


PokerStars Hand #171446001355:  Hold'em Limit ($3/$6 USD) - 2017/06/06 21:09:03 ET
Table 'Vela' 6-max Seat #5 is the button
Seat 2: RaisemyNut$ ($107.42 in chips)
Seat 5: jumaji007 ($306.75 in chips)
jumaji007: posts small blind $1
RaisemyNut$: posts big blind $3
*** HOLE CARDS ***
jumaji007: folds
Uncalled bet ($2) returned to RaisemyNut$
RaisemyNut$ collected $2 from pot
RaisemyNut$: doesn't show hand
*** SUMMARY ***
Total pot $2 | Rake $0
Seat 2: RaisemyNut$ (big blind) collected ($2)
Seat 5: jumaji007 (button) (small blind) folded before Flop


