PokerStars Hand #172944713577:  Hold'em Limit ($3/$6 USD) - 2017/07/12 14:31:49 ET
Table 'Velleda II' 6-max Seat #3 is the button
Seat 3: Mite1981 ($182.65 in chips)
Seat 6: perten ($104.42 in chips)
Mite1981: posts small blind $1
perten: posts big blind $3
*** HOLE CARDS ***
Mite1981: folds
Uncalled bet ($2) returned to perten
perten collected $2 from pot
perten: doesn't show hand
*** SUMMARY ***
Total pot $2 | Rake $0
Seat 3: Mite1981 (button) (small blind) folded before Flop
Seat 6: perten (big blind) collected ($2)


PokerStars Hand #172946162971:  Hold'em Limit ($3/$6 USD) - 2017/07/12 15:04:10 ET
Table 'Velleda II' 6-max Seat #6 is the button
Seat 3: perten ($47.46 in chips)
Seat 6: Chessnok ($61 in chips)
Chessnok: posts small blind $1
perten: posts big blind $3
*** HOLE CARDS ***
Samace10 leaves the table
Chessnok: raises $3 to $6
perten: raises $3 to $9
Chessnok: calls $3
*** FLOP *** [2c Kh 4c]
perten: bets $3
Chessnok: calls $3
*** TURN *** [2c Kh 4c] [2h]
perten: bets $6
Chessnok: calls $6
*** RIVER *** [2c Kh 4c 2h] [4h]
perten: bets $6
Chessnok: calls $6
*** SHOW DOWN ***
perten: shows [Ah 9d] (two pair, Fours and Deuces)
Chessnok: shows [Ac Jd] (two pair, Fours and Deuces)
perten collected $23.75 from pot
Chessnok collected $23.75 from pot
*** SUMMARY ***
Total pot $48 | Rake $0.50
Board [2c Kh 4c 2h 4h]
Seat 3: perten (big blind) showed [Ah 9d] and won ($23.75) with two pair, Fours and Deuces
Seat 6: Chessnok (button) (small blind) showed [Ac Jd] and won ($23.75) with two pair, Fours and Deuces


PokerStars Hand #172946183844:  Hold'em Limit ($3/$6 USD) - 2017/07/12 15:04:36 ET
Table 'Velleda II' 6-max Seat #3 is the button
Seat 3: perten ($47.21 in chips)
Seat 6: Chessnok ($60.75 in chips)
perten: posts small blind $1
Chessnok: posts big blind $3
*** HOLE CARDS ***
perten: calls $2
Chessnok: raises $3 to $6
perten: calls $3
*** FLOP *** [Kh 8s 2s]
Chessnok: bets $3
perten: folds
Uncalled bet ($3) returned to Chessnok
Chessnok collected $11.76 from pot
Chessnok: doesn't show hand
*** SUMMARY ***
Total pot $12 | Rake $0.24
Board [Kh 8s 2s]
Seat 3: perten (button) (small blind) folded on the Flop
Seat 6: Chessnok (big blind) collected ($11.76)


PokerStars Hand #172946197040:  Hold'em Limit ($3/$6 USD) - 2017/07/12 15:04:53 ET
Table 'Velleda II' 6-max Seat #6 is the button
Seat 3: perten ($41.21 in chips)
Seat 6: Chessnok ($66.51 in chips)
Chessnok: posts small blind $1
perten: posts big blind $3
*** HOLE CARDS ***
Chessnok: raises $3 to $6
CatPuppy1999 joins the table at seat #5
perten: calls $3
*** FLOP *** [6s Tc Qd]
perten: checks
Chessnok: bets $3
perten: calls $3
*** TURN *** [6s Tc Qd] [9s]
perten: checks
Chessnok: bets $6
perten: calls $6
*** RIVER *** [6s Tc Qd 9s] [5d]
perten: checks
Chessnok: checks
*** SHOW DOWN ***
perten: shows [7s 9h] (a pair of Nines)
Chessnok: mucks hand
perten collected $29.50 from pot
*** SUMMARY ***
Total pot $30 | Rake $0.50
Board [6s Tc Qd 9s 5d]
Seat 3: perten (big blind) showed [7s 9h] and won ($29.50) with a pair of Nines
Seat 6: Chessnok (button) (small blind) mucked


PokerStars Hand #172949014188:  Hold'em Limit ($3/$6 USD) - 2017/07/12 16:03:42 ET
Table 'Velleda II' 6-max Seat #4 is the button
Seat 3: aleks_4ym ($172.30 in chips)
Seat 4: B_loJkl ($160.76 in chips)
B_loJkl: posts small blind $1
juswnttoplay leaves the table
aleks_4ym: posts big blind $3
*** HOLE CARDS ***
B_loJkl: raises $3 to $6
aleks_4ym: folds
Uncalled bet ($3) returned to B_loJkl
B_loJkl collected $6 from pot
B_loJkl: doesn't show hand
*** SUMMARY ***
Total pot $6 | Rake $0
Seat 3: aleks_4ym (big blind) folded before Flop
Seat 4: B_loJkl (button) (small blind) collected ($6)


PokerStars Hand #172949030683:  Hold'em Limit ($3/$6 USD) - 2017/07/12 16:04:01 ET
Table 'Velleda II' 6-max Seat #3 is the button
Seat 3: aleks_4ym ($169.30 in chips)
Seat 4: B_loJkl ($163.76 in chips)
aleks_4ym: posts small blind $1
B_loJkl: posts big blind $3
*** HOLE CARDS ***
aleks_4ym: raises $3 to $6
B_loJkl: folds
Uncalled bet ($3) returned to aleks_4ym
aleks_4ym collected $6 from pot
aleks_4ym: doesn't show hand
*** SUMMARY ***
Total pot $6 | Rake $0
Seat 3: aleks_4ym (button) (small blind) collected ($6)
Seat 4: B_loJkl (big blind) folded before Flop


