PokerStars Hand #149153933873:  Hold'em Limit ($3/$6 USD) - 2016/02/20 21:29:55 ET
Table 'Venetia II' 6-max Seat #1 is the button
Seat 1: Brama Br ($137.50 in chips)
Seat 3: seurtje ($102 in chips)
Brama Br: posts small blind $1
seurtje: posts big blind $3
*** HOLE CARDS ***
Brama Br: raises $3 to $6
seurtje: calls $3
*** FLOP *** [8d 7d 4s]
seurtje: checks
Brama Br: checks
*** TURN *** [8d 7d 4s] [As]
seurtje: bets $6
Brama Br: folds
Uncalled bet ($6) returned to seurtje
seurtje collected $11.76 from pot
*** SUMMARY ***
Total pot $12 | Rake $0.24
Board [8d 7d 4s As]
Seat 1: Brama Br (button) (small blind) folded on the Turn
Seat 3: seurtje (big blind) collected ($11.76)


PokerStars Hand #149153928558:  Hold'em Limit ($3/$6 USD) - 2016/02/20 21:29:43 ET
Table 'Venetia II' 6-max Seat #3 is the button
Seat 1: Brama Br ($140.50 in chips)
Seat 3: seurtje ($99 in chips)
seurtje: posts small blind $1
Brama Br: posts big blind $3
*** HOLE CARDS ***
seurtje: raises $3 to $6
Brama Br: folds
Uncalled bet ($3) returned to seurtje
seurtje collected $6 from pot
*** SUMMARY ***
Total pot $6 | Rake $0
Seat 1: Brama Br (big blind) folded before Flop
Seat 3: seurtje (button) (small blind) collected ($6)


PokerStars Hand #149153915858:  Hold'em Limit ($3/$6 USD) - 2016/02/20 21:29:16 ET
Table 'Venetia II' 6-max Seat #1 is the button
Seat 1: Brama Br ($120 in chips)
Seat 3: seurtje ($120 in chips)
Brama Br: posts small blind $1
seurtje: posts big blind $3
*** HOLE CARDS ***
Brama Br: raises $3 to $6
seurtje: calls $3
*** FLOP *** [5d 7c Jd]
seurtje: bets $3
Brama Br: calls $3
*** TURN *** [5d 7c Jd] [3d]
seurtje: bets $6
Brama Br: calls $6
*** RIVER *** [5d 7c Jd 3d] [Ad]
seurtje: bets $6
Brama Br: calls $6
*** SHOW DOWN ***
seurtje: shows [Ac 2h] (a pair of Aces)
Brama Br: shows [Td 9s] (a flush, Ace high)
Brama Br collected $41.50 from pot
*** SUMMARY ***
Total pot $42 | Rake $0.50
Board [5d 7c Jd 3d Ad]
Seat 1: Brama Br (button) (small blind) showed [Td 9s] and won ($41.50) with a flush, Ace high
Seat 3: seurtje (big blind) showed [Ac 2h] and lost with a pair of Aces


PokerStars Hand #149153961190:  Hold'em Limit ($3/$6 USD) - 2016/02/20 21:30:54 ET
Table 'Venetia II' 6-max Seat #3 is the button
Seat 1: Brama Br ($146 in chips)
Seat 3: seurtje ($92.28 in chips)
seurtje: posts small blind $1
Brama Br: posts big blind $3
*** HOLE CARDS ***
seurtje: raises $3 to $6
Brama Br: calls $3
*** FLOP *** [Jd Jc 8c]
Brama Br: checks
seurtje: bets $3
Brama Br: calls $3
*** TURN *** [Jd Jc 8c] [4c]
Brama Br: checks
seurtje: bets $6
Brama Br: folds
Uncalled bet ($6) returned to seurtje
seurtje collected $17.64 from pot
*** SUMMARY ***
Total pot $18 | Rake $0.36
Board [Jd Jc 8c 4c]
Seat 1: Brama Br (big blind) folded on the Turn
Seat 3: seurtje (button) (small blind) collected ($17.64)


PokerStars Hand #149153951133:  Hold'em Limit ($3/$6 USD) - 2016/02/20 21:30:32 ET
Table 'Venetia II' 6-max Seat #1 is the button
Seat 1: Brama Br ($119.50 in chips)
Seat 3: seurtje ($119.28 in chips)
Brama Br: posts small blind $1
seurtje: posts big blind $3
*** HOLE CARDS ***
Brama Br: raises $3 to $6
seurtje: calls $3
*** FLOP *** [7h 5d 4d]
seurtje: bets $3
Brama Br: calls $3
*** TURN *** [7h 5d 4d] [9h]
seurtje: bets $6
Brama Br: raises $6 to $12
seurtje: calls $6
*** RIVER *** [7h 5d 4d 9h] [6c]
seurtje: bets $6
Brama Br: raises $6 to $12
seurtje: folds
Uncalled bet ($6) returned to Brama Br
Brama Br collected $53.50 from pot
Brama Br: doesn't show hand
*** SUMMARY ***
Total pot $54 | Rake $0.50
Board [7h 5d 4d 9h 6c]
Seat 1: Brama Br (button) (small blind) collected ($53.50)
Seat 3: seurtje (big blind) folded on the River


PokerStars Hand #149153941092:  Hold'em Limit ($3/$6 USD) - 2016/02/20 21:30:10 ET
Table 'Venetia II' 6-max Seat #3 is the button
Seat 1: Brama Br ($131.50 in chips)
Seat 3: seurtje ($107.76 in chips)
seurtje: posts small blind $1
Brama Br: posts big blind $3
*** HOLE CARDS ***
seurtje: calls $2
Brama Br: checks
*** FLOP *** [8h As 4c]
Brama Br: bets $3
seurtje: calls $3
*** TURN *** [8h As 4c] [9h]
Brama Br: bets $6
seurtje: raises $6 to $12
Brama Br: folds
Uncalled bet ($6) returned to seurtje
seurtje collected $23.52 from pot
*** SUMMARY ***
Total pot $24 | Rake $0.48
Board [8h As 4c 9h]
Seat 1: Brama Br (big blind) folded on the Turn
Seat 3: seurtje (button) (small blind) collected ($23.52)


PokerStars Hand #149153984452:  Hold'em Limit ($3/$6 USD) - 2016/02/20 21:31:46 ET
Table 'Venetia II' 6-max Seat #1 is the button
Seat 1: Brama Br ($136.76 in chips)
Seat 3: seurtje ($100.68 in chips)
Brama Br: posts small blind $1
seurtje: posts big blind $3
*** HOLE CARDS ***
Brama Br: calls $2
seurtje: checks
*** FLOP *** [4c 6c 5c]
seurtje: bets $3
Brama Br: calls $3
*** TURN *** [4c 6c 5c] [8h]
seurtje: bets $6
Brama Br: calls $6
*** RIVER *** [4c 6c 5c 8h] [Kc]
seurtje: bets $6
Brama Br: calls $6
*** SHOW DOWN ***
seurtje: shows [8d 9d] (a pair of Eights)
Brama Br: shows [7c Td] (a flush, King high)
Brama Br collected $35.50 from pot
*** SUMMARY ***
Total pot $36 | Rake $0.50
Board [4c 6c 5c 8h Kc]
Seat 1: Brama Br (button) (small blind) showed [7c Td] and won ($35.50) with a flush, King high
Seat 3: seurtje (big blind) showed [8d 9d] and lost with a pair of Eights


PokerStars Hand #149153976410:  Hold'em Limit ($3/$6 USD) - 2016/02/20 21:31:28 ET
Table 'Venetia II' 6-max Seat #3 is the button
Seat 1: Brama Br ($142.76 in chips)
Seat 3: seurtje ($94.92 in chips)
seurtje: posts small blind $1
Brama Br: posts big blind $3
*** HOLE CARDS ***
seurtje: raises $3 to $6
Brama Br: calls $3
*** FLOP *** [6s Js Ad]
Brama Br: checks
seurtje: bets $3
Brama Br: folds
Uncalled bet ($3) returned to seurtje
HAL9QQQ joins the table at seat #4
seurtje collected $11.76 from pot
*** SUMMARY ***
Total pot $12 | Rake $0.24
Board [6s Js Ad]
Seat 1: Brama Br (big blind) folded on the Flop
Seat 3: seurtje (button) (small blind) collected ($11.76)


PokerStars Hand #149153971163:  Hold'em Limit ($3/$6 USD) - 2016/02/20 21:31:17 ET
Table 'Venetia II' 6-max Seat #1 is the button
Seat 1: Brama Br ($137 in chips)
Seat 3: seurtje ($100.92 in chips)
Brama Br: posts small blind $1
seurtje: posts big blind $3
*** HOLE CARDS ***
Brama Br: raises $3 to $6
seurtje: calls $3
*** FLOP *** [8c 6c 2s]
seurtje: checks
Brama Br: bets $3
seurtje: folds
Uncalled bet ($3) returned to Brama Br
Brama Br collected $11.76 from pot
Brama Br: doesn't show hand
*** SUMMARY ***
Total pot $12 | Rake $0.24
Board [8c 6c 2s]
Seat 1: Brama Br (button) (small blind) collected ($11.76)
Seat 3: seurtje (big blind) folded on the Flop


PokerStars Hand #149154042992:  Hold'em Limit ($3/$6 USD) - 2016/02/20 21:33:56 ET
Table 'Venetia II' 6-max Seat #2 is the button
Seat 1: Brama Br ($170.18 in chips)
Seat 2: rodel6919 ($131.46 in chips)
rodel6919: posts small blind $1
HAL9QQQ: is sitting out
Brama Br: posts big blind $3
*** HOLE CARDS ***
rodel6919: raises $3 to $6
Brama Br: folds
Uncalled bet ($3) returned to rodel6919
rodel6919 collected $6 from pot
rodel6919: doesn't show hand
*** SUMMARY ***
Total pot $6 | Rake $0
Seat 1: Brama Br (big blind) folded before Flop
Seat 2: rodel6919 (button) (small blind) collected ($6)


PokerStars Hand #149154028082:  Hold'em Limit ($3/$6 USD) - 2016/02/20 21:33:23 ET
Table 'Venetia II' 6-max Seat #4 is the button
Seat 1: Brama Br ($175.18 in chips)
Seat 4: HAL9QQQ ($120 in chips)
rodel6919 will be allowed to play after the button
HAL9QQQ: posts small blind $1
Brama Br: posts big blind $3
*** HOLE CARDS ***
HAL9QQQ: folds
Uncalled bet ($2) returned to Brama Br
Brama Br collected $2 from pot
Brama Br: doesn't show hand
*** SUMMARY ***
Total pot $2 | Rake $0
Seat 1: Brama Br (big blind) collected ($2)
Seat 4: HAL9QQQ (button) (small blind) folded before Flop


PokerStars Hand #149154073942:  Hold'em Limit ($3/$6 USD) - 2016/02/20 21:35:04 ET
Table 'Venetia II' 6-max Seat #2 is the button
Seat 1: Brama Br ($164 in chips)
Seat 2: rodel6919 ($137.04 in chips)
rodel6919: posts small blind $1
Brama Br: posts big blind $3
*** HOLE CARDS ***
rodel6919: folds
Uncalled bet ($2) returned to Brama Br
Brama Br collected $2 from pot
Brama Br: doesn't show hand
*** SUMMARY ***
Total pot $2 | Rake $0
Seat 1: Brama Br (big blind) collected ($2)
Seat 2: rodel6919 (button) (small blind) folded before Flop


PokerStars Hand #149154070215:  Hold'em Limit ($3/$6 USD) - 2016/02/20 21:34:56 ET
Table 'Venetia II' 6-max Seat #1 is the button
Seat 1: Brama Br ($161 in chips)
Seat 2: rodel6919 ($140.04 in chips)
Brama Br: posts small blind $1
rodel6919: posts big blind $3
*** HOLE CARDS ***
Brama Br: raises $3 to $6
rodel6919: folds
Uncalled bet ($3) returned to Brama Br
Brama Br collected $6 from pot
Brama Br: doesn't show hand
*** SUMMARY ***
Total pot $6 | Rake $0
Seat 1: Brama Br (button) (small blind) collected ($6)
Seat 2: rodel6919 (big blind) folded before Flop


PokerStars Hand #149154060606:  Hold'em Limit ($3/$6 USD) - 2016/02/20 21:34:35 ET
Table 'Venetia II' 6-max Seat #2 is the button
Seat 1: Brama Br ($167 in chips)
Seat 2: rodel6919 ($134.28 in chips)
rodel6919: posts small blind $1
Brama Br: posts big blind $3
*** HOLE CARDS ***
rodel6919: calls $2
Brama Br: checks
*** FLOP *** [8c 2h Kh]
Brama Br: bets $3
rodel6919: calls $3
*** TURN *** [8c 2h Kh] [Jd]
Brama Br: checks
rodel6919: bets $6
Brama Br: folds
Uncalled bet ($6) returned to rodel6919
rodel6919 collected $11.76 from pot
rodel6919: doesn't show hand
*** SUMMARY ***
Total pot $12 | Rake $0.24
Board [8c 2h Kh Jd]
Seat 1: Brama Br (big blind) folded on the Turn
Seat 2: rodel6919 (button) (small blind) collected ($11.76)


PokerStars Hand #149154048078:  Hold'em Limit ($3/$6 USD) - 2016/02/20 21:34:07 ET
Table 'Venetia II' 6-max Seat #1 is the button
Seat 1: Brama Br ($167.18 in chips)
Seat 2: rodel6919 ($134.46 in chips)
Brama Br: posts small blind $1
rodel6919: posts big blind $3
*** HOLE CARDS ***
Brama Br: raises $3 to $6
rodel6919: calls $3
*** FLOP *** [8h 3s 3h]
rodel6919: checks
Brama Br: bets $3
rodel6919: calls $3
*** TURN *** [8h 3s 3h] [6h]
rodel6919: checks
Brama Br: checks
*** RIVER *** [8h 3s 3h 6h] [6d]
rodel6919: checks
Brama Br: checks
*** SHOW DOWN ***
rodel6919: shows [2c Ks] (two pair, Sixes and Threes)
Brama Br: shows [Kh 9d] (two pair, Sixes and Threes)
rodel6919 collected $8.82 from pot
Brama Br collected $8.82 from pot
*** SUMMARY ***
Total pot $18 | Rake $0.36
Board [8h 3s 3h 6h 6d]
Seat 1: Brama Br (button) (small blind) showed [Kh 9d] and won ($8.82) with two pair, Sixes and Threes
Seat 2: rodel6919 (big blind) showed [2c Ks] and won ($8.82) with two pair, Sixes and Threes


PokerStars Hand #149154097786:  Hold'em Limit ($3/$6 USD) - 2016/02/20 21:35:57 ET
Table 'Venetia II' 6-max Seat #1 is the button
Seat 1: Brama Br ($144 in chips)
Seat 2: rodel6919 ($156.20 in chips)
Brama Br: posts small blind $1
rodel6919: posts big blind $3
*** HOLE CARDS ***
Brama Br: raises $3 to $6
rodel6919: calls $3
*** FLOP *** [Ks 6h 8h]
rodel6919: checks
Brama Br: bets $3
rodel6919: folds
Uncalled bet ($3) returned to Brama Br
Brama Br collected $11.76 from pot
Brama Br: doesn't show hand
*** SUMMARY ***
Total pot $12 | Rake $0.24
Board [Ks 6h 8h]
Seat 1: Brama Br (button) (small blind) collected ($11.76)
Seat 2: rodel6919 (big blind) folded on the Flop


PokerStars Hand #149154083667:  Hold'em Limit ($3/$6 USD) - 2016/02/20 21:35:26 ET
Table 'Venetia II' 6-max Seat #2 is the button
Seat 1: Brama Br ($156 in chips)
Seat 2: rodel6919 ($144.68 in chips)
rodel6919: posts small blind $1
Brama Br: posts big blind $3
*** HOLE CARDS ***
rodel6919: calls $2
Brama Br: raises $3 to $6
rodel6919: raises $3 to $9
Brama Br: calls $3
*** FLOP *** [9s Jh 5c]
Brama Br: checks
rodel6919: bets $3
Brama Br: calls $3
*** TURN *** [9s Jh 5c] [4s]
Brama Br: checks
rodel6919: checks
*** RIVER *** [9s Jh 5c 4s] [7s]
Brama Br: checks
rodel6919: checks
*** SHOW DOWN ***
Brama Br: shows [Qd Kd] (high card King)
rodel6919: shows [Ac Th] (high card Ace)
rodel6919 collected $23.52 from pot
*** SUMMARY ***
Total pot $24 | Rake $0.48
Board [9s Jh 5c 4s 7s]
Seat 1: Brama Br (big blind) showed [Qd Kd] and lost with high card King
Seat 2: rodel6919 (button) (small blind) showed [Ac Th] and won ($23.52) with high card Ace


PokerStars Hand #149154076440:  Hold'em Limit ($3/$6 USD) - 2016/02/20 21:35:10 ET
Table 'Venetia II' 6-max Seat #1 is the button
Seat 1: Brama Br ($165 in chips)
Seat 2: rodel6919 ($136.04 in chips)
Brama Br: posts small blind $1
rodel6919: posts big blind $3
*** HOLE CARDS ***
Brama Br: raises $3 to $6
rodel6919: raises $3 to $9
Brama Br: calls $3
*** FLOP *** [3h 9s Ks]
rodel6919: bets $3
Brama Br: folds
Uncalled bet ($3) returned to rodel6919
rodel6919 collected $17.64 from pot
rodel6919: doesn't show hand
*** SUMMARY ***
Total pot $18 | Rake $0.36
Board [3h 9s Ks]
Seat 1: Brama Br (button) (small blind) folded on the Flop
Seat 2: rodel6919 (big blind) collected ($17.64)


PokerStars Hand #149154114816:  Hold'em Limit ($3/$6 USD) - 2016/02/20 21:36:35 ET
Table 'Venetia II' 6-max Seat #1 is the button
Seat 1: Brama Br ($131.76 in chips)
Seat 2: rodel6919 ($167.70 in chips)
Brama Br: posts small blind $1
rodel6919: posts big blind $3
*** HOLE CARDS ***
Brama Br: folds
Uncalled bet ($2) returned to rodel6919
rodel6919 collected $2 from pot
rodel6919: doesn't show hand
*** SUMMARY ***
Total pot $2 | Rake $0
Seat 1: Brama Br (button) (small blind) folded before Flop
Seat 2: rodel6919 (big blind) collected ($2)


PokerStars Hand #149154103988:  Hold'em Limit ($3/$6 USD) - 2016/02/20 21:36:11 ET
Table 'Venetia II' 6-max Seat #2 is the button
Seat 1: Brama Br ($149.76 in chips)
Seat 2: rodel6919 ($150.20 in chips)
rodel6919: posts small blind $1
Brama Br: posts big blind $3
*** HOLE CARDS ***
rodel6919: calls $2
Brama Br: checks
*** FLOP *** [3c 6c 7c]
Brama Br: bets $3
rodel6919: calls $3
*** TURN *** [3c 6c 7c] [4d]
Brama Br: bets $6
rodel6919: calls $6
*** RIVER *** [3c 6c 7c 4d] [4c]
Brama Br: checks
rodel6919: bets $6
Brama Br: calls $6
*** SHOW DOWN ***
rodel6919: shows [Qc Th] (a flush, Queen high)
Brama Br: mucks hand
rodel6919 collected $35.50 from pot
*** SUMMARY ***
Total pot $36 | Rake $0.50
Board [3c 6c 7c 4d 4c]
Seat 1: Brama Br (big blind) mucked
Seat 2: rodel6919 (button) (small blind) showed [Qc Th] and won ($35.50) with a flush, Queen high


PokerStars Hand #149155338195:  Hold'em Limit ($3/$6 USD) - 2016/02/20 22:26:11 ET
Table 'Venetia II' 6-max Seat #4 is the button
Seat 3: Velbor107 ($300 in chips)
Seat 4: HAL9QQQ ($278.48 in chips)
HAL9QQQ: posts small blind $1
bugsbubble: is sitting out
oxford44: is sitting out
Velbor107: posts big blind $3
*** HOLE CARDS ***
HAL9QQQ: folds
Uncalled bet ($2) returned to Velbor107
Velbor107 collected $2 from pot
*** SUMMARY ***
Total pot $2 | Rake $0
Seat 3: Velbor107 (big blind) collected ($2)
Seat 4: HAL9QQQ (button) (small blind) folded before Flop


