PokerStars Hand #173035707333:  Hold'em Limit ($3/$6 USD) - 2017/07/14 17:20:25 ET
Table 'Venetia II' 6-max Seat #4 is the button
Seat 3: Capone_TS ($74.55 in chips)
Seat 4: AzureCaper ($81.64 in chips)
AzureCaper: posts small blind $1
Capone_TS: posts big blind $3
*** HOLE CARDS ***
AzureCaper: folds
Uncalled bet ($2) returned to Capone_TS
Capone_TS collected $2 from pot
Capone_TS: doesn't show hand
*** SUMMARY ***
Total pot $2 | Rake $0
Seat 3: Capone_TS (big blind) collected ($2)
Seat 4: AzureCaper (button) (small blind) folded before Flop


PokerStars Hand #173035703947:  Hold'em Limit ($3/$6 USD) - 2017/07/14 17:20:20 ET
Table 'Venetia II' 6-max Seat #3 is the button
Seat 3: Capone_TS ($75.55 in chips)
Seat 4: AzureCaper ($80.64 in chips)
Capone_TS: posts small blind $1
AzureCaper: posts big blind $3
*** HOLE CARDS ***
Capone_TS: folds
Uncalled bet ($2) returned to AzureCaper
AzureCaper collected $2 from pot
AzureCaper: doesn't show hand
*** SUMMARY ***
Total pot $2 | Rake $0
Seat 3: Capone_TS (button) (small blind) folded before Flop
Seat 4: AzureCaper (big blind) collected ($2)


PokerStars Hand #173035693210:  Hold'em Limit ($3/$6 USD) - 2017/07/14 17:20:06 ET
Table 'Venetia II' 6-max Seat #3 is the button
Seat 3: Capone_TS ($75.55 in chips)
Seat 4: AzureCaper ($80.64 in chips)
Capone_TS: posts small blind $1
AzureCaper: posts big blind $3
*** HOLE CARDS ***
Capone_TS: raises $3 to $6
AzureCaper: folds
Uncalled bet ($3) returned to Capone_TS
Capone_TS collected $6 from pot
Capone_TS: doesn't show hand
*** SUMMARY ***
Total pot $6 | Rake $0
Seat 3: Capone_TS (button) (small blind) collected ($6)
Seat 4: AzureCaper (big blind) folded before Flop


PokerStars Hand #173035677605:  Hold'em Limit ($3/$6 USD) - 2017/07/14 17:19:45 ET
Table 'Venetia II' 6-max Seat #4 is the button
Seat 3: Capone_TS ($84.55 in chips)
Seat 4: AzureCaper ($72 in chips)
AzureCaper: posts small blind $1
GoliafUa: is sitting out
Capone_TS: posts big blind $3
*** HOLE CARDS ***
GoliafUa leaves the table
AzureCaper: raises $3 to $6
Capone_TS: calls $3
*** FLOP *** [2c 9c 5d]
Capone_TS: checks
AzureCaper: bets $3
Capone_TS: calls $3
*** TURN *** [2c 9c 5d] [2h]
Capone_TS: checks
AzureCaper: bets $6
Capone_TS: folds
Uncalled bet ($6) returned to AzureCaper
AzureCaper collected $17.64 from pot
AzureCaper: doesn't show hand
*** SUMMARY ***
Total pot $18 | Rake $0.36
Board [2c 9c 5d 2h]
Seat 3: Capone_TS (big blind) folded on the Turn
Seat 4: AzureCaper (button) (small blind) collected ($17.64)


PokerStars Hand #173035697187:  Hold'em Limit ($3/$6 USD) - 2017/07/14 17:20:11 ET
Table 'Venetia II' 6-max Seat #4 is the button
Seat 3: Capone_TS ($78.55 in chips)
Seat 4: AzureCaper ($77.64 in chips)
AzureCaper: posts small blind $1
Capone_TS: posts big blind $3
*** HOLE CARDS ***
AzureCaper: raises $3 to $6
Capone_TS: folds
Uncalled bet ($3) returned to AzureCaper
AzureCaper collected $6 from pot
AzureCaper: doesn't show hand
*** SUMMARY ***
Total pot $6 | Rake $0
Seat 3: Capone_TS (big blind) folded before Flop
Seat 4: AzureCaper (button) (small blind) collected ($6)


PokerStars Hand #173035714687:  Hold'em Limit ($3/$6 USD) - 2017/07/14 17:20:35 ET
Table 'Venetia II' 6-max Seat #4 is the button
Seat 3: Capone_TS ($78.55 in chips)
Seat 4: AzureCaper ($77.64 in chips)
AzureCaper: posts small blind $1
Capone_TS: posts big blind $3
*** HOLE CARDS ***
AzureCaper: raises $3 to $6
Capone_TS: folds
Uncalled bet ($3) returned to AzureCaper
AzureCaper collected $6 from pot
AzureCaper: doesn't show hand
*** SUMMARY ***
Total pot $6 | Rake $0
Seat 3: Capone_TS (big blind) folded before Flop
Seat 4: AzureCaper (button) (small blind) collected ($6)


PokerStars Hand #173035710686:  Hold'em Limit ($3/$6 USD) - 2017/07/14 17:20:29 ET
Table 'Venetia II' 6-max Seat #3 is the button
Seat 3: Capone_TS ($75.55 in chips)
Seat 4: AzureCaper ($80.64 in chips)
Capone_TS: posts small blind $1
AzureCaper: posts big blind $3
*** HOLE CARDS ***
Capone_TS: raises $3 to $6
AzureCaper: folds
Uncalled bet ($3) returned to Capone_TS
Capone_TS collected $6 from pot
Capone_TS: doesn't show hand
*** SUMMARY ***
Total pot $6 | Rake $0
Seat 3: Capone_TS (button) (small blind) collected ($6)
Seat 4: AzureCaper (big blind) folded before Flop


PokerStars Hand #173035721930:  Hold'em Limit ($3/$6 USD) - 2017/07/14 17:20:44 ET
Table 'Venetia II' 6-max Seat #4 is the button
Seat 3: Capone_TS ($74.55 in chips)
Seat 4: AzureCaper ($81.64 in chips)
AzureCaper: posts small blind $1
Capone_TS: posts big blind $3
*** HOLE CARDS ***
AzureCaper: folds
Uncalled bet ($2) returned to Capone_TS
Capone_TS collected $2 from pot
Capone_TS: doesn't show hand
*** SUMMARY ***
Total pot $2 | Rake $0
Seat 3: Capone_TS (big blind) collected ($2)
Seat 4: AzureCaper (button) (small blind) folded before Flop


PokerStars Hand #173035718799:  Hold'em Limit ($3/$6 USD) - 2017/07/14 17:20:40 ET
Table 'Venetia II' 6-max Seat #3 is the button
Seat 3: Capone_TS ($75.55 in chips)
Seat 4: AzureCaper ($80.64 in chips)
Capone_TS: posts small blind $1
AzureCaper: posts big blind $3
*** HOLE CARDS ***
Capone_TS: folds
Uncalled bet ($2) returned to AzureCaper
AzureCaper collected $2 from pot
AzureCaper: doesn't show hand
*** SUMMARY ***
Total pot $2 | Rake $0
Seat 3: Capone_TS (button) (small blind) folded before Flop
Seat 4: AzureCaper (big blind) collected ($2)


PokerStars Hand #173035747894:  Hold'em Limit ($3/$6 USD) - 2017/07/14 17:21:19 ET
Table 'Venetia II' 6-max Seat #4 is the button
Seat 3: Capone_TS ($56.55 in chips)
Seat 4: AzureCaper ($98.92 in chips)
AzureCaper: posts small blind $1
Capone_TS: posts big blind $3
*** HOLE CARDS ***
AzureCaper: folds
Uncalled bet ($2) returned to Capone_TS
Capone_TS collected $2 from pot
Capone_TS: doesn't show hand
*** SUMMARY ***
Total pot $2 | Rake $0
Seat 3: Capone_TS (big blind) collected ($2)
Seat 4: AzureCaper (button) (small blind) folded before Flop


PokerStars Hand #173035725314:  Hold'em Limit ($3/$6 USD) - 2017/07/14 17:20:49 ET
Table 'Venetia II' 6-max Seat #3 is the button
Seat 3: Capone_TS ($75.55 in chips)
Seat 4: AzureCaper ($80.64 in chips)
Capone_TS: posts small blind $1
AzureCaper: posts big blind $3
*** HOLE CARDS ***
Capone_TS: raises $3 to $6
AzureCaper: raises $3 to $9
Capone_TS: calls $3
*** FLOP *** [7c 7d Jc]
AzureCaper: bets $3
Capone_TS: calls $3
*** TURN *** [7c 7d Jc] [Ks]
AzureCaper: bets $6
Capone_TS: folds
Uncalled bet ($6) returned to AzureCaper
AzureCaper collected $23.52 from pot
AzureCaper: doesn't show hand
*** SUMMARY ***
Total pot $24 | Rake $0.48
Board [7c 7d Jc Ks]
Seat 3: Capone_TS (button) (small blind) folded on the Turn
Seat 4: AzureCaper (big blind) collected ($23.52)


PokerStars Hand #173035744675:  Hold'em Limit ($3/$6 USD) - 2017/07/14 17:21:15 ET
Table 'Venetia II' 6-max Seat #3 is the button
Seat 3: Capone_TS ($57.55 in chips)
Seat 4: AzureCaper ($97.92 in chips)
Capone_TS: posts small blind $1
AzureCaper: posts big blind $3
*** HOLE CARDS ***
Capone_TS: folds
Uncalled bet ($2) returned to AzureCaper
AzureCaper collected $2 from pot
AzureCaper: doesn't show hand
*** SUMMARY ***
Total pot $2 | Rake $0
Seat 3: Capone_TS (button) (small blind) folded before Flop
Seat 4: AzureCaper (big blind) collected ($2)


PokerStars Hand #173035736524:  Hold'em Limit ($3/$6 USD) - 2017/07/14 17:21:04 ET
Table 'Venetia II' 6-max Seat #4 is the button
Seat 3: Capone_TS ($63.55 in chips)
Seat 4: AzureCaper ($92.16 in chips)
AzureCaper: posts small blind $1
Capone_TS: posts big blind $3
*** HOLE CARDS ***
AzureCaper: raises $3 to $6
Capone_TS: calls $3
*** FLOP *** [Js 4c Qc]
Capone_TS: checks
AzureCaper: bets $3
Capone_TS: folds
Uncalled bet ($3) returned to AzureCaper
AzureCaper collected $11.76 from pot
AzureCaper: doesn't show hand
*** SUMMARY ***
Total pot $12 | Rake $0.24
Board [Js 4c Qc]
Seat 3: Capone_TS (big blind) folded on the Flop
Seat 4: AzureCaper (button) (small blind) collected ($11.76)


PokerStars Hand #173035751036:  Hold'em Limit ($3/$6 USD) - 2017/07/14 17:21:23 ET
Table 'Venetia II' 6-max Seat #3 is the button
Seat 3: Capone_TS ($57.55 in chips)
Seat 4: AzureCaper ($97.92 in chips)
Capone_TS: posts small blind $1
AzureCaper: posts big blind $3
*** HOLE CARDS ***
Capone_TS: raises $3 to $6
AzureCaper: calls $3
*** FLOP *** [3h Ac Kh]
AzureCaper: checks
Capone_TS: bets $3
AzureCaper: folds
Uncalled bet ($3) returned to Capone_TS
Capone_TS collected $11.76 from pot
Capone_TS: doesn't show hand
*** SUMMARY ***
Total pot $12 | Rake $0.24
Board [3h Ac Kh]
Seat 3: Capone_TS (button) (small blind) collected ($11.76)
Seat 4: AzureCaper (big blind) folded on the Flop


PokerStars Hand #173035767427:  Hold'em Limit ($3/$6 USD) - 2017/07/14 17:21:45 ET
Table 'Venetia II' 6-max Seat #3 is the button
Seat 3: Capone_TS ($64.31 in chips)
Seat 4: AzureCaper ($90.92 in chips)
Capone_TS: posts small blind $1
AzureCaper: posts big blind $3
*** HOLE CARDS ***
oregordog joins the table at seat #5
Capone_TS: folds
Uncalled bet ($2) returned to AzureCaper
AzureCaper collected $2 from pot
AzureCaper: doesn't show hand
*** SUMMARY ***
Total pot $2 | Rake $0
Seat 3: Capone_TS (button) (small blind) folded before Flop
Seat 4: AzureCaper (big blind) collected ($2)


PokerStars Hand #173035762632:  Hold'em Limit ($3/$6 USD) - 2017/07/14 17:21:39 ET
Table 'Venetia II' 6-max Seat #4 is the button
Seat 3: Capone_TS ($63.31 in chips)
Seat 4: AzureCaper ($91.92 in chips)
AzureCaper: posts small blind $1
Capone_TS: posts big blind $3
*** HOLE CARDS ***
AzureCaper: folds
Uncalled bet ($2) returned to Capone_TS
Capone_TS collected $2 from pot
Capone_TS: doesn't show hand
*** SUMMARY ***
Total pot $2 | Rake $0
Seat 3: Capone_TS (big blind) collected ($2)
Seat 4: AzureCaper (button) (small blind) folded before Flop


