PokerStars Hand #153673972675:  Hold'em Limit ($3/$6 USD) - 2016/05/22 8:01:13 ET
Table 'Venusia II' 6-max Seat #3 is the button
Seat 3: angelique-s1 ($55.41 in chips)
Seat 4: TbIP-TbIP 88 ($72 in chips)
angelique-s1: posts small blind $1
TbIP-TbIP 88: posts big blind $3
*** HOLE CARDS ***
angelique-s1: raises $3 to $6
TbIP-TbIP 88: calls $3
*** FLOP *** [Kh 5c Kd]
TbIP-TbIP 88: checks
angelique-s1: bets $3
TbIP-TbIP 88: calls $3
*** TURN *** [Kh 5c Kd] [3c]
TbIP-TbIP 88: checks
angelique-s1: bets $6
TbIP-TbIP 88: calls $6
*** RIVER *** [Kh 5c Kd 3c] [Qd]
TbIP-TbIP 88: checks
angelique-s1: bets $6
TbIP-TbIP 88: calls $6
*** SHOW DOWN ***
angelique-s1: shows [Ts 8d] (a pair of Kings)
TbIP-TbIP 88: shows [Ad 6c] (a pair of Kings - Ace kicker)
TbIP-TbIP 88 collected $41.50 from pot
*** SUMMARY ***
Total pot $42 | Rake $0.50
Board [Kh 5c Kd 3c Qd]
Seat 3: angelique-s1 (button) (small blind) showed [Ts 8d] and lost with a pair of Kings
Seat 4: TbIP-TbIP 88 (big blind) showed [Ad 6c] and won ($41.50) with a pair of Kings


PokerStars Hand #153674009715:  Hold'em Limit ($3/$6 USD) - 2016/05/22 8:02:22 ET
Table 'Venusia II' 6-max Seat #4 is the button
Seat 3: angelique-s1 ($29.41 in chips)
Seat 4: TbIP-TbIP 88 ($97.26 in chips)
TbIP-TbIP 88: posts small blind $1
angelique-s1: posts big blind $3
*** HOLE CARDS ***
TbIP-TbIP 88: folds
Uncalled bet ($2) returned to angelique-s1
angelique-s1 collected $2 from pot
angelique-s1: doesn't show hand
*** SUMMARY ***
Total pot $2 | Rake $0
Seat 3: angelique-s1 (big blind) collected ($2)
Seat 4: TbIP-TbIP 88 (button) (small blind) folded before Flop


PokerStars Hand #153673998424:  Hold'em Limit ($3/$6 USD) - 2016/05/22 8:02:01 ET
Table 'Venusia II' 6-max Seat #3 is the button
Seat 3: angelique-s1 ($35.41 in chips)
Seat 4: TbIP-TbIP 88 ($91.50 in chips)
angelique-s1: posts small blind $1
TbIP-TbIP 88: posts big blind $3
*** HOLE CARDS ***
angelique-s1: raises $3 to $6
TbIP-TbIP 88: calls $3
*** FLOP *** [2h 4c 9d]
TbIP-TbIP 88: checks
angelique-s1: checks
*** TURN *** [2h 4c 9d] [Js]
TbIP-TbIP 88: bets $6
angelique-s1: folds
Uncalled bet ($6) returned to TbIP-TbIP 88
TbIP-TbIP 88 collected $11.76 from pot
TbIP-TbIP 88: doesn't show hand
*** SUMMARY ***
Total pot $12 | Rake $0.24
Board [2h 4c 9d Js]
Seat 3: angelique-s1 (button) (small blind) folded on the Turn
Seat 4: TbIP-TbIP 88 (big blind) collected ($11.76)


PokerStars Hand #153673996038:  Hold'em Limit ($3/$6 USD) - 2016/05/22 8:01:56 ET
Table 'Venusia II' 6-max Seat #4 is the button
Seat 3: angelique-s1 ($34.41 in chips)
Seat 4: TbIP-TbIP 88 ($92.50 in chips)
TbIP-TbIP 88: posts small blind $1
angelique-s1: posts big blind $3
*** HOLE CARDS ***
TbIP-TbIP 88: folds
Uncalled bet ($2) returned to angelique-s1
angelique-s1 collected $2 from pot
angelique-s1: doesn't show hand
*** SUMMARY ***
Total pot $2 | Rake $0
Seat 3: angelique-s1 (big blind) collected ($2)
Seat 4: TbIP-TbIP 88 (button) (small blind) folded before Flop


PokerStars Hand #153674044677:  Hold'em Limit ($3/$6 USD) - 2016/05/22 8:03:26 ET
Table 'Venusia II' 6-max Seat #6 is the button
Seat 3: angelique-s1 ($29.41 in chips)
Seat 6: Pti4ka_Tucan ($49.08 in chips)
Pti4ka_Tucan: posts small blind $1
angelique-s1: posts big blind $3
*** HOLE CARDS ***
Pti4ka_Tucan: raises $3 to $6
angelique-s1: calls $3
*** FLOP *** [6h 5h 4s]
angelique-s1: checks
Pti4ka_Tucan: checks
*** TURN *** [6h 5h 4s] [Th]
angelique-s1: bets $6
Pti4ka_Tucan: calls $6
*** RIVER *** [6h 5h 4s Th] [2s]
angelique-s1: bets $6
Pti4ka_Tucan: calls $6
*** SHOW DOWN ***
angelique-s1: shows [7d 5d] (a pair of Fives)
Pti4ka_Tucan: mucks hand
angelique-s1 collected $35.50 from pot
*** SUMMARY ***
Total pot $36 | Rake $0.50
Board [6h 5h 4s Th 2s]
Seat 3: angelique-s1 (big blind) showed [7d 5d] and won ($35.50) with a pair of Fives
Seat 6: Pti4ka_Tucan (button) (small blind) mucked


PokerStars Hand #153674040487:  Hold'em Limit ($3/$6 USD) - 2016/05/22 8:03:18 ET
Table 'Venusia II' 6-max Seat #3 is the button
Seat 3: angelique-s1 ($30.41 in chips)
Seat 6: Pti4ka_Tucan ($48.08 in chips)
angelique-s1: posts small blind $1
Pti4ka_Tucan: posts big blind $3
*** HOLE CARDS ***
angelique-s1: folds
Uncalled bet ($2) returned to Pti4ka_Tucan
Pti4ka_Tucan collected $2 from pot
Pti4ka_Tucan: doesn't show hand
*** SUMMARY ***
Total pot $2 | Rake $0
Seat 3: angelique-s1 (button) (small blind) folded before Flop
Seat 6: Pti4ka_Tucan (big blind) collected ($2)


PokerStars Hand #153674144178:  Hold'em Limit ($3/$6 USD) - 2016/05/22 8:06:25 ET
Table 'Venusia II' 6-max Seat #6 is the button
Seat 5: gracetime ($99.93 in chips)
Seat 6: Pti4ka_Tucan ($93.09 in chips)
Pti4ka_Tucan: posts small blind $1
gracetime: posts big blind $3
*** HOLE CARDS ***
Pti4ka_Tucan: raises $3 to $6
gracetime: calls $3
*** FLOP *** [Qc 9d 2d]
gracetime: checks
Pti4ka_Tucan: bets $3
angelique-s1 said, "omg"
gracetime: folds
Uncalled bet ($3) returned to Pti4ka_Tucan
Pti4ka_Tucan collected $11.76 from pot
Pti4ka_Tucan: doesn't show hand
angelique-s1 said, "fishes"
*** SUMMARY ***
Total pot $12 | Rake $0.24
Board [Qc 9d 2d]
Seat 5: gracetime (big blind) folded on the Flop
Seat 6: Pti4ka_Tucan (button) (small blind) collected ($11.76)


