PokerStars Hand #169963658302:  Hold'em Limit ($3/$6 USD) - 2017/05/04 18:59:55 ET
Table 'Venus' 6-max Seat #2 is the button
Seat 1: Allegro75 ($95.50 in chips)
Seat 2: SANKO2009 ($75.65 in chips)
SANKO2009: posts small blind $1
Allegro75: posts big blind $3
*** HOLE CARDS ***
SANKO2009: raises $3 to $6
Allegro75: raises $3 to $9
SANKO2009: calls $3
*** FLOP *** [4c Ac 6d]
Allegro75: bets $3
SANKO2009: folds
Uncalled bet ($3) returned to Allegro75
Allegro75 collected $17.64 from pot
Allegro75: doesn't show hand
*** SUMMARY ***
Total pot $18 | Rake $0.36
Board [4c Ac 6d]
Seat 1: Allegro75 (big blind) collected ($17.64)
Seat 2: SANKO2009 (button) (small blind) folded on the Flop


PokerStars Hand #169963636311:  Hold'em Limit ($3/$6 USD) - 2017/05/04 18:59:15 ET
Table 'Venus' 6-max Seat #1 is the button
Seat 1: Allegro75 ($72 in chips)
Seat 2: SANKO2009 ($99.65 in chips)
Allegro75: posts small blind $1
SANKO2009: posts big blind $3
*** HOLE CARDS ***
Allegro75: raises $3 to $6
SANKO2009: calls $3
*** FLOP *** [5c 7c Jc]
SANKO2009: checks
Allegro75: bets $3
SANKO2009: raises $3 to $6
Allegro75: calls $3
*** TURN *** [5c 7c Jc] [Jh]
SANKO2009: bets $6
Allegro75: calls $6
*** RIVER *** [5c 7c Jc Jh] [Ks]
SANKO2009: bets $6
Allegro75: calls $6
*** SHOW DOWN ***
SANKO2009: shows [6h Td] (a pair of Jacks)
Allegro75: shows [8d Kd] (two pair, Kings and Jacks)
Allegro75 collected $47.50 from pot
*** SUMMARY ***
Total pot $48 | Rake $0.50
Board [5c 7c Jc Jh Ks]
Seat 1: Allegro75 (button) (small blind) showed [8d Kd] and won ($47.50) with two pair, Kings and Jacks
Seat 2: SANKO2009 (big blind) showed [6h Td] and lost with a pair of Jacks


PokerStars Hand #169963676724:  Hold'em Limit ($3/$6 USD) - 2017/05/04 19:00:16 ET
Table 'Venus' 6-max Seat #1 is the button
Seat 1: Allegro75 ($104.14 in chips)
Seat 2: SANKO2009 ($66.65 in chips)
Allegro75: posts small blind $1
SANKO2009: posts big blind $3
*** HOLE CARDS ***
Allegro75: raises $3 to $6
SANKO2009: raises $3 to $9
Allegro75: calls $3
*** FLOP *** [3h Ts Js]
SANKO2009: checks
Allegro75: bets $3
SANKO2009: calls $3
*** TURN *** [3h Ts Js] [2d]
SANKO2009: checks
Allegro75: bets $6
SANKO2009: calls $6
*** RIVER *** [3h Ts Js 2d] [Tc]
SANKO2009: checks
Allegro75: bets $6
SANKO2009: calls $6
*** SHOW DOWN ***
Allegro75: shows [3c Qh] (two pair, Tens and Threes)
SANKO2009: shows [4s 4d] (two pair, Tens and Fours)
SANKO2009 collected $47.50 from pot
*** SUMMARY ***
Total pot $48 | Rake $0.50
Board [3h Ts Js 2d Tc]
Seat 1: Allegro75 (button) (small blind) showed [3c Qh] and lost with two pair, Tens and Threes
Seat 2: SANKO2009 (big blind) showed [4s 4d] and won ($47.50) with two pair, Tens and Fours


