PokerStars Hand #163578233402:  Hold'em Limit ($3/$6 USD) - 2016/12/26 18:42:33 ET
Table 'Venus' 6-max Seat #3 is the button
Seat 3: sienvan ($72 in chips)
Seat 4: vestimokrec ($120 in chips)
sienvan: posts small blind $1
vestimokrec: posts big blind $3
*** HOLE CARDS ***
sienvan: folds
Uncalled bet ($2) returned to vestimokrec
vestimokrec collected $2 from pot
vestimokrec: doesn't show hand
*** SUMMARY ***
Total pot $2 | Rake $0
Seat 3: sienvan (button) (small blind) folded before Flop
Seat 4: vestimokrec (big blind) collected ($2)


PokerStars Hand #163578245187:  Hold'em Limit ($3/$6 USD) - 2016/12/26 18:42:47 ET
Table 'Venus' 6-max Seat #3 is the button
Seat 3: sienvan ($72 in chips)
Seat 4: vestimokrec ($120 in chips)
sienvan: posts small blind $1
vestimokrec: posts big blind $3
*** HOLE CARDS ***
sienvan: folds
Uncalled bet ($2) returned to vestimokrec
vestimokrec collected $2 from pot
vestimokrec: doesn't show hand
*** SUMMARY ***
Total pot $2 | Rake $0
Seat 3: sienvan (button) (small blind) folded before Flop
Seat 4: vestimokrec (big blind) collected ($2)


PokerStars Hand #163578241677:  Hold'em Limit ($3/$6 USD) - 2016/12/26 18:42:43 ET
Table 'Venus' 6-max Seat #4 is the button
Seat 3: sienvan ($71 in chips)
Seat 4: vestimokrec ($121 in chips)
vestimokrec: posts small blind $1
sienvan: posts big blind $3
*** HOLE CARDS ***
vestimokrec: folds
Uncalled bet ($2) returned to sienvan
sienvan collected $2 from pot
sienvan: doesn't show hand
*** SUMMARY ***
Total pot $2 | Rake $0
Seat 3: sienvan (big blind) collected ($2)
Seat 4: vestimokrec (button) (small blind) folded before Flop


PokerStars Hand #163578249048:  Hold'em Limit ($3/$6 USD) - 2016/12/26 18:42:51 ET
Table 'Venus' 6-max Seat #4 is the button
Seat 3: sienvan ($71 in chips)
Seat 4: vestimokrec ($121 in chips)
vestimokrec: posts small blind $1
sienvan: posts big blind $3
*** HOLE CARDS ***
vestimokrec: raises $3 to $6
sienvan: raises $3 to $9
vestimokrec: calls $3
*** FLOP *** [Qd 2h 8h]
sienvan: bets $3
vestimokrec: folds
Uncalled bet ($3) returned to sienvan
sienvan collected $17.64 from pot
sienvan: doesn't show hand
*** SUMMARY ***
Total pot $18 | Rake $0.36
Board [Qd 2h 8h]
Seat 3: sienvan (big blind) collected ($17.64)
Seat 4: vestimokrec (button) (small blind) folded on the Flop


PokerStars Hand #163578273867:  Hold'em Limit ($3/$6 USD) - 2016/12/26 18:43:20 ET
Table 'Venus' 6-max Seat #3 is the button
Seat 3: sienvan ($79.64 in chips)
Seat 4: vestimokrec ($112 in chips)
sienvan: posts small blind $1
vestimokrec: posts big blind $3
*** HOLE CARDS ***
sienvan: raises $3 to $6
vestimokrec: calls $3
*** FLOP *** [2h Js 4d]
vestimokrec: checks
sienvan: bets $3
vestimokrec: calls $3
*** TURN *** [2h Js 4d] [7h]
vestimokrec: checks
LWNS joins the table at seat #6
sienvan: bets $6
vestimokrec: calls $6
*** RIVER *** [2h Js 4d 7h] [Jc]
GoliafUa leaves the table
vestimokrec: checks
sienvan: bets $6
vestimokrec: calls $6
*** SHOW DOWN ***
sienvan: shows [5h 5d] (two pair, Jacks and Fives)
vestimokrec: mucks hand
sienvan collected $41.50 from pot
*** SUMMARY ***
Total pot $42 | Rake $0.50
Board [2h Js 4d 7h Jc]
Seat 3: sienvan (button) (small blind) showed [5h 5d] and won ($41.50) with two pair, Jacks and Fives
Seat 4: vestimokrec (big blind) mucked


