PokerStars Hand #158526220996:  Hold'em Limit ($3/$6 USD) - 2016/09/12 18:18:04 ET
Table 'Venusia' 6-max Seat #2 is the button
Seat 1: Zubasa07 ($499 in chips)
Seat 2: hairy1961 ($61 in chips)
hairy1961: posts small blind $1
Zubasa07: posts big blind $3
*** HOLE CARDS ***
hairy1961: folds
Uncalled bet ($2) returned to Zubasa07
Zubasa07 collected $2 from pot
Zubasa07: doesn't show hand
*** SUMMARY ***
Total pot $2 | Rake $0
Seat 1: Zubasa07 (big blind) collected ($2)
Seat 2: hairy1961 (button) (small blind) folded before Flop


PokerStars Hand #158526208190:  Hold'em Limit ($3/$6 USD) - 2016/09/12 18:17:47 ET
Table 'Venusia' 6-max Seat #1 is the button
Seat 1: Zubasa07 ($500 in chips)
Seat 2: hairy1961 ($60 in chips)
Zubasa07: posts small blind $1
hairy1961: posts big blind $3
*** HOLE CARDS ***
Zubasa07: folds
Uncalled bet ($2) returned to hairy1961
hairy1961 collected $2 from pot
hairy1961: doesn't show hand
*** SUMMARY ***
Total pot $2 | Rake $0
Seat 1: Zubasa07 (button) (small blind) folded before Flop
Seat 2: hairy1961 (big blind) collected ($2)


PokerStars Hand #158526225090:  Hold'em Limit ($3/$6 USD) - 2016/09/12 18:18:10 ET
Table 'Venusia' 6-max Seat #1 is the button
Seat 1: Zubasa07 ($500 in chips)
Seat 2: hairy1961 ($60 in chips)
Zubasa07: posts small blind $1
hairy1961: posts big blind $3
*** HOLE CARDS ***
Zubasa07: raises $3 to $6
hairy1961: calls $3
*** FLOP *** [9h 8s Ks]
hairy1961: checks
Zubasa07: bets $3
hairy1961: raises $3 to $6
Zubasa07: folds
Uncalled bet ($3) returned to hairy1961
hairy1961 collected $17.64 from pot
hairy1961: doesn't show hand
*** SUMMARY ***
Total pot $18 | Rake $0.36
Board [9h 8s Ks]
Seat 1: Zubasa07 (button) (small blind) folded on the Flop
Seat 2: hairy1961 (big blind) collected ($17.64)


PokerStars Hand #158526239827:  Hold'em Limit ($3/$6 USD) - 2016/09/12 18:18:30 ET
Table 'Venusia' 6-max Seat #2 is the button
Seat 1: Zubasa07 ($491 in chips)
Seat 2: hairy1961 ($68.64 in chips)
hairy1961: posts small blind $1
Zubasa07: posts big blind $3
*** HOLE CARDS ***
hairy1961: raises $3 to $6
Zubasa07: raises $3 to $9
hairy1961: calls $3
*** FLOP *** [9c 7c 2d]
Zubasa07: bets $3
hairy1961: calls $3
*** TURN *** [9c 7c 2d] [5c]
Zubasa07: checks
hairy1961: bets $6
Zubasa07: calls $6
*** RIVER *** [9c 7c 2d 5c] [As]
Zubasa07: checks
hairy1961: bets $6
Zubasa07: calls $6
*** SHOW DOWN ***
hairy1961: shows [Ah 5d] (two pair, Aces and Fives)
Zubasa07: mucks hand
hairy1961 collected $47.50 from pot
*** SUMMARY ***
Total pot $48 | Rake $0.50
Board [9c 7c 2d 5c As]
Seat 1: Zubasa07 (big blind) mucked
Seat 2: hairy1961 (button) (small blind) showed [Ah 5d] and won ($47.50) with two pair, Aces and Fives


PokerStars Hand #158526275767:  Hold'em Limit ($3/$6 USD) - 2016/09/12 18:19:19 ET
Table 'Venusia' 6-max Seat #1 is the button
Seat 1: Zubasa07 ($467 in chips)
Seat 2: hairy1961 ($92.14 in chips)
Zubasa07: posts small blind $1
hairy1961: posts big blind $3
*** HOLE CARDS ***
Zubasa07: raises $3 to $6
hairy1961: folds
Uncalled bet ($3) returned to Zubasa07
Zubasa07 collected $6 from pot
Zubasa07: doesn't show hand
*** SUMMARY ***
Total pot $6 | Rake $0
Seat 1: Zubasa07 (button) (small blind) collected ($6)
Seat 2: hairy1961 (big blind) folded before Flop


PokerStars Hand #158526300009:  Hold'em Limit ($3/$6 USD) - 2016/09/12 18:19:52 ET
Table 'Venusia' 6-max Seat #1 is the button
Seat 1: Zubasa07 ($469.75 in chips)
Seat 2: hairy1961 ($88.89 in chips)
Zubasa07: posts small blind $1
hairy1961: posts big blind $3
*** HOLE CARDS ***
Zubasa07: raises $3 to $6
hairy1961: calls $3
*** FLOP *** [8h 3d 3s]
hairy1961: checks
Zubasa07: checks
*** TURN *** [8h 3d 3s] [Kh]
hairy1961: checks
vestimokrec joins the table at seat #4
Zubasa07: checks
*** RIVER *** [8h 3d 3s Kh] [Qs]
hairy1961: bets $6
Zubasa07: calls $6
*** SHOW DOWN ***
hairy1961: shows [Ks 8d] (two pair, Kings and Eights)
Zubasa07: mucks hand
hairy1961 collected $23.52 from pot
*** SUMMARY ***
Total pot $24 | Rake $0.48
Board [8h 3d 3s Kh Qs]
Seat 1: Zubasa07 (button) (small blind) mucked
Seat 2: hairy1961 (big blind) showed [Ks 8d] and won ($23.52) with two pair, Kings and Eights


PokerStars Hand #158526280743:  Hold'em Limit ($3/$6 USD) - 2016/09/12 18:19:26 ET
Table 'Venusia' 6-max Seat #2 is the button
Seat 1: Zubasa07 ($470 in chips)
Seat 2: hairy1961 ($89.14 in chips)
hairy1961: posts small blind $1
Zubasa07: posts big blind $3
*** HOLE CARDS ***
edweirdodude joins the table at seat #3
hairy1961: raises $3 to $6
Zubasa07: calls $3
*** FLOP *** [2s Qc Qh]
Zubasa07: checks
hairy1961: checks
*** TURN *** [2s Qc Qh] [2h]
Zubasa07: bets $6
hairy1961: calls $6
*** RIVER *** [2s Qc Qh 2h] [4c]
Zubasa07: bets $6
hairy1961: calls $6
*** SHOW DOWN ***
Zubasa07: shows [Ah 3d] (two pair, Queens and Deuces)
hairy1961: shows [Ad Tc] (two pair, Queens and Deuces)
Zubasa07 collected $17.75 from pot
hairy1961 collected $17.75 from pot
*** SUMMARY ***
Total pot $36 | Rake $0.50
Board [2s Qc Qh 2h 4c]
Seat 1: Zubasa07 (big blind) showed [Ah 3d] and won ($17.75) with two pair, Queens and Deuces
Seat 2: hairy1961 (button) (small blind) showed [Ad Tc] and won ($17.75) with two pair, Queens and Deuces


PokerStars Hand #158526336648:  Hold'em Limit ($3/$6 USD) - 2016/09/12 18:20:43 ET
Table 'Venusia' 6-max Seat #2 is the button
Seat 2: hairy1961 ($107.05 in chips)
Seat 3: edweirdodude ($113 in chips)
hairy1961: posts small blind $1
edweirdodude: posts big blind $3
*** HOLE CARDS ***
hairy1961: folds
Uncalled bet ($2) returned to edweirdodude
edweirdodude collected $2 from pot
edweirdodude: doesn't show hand
*** SUMMARY ***
Total pot $2 | Rake $0
Seat 2: hairy1961 (button) (small blind) folded before Flop
Seat 3: edweirdodude (big blind) collected ($2)


PokerStars Hand #158526332569:  Hold'em Limit ($3/$6 USD) - 2016/09/12 18:20:37 ET
Table 'Venusia' 6-max Seat #3 is the button
Seat 2: hairy1961 ($106.05 in chips)
Seat 3: edweirdodude ($114 in chips)
edweirdodude: posts small blind $1
Zubasa07: is sitting out
Zubasa07 leaves the table
hairy1961: posts big blind $3
*** HOLE CARDS ***
edweirdodude: folds
Uncalled bet ($2) returned to hairy1961
hairy1961 collected $2 from pot
hairy1961: doesn't show hand
Zubasa07 joins the table at seat #5
*** SUMMARY ***
Total pot $2 | Rake $0
Seat 2: hairy1961 (big blind) collected ($2)
Seat 3: edweirdodude (button) (small blind) folded before Flop


PokerStars Hand #158527062181:  Hold'em Limit ($3/$6 USD) - 2016/09/12 18:38:07 ET
Table 'Venusia' 6-max Seat #6 is the button
Seat 3: Krazy90 ($146.47 in chips)
Seat 6: wobetting ($58.37 in chips)
wobetting: posts small blind $1
eldanis: is sitting out
Krazy90: posts big blind $3
*** HOLE CARDS ***
wobetting: folds
Uncalled bet ($2) returned to Krazy90
Krazy90 collected $2 from pot
23STERVA joins the table at seat #5
Krazy90: doesn't show hand
*** SUMMARY ***
Total pot $2 | Rake $0
Seat 3: Krazy90 (big blind) collected ($2)
Seat 6: wobetting (button) (small blind) folded before Flop


PokerStars Hand #158527073169:  Hold'em Limit ($3/$6 USD) - 2016/09/12 18:38:24 ET
Table 'Venusia' 6-max Seat #5 is the button
Seat 3: Krazy90 ($150.47 in chips)
Seat 5: 23STERVA ($76.07 in chips)
JSDM8682 will be allowed to play after the button
23STERVA: posts small blind $1
wobetting: is sitting out
Krazy90: posts big blind $3
*** HOLE CARDS ***
23STERVA: raises $3 to $6
Krazy90: calls $3
*** FLOP *** [Qs 5h 8c]
Krazy90: checks
23STERVA: bets $3
Krazy90: calls $3
*** TURN *** [Qs 5h 8c] [5s]
Krazy90: checks
23STERVA: checks
*** RIVER *** [Qs 5h 8c 5s] [8s]
Krazy90: checks
23STERVA: bets $6
Krazy90: calls $6
*** SHOW DOWN ***
23STERVA: shows [3s 2s] (a flush, Queen high)
Krazy90: mucks hand
23STERVA collected $29.50 from pot
*** SUMMARY ***
Total pot $30 | Rake $0.50
Board [Qs 5h 8c 5s 8s]
Seat 3: Krazy90 (big blind) mucked
Seat 5: 23STERVA (button) (small blind) showed [3s 2s] and won ($29.50) with a flush, Queen high


