PokerStars Hand #173945438640:  Hold'em Limit ($3/$6 USD) - 2017/08/05 8:06:34 ET
Table 'Venusia' 6-max Seat #3 is the button
Seat 3: Fetish73 ($120 in chips)
Seat 4: VolkovDmitri ($120 in chips)
Fetish73: posts small blind $1
VolkovDmitri: posts big blind $3
*** HOLE CARDS ***
Fetish73: raises $3 to $6
VolkovDmitri: calls $3
*** FLOP *** [8s 2d 5c]
VolkovDmitri: bets $3
Fetish73: calls $3
*** TURN *** [8s 2d 5c] [7s]
VolkovDmitri: checks
Fetish73: bets $6
VolkovDmitri: folds
Uncalled bet ($6) returned to Fetish73
Fetish73 collected $17.64 from pot
*** SUMMARY ***
Total pot $18 | Rake $0.36
Board [8s 2d 5c 7s]
Seat 3: Fetish73 (button) (small blind) collected ($17.64)
Seat 4: VolkovDmitri (big blind) folded on the Turn


PokerStars Hand #173945477655:  Hold'em Limit ($3/$6 USD) - 2017/08/05 8:07:58 ET
Table 'Venusia' 6-max Seat #4 is the button
Seat 3: Fetish73 ($158.14 in chips)
Seat 4: VolkovDmitri ($121 in chips)
VolkovDmitri: posts small blind $1
Fetish73: posts big blind $3
*** HOLE CARDS ***
VolkovDmitri: raises $3 to $6
Fetish73: calls $3
*** FLOP *** [8c Jh As]
Fetish73: checks
VolkovDmitri: bets $3
Fetish73: calls $3
*** TURN *** [8c Jh As] [4s]
Fetish73: checks
VolkovDmitri: bets $6
Fetish73: calls $6
*** RIVER *** [8c Jh As 4s] [Qd]
Fetish73: checks
VolkovDmitri: bets $6
Fetish73: folds
Uncalled bet ($6) returned to VolkovDmitri
VolkovDmitri collected $29.50 from pot
VolkovDmitri: doesn't show hand
*** SUMMARY ***
Total pot $30 | Rake $0.50
Board [8c Jh As 4s Qd]
Seat 3: Fetish73 (big blind) folded on the River
Seat 4: VolkovDmitri (button) (small blind) collected ($29.50)


PokerStars Hand #173945475333:  Hold'em Limit ($3/$6 USD) - 2017/08/05 8:07:53 ET
Table 'Venusia' 6-max Seat #3 is the button
Seat 3: Fetish73 ($159.14 in chips)
Seat 4: VolkovDmitri ($120 in chips)
Fetish73: posts small blind $1
VolkovDmitri: posts big blind $3
*** HOLE CARDS ***
Fetish73: folds
Uncalled bet ($2) returned to VolkovDmitri
VolkovDmitri collected $2 from pot
VolkovDmitri: doesn't show hand
*** SUMMARY ***
Total pot $2 | Rake $0
Seat 3: Fetish73 (button) (small blind) folded before Flop
Seat 4: VolkovDmitri (big blind) collected ($2)


PokerStars Hand #173945470784:  Hold'em Limit ($3/$6 USD) - 2017/08/05 8:07:43 ET
Table 'Venusia' 6-max Seat #4 is the button
Seat 3: Fetish73 ($158.14 in chips)
Seat 4: VolkovDmitri ($120 in chips)
VolkovDmitri: posts small blind $1
Fetish73: posts big blind $3
*** HOLE CARDS ***
VolkovDmitri: folds
Uncalled bet ($2) returned to Fetish73
Fetish73 collected $2 from pot
*** SUMMARY ***
Total pot $2 | Rake $0
Seat 3: Fetish73 (big blind) collected ($2)
Seat 4: VolkovDmitri (button) (small blind) folded before Flop


PokerStars Hand #173945466149:  Hold'em Limit ($3/$6 USD) - 2017/08/05 8:07:33 ET
Table 'Venusia' 6-max Seat #3 is the button
Seat 3: Fetish73 ($155.14 in chips)
Seat 4: VolkovDmitri ($120 in chips)
Fetish73: posts small blind $1
VolkovDmitri: posts big blind $3
*** HOLE CARDS ***
Fetish73: raises $3 to $6
VolkovDmitri: folds
Uncalled bet ($3) returned to Fetish73
Fetish73 collected $6 from pot
*** SUMMARY ***
Total pot $6 | Rake $0
Seat 3: Fetish73 (button) (small blind) collected ($6)
Seat 4: VolkovDmitri (big blind) folded before Flop


PokerStars Hand #173945452240:  Hold'em Limit ($3/$6 USD) - 2017/08/05 8:07:03 ET
Table 'Venusia' 6-max Seat #4 is the button
Seat 3: Fetish73 ($128.64 in chips)
Seat 4: VolkovDmitri ($120 in chips)
VolkovDmitri: posts small blind $1
Fetish73: posts big blind $3
*** HOLE CARDS ***
VolkovDmitri: raises $3 to $6
Fetish73: calls $3
*** FLOP *** [7h 7s 4c]
Fetish73: checks
VolkovDmitri: bets $3
Fetish73: calls $3
*** TURN *** [7h 7s 4c] [Qs]
Fetish73: checks
VolkovDmitri: bets $6
Fetish73: raises $6 to $12
VolkovDmitri: calls $6
*** RIVER *** [7h 7s 4c Qs] [9d]
Fetish73: bets $6
VolkovDmitri: calls $6
*** SHOW DOWN ***
Fetish73: shows [7c Js] (three of a kind, Sevens)
VolkovDmitri: mucks hand
Fetish73 collected $53.50 from pot
*** SUMMARY ***
Total pot $54 | Rake $0.50
Board [7h 7s 4c Qs 9d]
Seat 3: Fetish73 (big blind) showed [7c Js] and won ($53.50) with three of a kind, Sevens
Seat 4: VolkovDmitri (button) (small blind) mucked


PokerStars Hand #173945502975:  Hold'em Limit ($3/$6 USD) - 2017/08/05 8:08:53 ET
Table 'Venusia' 6-max Seat #3 is the button
Seat 3: Fetish73 ($119.14 in chips)
Seat 4: VolkovDmitri ($158.76 in chips)
Fetish73: posts small blind $1
VolkovDmitri: posts big blind $3
*** HOLE CARDS ***
Fetish73: raises $3 to $6
VolkovDmitri: calls $3
*** FLOP *** [Qd 8s 6s]
VolkovDmitri: checks
Fetish73: bets $3
VolkovDmitri: calls $3
*** TURN *** [Qd 8s 6s] [As]
VolkovDmitri: checks
Fetish73: bets $6
VolkovDmitri: calls $6
*** RIVER *** [Qd 8s 6s As] [5c]
VolkovDmitri: checks
Fetish73: checks
*** SHOW DOWN ***
VolkovDmitri: shows [2d Ks] (high card Ace)
Fetish73: shows [Jc 8d] (a pair of Eights)
Fetish73 collected $29.50 from pot
*** SUMMARY ***
Total pot $30 | Rake $0.50
Board [Qd 8s 6s As 5c]
Seat 3: Fetish73 (button) (small blind) showed [Jc 8d] and won ($29.50) with a pair of Eights
Seat 4: VolkovDmitri (big blind) showed [2d Ks] and lost with high card Ace


PokerStars Hand #173945497786:  Hold'em Limit ($3/$6 USD) - 2017/08/05 8:08:42 ET
Table 'Venusia' 6-max Seat #4 is the button
Seat 3: Fetish73 ($125.14 in chips)
Seat 4: VolkovDmitri ($153 in chips)
VolkovDmitri: posts small blind $1
Fetish73: posts big blind $3
*** HOLE CARDS ***
VolkovDmitri: raises $3 to $6
Fetish73: calls $3
*** FLOP *** [6c Ks Ah]
Fetish73: checks
VolkovDmitri: bets $3
Fetish73: folds
Uncalled bet ($3) returned to VolkovDmitri
VolkovDmitri collected $11.76 from pot
VolkovDmitri: doesn't show hand
*** SUMMARY ***
Total pot $12 | Rake $0.24
Board [6c Ks Ah]
Seat 3: Fetish73 (big blind) folded on the Flop
Seat 4: VolkovDmitri (button) (small blind) collected ($11.76)


PokerStars Hand #173945488889:  Hold'em Limit ($3/$6 USD) - 2017/08/05 8:08:23 ET
Table 'Venusia' 6-max Seat #3 is the button
Seat 3: Fetish73 ($143.14 in chips)
Seat 4: VolkovDmitri ($135.50 in chips)
Fetish73: posts small blind $1
VolkovDmitri: posts big blind $3
*** HOLE CARDS ***
Fetish73: raises $3 to $6
VolkovDmitri: raises $3 to $9
Fetish73: calls $3
*** FLOP *** [2c Jd 4h]
VolkovDmitri: bets $3
Fetish73: calls $3
*** TURN *** [2c Jd 4h] [6c]
VolkovDmitri: bets $6
Fetish73: calls $6
*** RIVER *** [2c Jd 4h 6c] [Ac]
VolkovDmitri: bets $6
Fetish73: folds
Uncalled bet ($6) returned to VolkovDmitri
VolkovDmitri collected $35.50 from pot
VolkovDmitri: doesn't show hand
*** SUMMARY ***
Total pot $36 | Rake $0.50
Board [2c Jd 4h 6c Ac]
Seat 3: Fetish73 (button) (small blind) folded on the River
Seat 4: VolkovDmitri (big blind) collected ($35.50)


PokerStars Hand #173945525583:  Hold'em Limit ($3/$6 USD) - 2017/08/05 8:09:42 ET
Table 'Venusia' 6-max Seat #4 is the button
Seat 3: Fetish73 ($117.64 in chips)
Seat 4: VolkovDmitri ($159.26 in chips)
VolkovDmitri: posts small blind $1
Fetish73: posts big blind $3
*** HOLE CARDS ***
VolkovDmitri: raises $3 to $6
Fetish73: raises $3 to $9
VolkovDmitri: calls $3
*** FLOP *** [Ks 3c 5c]
Fetish73: bets $3
VolkovDmitri: calls $3
*** TURN *** [Ks 3c 5c] [Kc]
provim88 joins the table at seat #2
Fetish73: bets $6
VolkovDmitri: calls $6
*** RIVER *** [Ks 3c 5c Kc] [Qc]
Fetish73: checks
VolkovDmitri: checks
*** SHOW DOWN ***
Fetish73: shows [Qh Ah] (two pair, Kings and Queens)
VolkovDmitri: shows [Kh 8d] (three of a kind, Kings)
VolkovDmitri collected $35.50 from pot
*** SUMMARY ***
Total pot $36 | Rake $0.50
Board [Ks 3c 5c Kc Qc]
Seat 3: Fetish73 (big blind) showed [Qh Ah] and lost with two pair, Kings and Queens
Seat 4: VolkovDmitri (button) (small blind) showed [Kh 8d] and won ($35.50) with three of a kind, Kings


PokerStars Hand #173945523422:  Hold'em Limit ($3/$6 USD) - 2017/08/05 8:09:37 ET
Table 'Venusia' 6-max Seat #3 is the button
Seat 3: Fetish73 ($118.64 in chips)
Seat 4: VolkovDmitri ($158.26 in chips)
Fetish73: posts small blind $1
VolkovDmitri: posts big blind $3
*** HOLE CARDS ***
Fetish73: folds
Uncalled bet ($2) returned to VolkovDmitri
VolkovDmitri collected $2 from pot
VolkovDmitri: doesn't show hand
*** SUMMARY ***
Total pot $2 | Rake $0
Seat 3: Fetish73 (button) (small blind) folded before Flop
Seat 4: VolkovDmitri (big blind) collected ($2)


PokerStars Hand #173945511025:  Hold'em Limit ($3/$6 USD) - 2017/08/05 8:09:10 ET
Table 'Venusia' 6-max Seat #4 is the button
Seat 3: Fetish73 ($133.64 in chips)
Seat 4: VolkovDmitri ($143.76 in chips)
VolkovDmitri: posts small blind $1
Fetish73: posts big blind $3
*** HOLE CARDS ***
VolkovDmitri: raises $3 to $6
Fetish73: calls $3
*** FLOP *** [9s 9d 5c]
Fetish73: checks
VolkovDmitri: bets $3
Fetish73: calls $3
*** TURN *** [9s 9d 5c] [6d]
Fetish73: checks
VolkovDmitri: bets $6
Fetish73: calls $6
*** RIVER *** [9s 9d 5c 6d] [8s]
Fetish73: checks
VolkovDmitri: checks
*** SHOW DOWN ***
Fetish73: shows [3c As] (a pair of Nines)
VolkovDmitri: shows [Ts Ac] (a pair of Nines - Ace+Ten kicker)
VolkovDmitri collected $29.50 from pot
*** SUMMARY ***
Total pot $30 | Rake $0.50
Board [9s 9d 5c 6d 8s]
Seat 3: Fetish73 (big blind) showed [3c As] and lost with a pair of Nines
Seat 4: VolkovDmitri (button) (small blind) showed [Ts Ac] and won ($29.50) with a pair of Nines


PokerStars Hand #173945542701:  Hold'em Limit ($3/$6 USD) - 2017/08/05 8:10:18 ET
Table 'Venusia' 6-max Seat #3 is the button
Seat 3: Fetish73 ($99.64 in chips)
Seat 4: VolkovDmitri ($176.76 in chips)
Fetish73: posts small blind $1
VolkovDmitri: posts big blind $3
*** HOLE CARDS ***
Fetish73: raises $3 to $6
VolkovDmitri: calls $3
*** FLOP *** [4d 7c Tc]
VolkovDmitri: checks
Fetish73: bets $3
VolkovDmitri: folds
Uncalled bet ($3) returned to Fetish73
Fetish73 collected $11.76 from pot
*** SUMMARY ***
Total pot $12 | Rake $0.24
Board [4d 7c Tc]
Seat 3: Fetish73 (button) (small blind) collected ($11.76)
Seat 4: VolkovDmitri (big blind) folded on the Flop


