PokerStars Hand #169360021637:  Hold'em Limit ($3/$6 USD) - 2017/04/21 14:04:41 ET
Table 'Venusia' 6-max Seat #2 is the button
Seat 1: Zubasa07 ($303 in chips)
Seat 2: Titanic001 ($103.65 in chips)
Titanic001: posts small blind $1
Zubasa07: posts big blind $3
*** HOLE CARDS ***
Titanic001: raises $3 to $6
Zubasa07: calls $3
*** FLOP *** [4s Kc Kd]
Zubasa07: checks
Titanic001: bets $3
Zubasa07: folds
Uncalled bet ($3) returned to Titanic001
Titanic001 collected $11.76 from pot
*** SUMMARY ***
Total pot $12 | Rake $0.24
Board [4s Kc Kd]
Seat 1: Zubasa07 (big blind) folded on the Flop
Seat 2: Titanic001 (button) (small blind) collected ($11.76)


PokerStars Hand #169360037788:  Hold'em Limit ($3/$6 USD) - 2017/04/21 14:05:02 ET
Table 'Venusia' 6-max Seat #1 is the button
Seat 1: Zubasa07 ($297 in chips)
Seat 2: Titanic001 ($109.41 in chips)
Zubasa07: posts small blind $1
Titanic001: posts big blind $3
*** HOLE CARDS ***
Zubasa07: raises $3 to $6
Storm_Kolyan joins the table at seat #5
Titanic001: raises $3 to $9
vestimokrec joins the table at seat #3
Zubasa07: calls $3
*** FLOP *** [5h Ks 3h]
Titanic001: bets $3
Zubasa07: calls $3
*** TURN *** [5h Ks 3h] [Jc]
Titanic001: bets $6
Zubasa07: calls $6
*** RIVER *** [5h Ks 3h Jc] [3d]
Titanic001: bets $6
Zubasa07: calls $6
*** SHOW DOWN ***
Titanic001: shows [Qd Ad] (a pair of Threes)
Zubasa07: shows [6h 6c] (two pair, Sixes and Threes)
Zubasa07 collected $47.50 from pot
*** SUMMARY ***
Total pot $48 | Rake $0.50
Board [5h Ks 3h Jc 3d]
Seat 1: Zubasa07 (button) (small blind) showed [6h 6c] and won ($47.50) with two pair, Sixes and Threes
Seat 2: Titanic001 (big blind) showed [Qd Ad] and lost with a pair of Threes


