PokerStars Hand #161493295517:  Hold'em Limit ($3/$6 USD) - 2016/11/16 11:59:59 ET
Table 'Venus' 6-max Seat #2 is the button
Seat 1: Zubasa07 ($540 in chips)
Seat 2: SLK500 ($79 in chips)
SLK500: posts small blind $1
Zubasa07: posts big blind $3
*** HOLE CARDS ***
SLK500: folds
Uncalled bet ($2) returned to Zubasa07
Zubasa07 collected $2 from pot
Zubasa07: doesn't show hand
*** SUMMARY ***
Total pot $2 | Rake $0
Seat 1: Zubasa07 (big blind) collected ($2)
Seat 2: SLK500 (button) (small blind) folded before Flop


PokerStars Hand #161493241555:  Hold'em Limit ($3/$6 USD) - 2016/11/16 11:58:41 ET
Table 'Venus' 6-max Seat #1 is the button
Seat 1: Zubasa07 ($500 in chips)
Seat 2: SLK500 ($120 in chips)
Zubasa07: posts small blind $1
SLK500: posts big blind $3
*** HOLE CARDS ***
Zubasa07: raises $3 to $6
SLK500: raises $3 to $9
Zubasa07: calls $3
*** FLOP *** [Qd 5h Qs]
SLK500: bets $3
Zubasa07: calls $3
*** TURN *** [Qd 5h Qs] [Js]
SLK500: checks
Zubasa07: bets $6
SLK500: calls $6
*** RIVER *** [Qd 5h Qs Js] [6h]
SLK500: checks
Zubasa07: bets $6
SLK500: calls $6
*** SHOW DOWN ***
Zubasa07: shows [9h Jc] (two pair, Queens and Jacks)
SLK500: mucks hand
Zubasa07 collected $47.50 from pot
*** SUMMARY ***
Total pot $48 | Rake $0.50
Board [Qd 5h Qs Js 6h]
Seat 1: Zubasa07 (button) (small blind) showed [9h Jc] and won ($47.50) with two pair, Queens and Jacks
Seat 2: SLK500 (big blind) mucked


PokerStars Hand #161493291853:  Hold'em Limit ($3/$6 USD) - 2016/11/16 11:59:54 ET
Table 'Venus' 6-max Seat #1 is the button
Seat 1: Zubasa07 ($541 in chips)
Seat 2: SLK500 ($78 in chips)
Zubasa07: posts small blind $1
SLK500: posts big blind $3
*** HOLE CARDS ***
Zubasa07: folds
Uncalled bet ($2) returned to SLK500
SLK500 collected $2 from pot
SLK500: doesn't show hand
*** SUMMARY ***
Total pot $2 | Rake $0
Seat 1: Zubasa07 (button) (small blind) folded before Flop
Seat 2: SLK500 (big blind) collected ($2)


PokerStars Hand #161493275860:  Hold'em Limit ($3/$6 USD) - 2016/11/16 11:59:31 ET
Table 'Venus' 6-max Seat #2 is the button
Seat 1: Zubasa07 ($523.50 in chips)
Seat 2: SLK500 ($96 in chips)
SLK500: posts small blind $1
Zubasa07: posts big blind $3
*** HOLE CARDS ***
SLK500: raises $3 to $6
Zubasa07: calls $3
*** FLOP *** [8s 6s 7d]
Zubasa07: checks
SLK500: checks
*** TURN *** [8s 6s 7d] [7c]
Zubasa07: bets $6
SLK500: calls $6
*** RIVER *** [8s 6s 7d 7c] [7s]
Zubasa07: bets $6
SLK500: calls $6
*** SHOW DOWN ***
Zubasa07: shows [6h 4s] (a full house, Sevens full of Sixes)
SLK500: mucks hand
Zubasa07 collected $35.50 from pot
*** SUMMARY ***
Total pot $36 | Rake $0.50
Board [8s 6s 7d 7c 7s]
Seat 1: Zubasa07 (big blind) showed [6h 4s] and won ($35.50) with a full house, Sevens full of Sixes
Seat 2: SLK500 (button) (small blind) mucked


PokerStars Hand #161493324675:  Hold'em Limit ($3/$6 USD) - 2016/11/16 12:00:40 ET
Table 'Venus' 6-max Seat #2 is the button
Seat 1: Zubasa07 ($517 in chips)
Seat 2: SLK500 ($101.50 in chips)
SLK500: posts small blind $1
Zubasa07: posts big blind $3
*** HOLE CARDS ***
SLK500: raises $3 to $6
Zubasa07: calls $3
*** FLOP *** [Js Ks 4c]
Zubasa07: checks
SLK500: bets $3
Zubasa07: raises $3 to $6
SLK500: calls $3
*** TURN *** [Js Ks 4c] [Ts]
Zubasa07: bets $6
SLK500: folds
Uncalled bet ($6) returned to Zubasa07
Zubasa07 collected $23.52 from pot
Zubasa07: doesn't show hand
*** SUMMARY ***
Total pot $24 | Rake $0.48
Board [Js Ks 4c Ts]
Seat 1: Zubasa07 (big blind) collected ($23.52)
Seat 2: SLK500 (button) (small blind) folded on the Turn


PokerStars Hand #161493363790:  Hold'em Limit ($3/$6 USD) - 2016/11/16 12:01:32 ET
Table 'Venus' 6-max Seat #2 is the button
Seat 1: Zubasa07 ($531.52 in chips)
Seat 2: SLK500 ($86.50 in chips)
SLK500: posts small blind $1
Zubasa07: posts big blind $3
*** HOLE CARDS ***
SLK500: folds
Uncalled bet ($2) returned to Zubasa07
Zubasa07 collected $2 from pot
Zubasa07: doesn't show hand
*** SUMMARY ***
Total pot $2 | Rake $0
Seat 1: Zubasa07 (big blind) collected ($2)
Seat 2: SLK500 (button) (small blind) folded before Flop


PokerStars Hand #161493367453:  Hold'em Limit ($3/$6 USD) - 2016/11/16 12:01:37 ET
Table 'Venus' 6-max Seat #1 is the button
Seat 1: Zubasa07 ($532.52 in chips)
Seat 2: SLK500 ($85.50 in chips)
Zubasa07: posts small blind $1
SLK500: posts big blind $3
*** HOLE CARDS ***
Zubasa07: folds
Uncalled bet ($2) returned to SLK500
SLK500 collected $2 from pot
SLK500: doesn't show hand
*** SUMMARY ***
Total pot $2 | Rake $0
Seat 1: Zubasa07 (button) (small blind) folded before Flop
Seat 2: SLK500 (big blind) collected ($2)


PokerStars Hand #161493371455:  Hold'em Limit ($3/$6 USD) - 2016/11/16 12:01:42 ET
Table 'Venus' 6-max Seat #2 is the button
Seat 1: Zubasa07 ($531.52 in chips)
Seat 2: SLK500 ($86.50 in chips)
SLK500: posts small blind $1
Zubasa07: posts big blind $3
*** HOLE CARDS ***
SLK500: calls $2
Zubasa07: raises $3 to $6
SLK500: calls $3
*** FLOP *** [Ac 8c Js]
Zubasa07: bets $3
SLK500: folds
Uncalled bet ($3) returned to Zubasa07
Zubasa07 collected $11.76 from pot
Zubasa07: doesn't show hand
*** SUMMARY ***
Total pot $12 | Rake $0.24
Board [Ac 8c Js]
Seat 1: Zubasa07 (big blind) collected ($11.76)
Seat 2: SLK500 (button) (small blind) folded on the Flop


PokerStars Hand #161493429744:  Hold'em Limit ($3/$6 USD) - 2016/11/16 12:02:47 ET
Table 'Venus' 6-max Seat #2 is the button
Seat 1: Zubasa07 ($548.80 in chips)
Seat 2: SLK500 ($68.50 in chips)
SLK500: posts small blind $1
Zubasa07: posts big blind $3
*** HOLE CARDS ***
SLK500: raises $3 to $6
Zubasa07: calls $3
*** FLOP *** [As Qd 3h]
Zubasa07: checks
SLK500: bets $3
kdcl joins the table at seat #3
Zubasa07: folds
Uncalled bet ($3) returned to SLK500
SLK500 collected $11.76 from pot
SLK500: doesn't show hand
*** SUMMARY ***
Total pot $12 | Rake $0.24
Board [As Qd 3h]
Seat 1: Zubasa07 (big blind) folded on the Flop
Seat 2: SLK500 (button) (small blind) collected ($11.76)


PokerStars Hand #161493399876:  Hold'em Limit ($3/$6 USD) - 2016/11/16 12:02:17 ET
Table 'Venus' 6-max Seat #1 is the button
Seat 1: Zubasa07 ($537.28 in chips)
Seat 2: SLK500 ($80.50 in chips)
Zubasa07: posts small blind $1
SLK500: posts big blind $3
*** HOLE CARDS ***
Zubasa07: raises $3 to $6
SLK500: raises $3 to $9
Zubasa07: calls $3
*** FLOP *** [Td 5d 6d]
SLK500: bets $3
Zubasa07: raises $3 to $6
SLK500: folds
Uncalled bet ($3) returned to Zubasa07
Zubasa07 collected $23.52 from pot
Zubasa07: doesn't show hand
*** SUMMARY ***
Total pot $24 | Rake $0.48
Board [Td 5d 6d]
Seat 1: Zubasa07 (button) (small blind) collected ($23.52)
Seat 2: SLK500 (big blind) folded on the Flop


PokerStars Hand #161493445543:  Hold'em Limit ($3/$6 USD) - 2016/11/16 12:03:07 ET
Table 'Venus' 6-max Seat #1 is the button
Seat 1: Zubasa07 ($542.80 in chips)
Seat 2: SLK500 ($74.26 in chips)
Zubasa07: posts small blind $1
SLK500: posts big blind $3
*** HOLE CARDS ***
Zubasa07: raises $3 to $6
SLK500: calls $3
*** FLOP *** [6c 7s Ad]
SLK500: bets $3
Zubasa07: calls $3
*** TURN *** [6c 7s Ad] [6h]
SLK500: bets $6
Zubasa07: calls $6
*** RIVER *** [6c 7s Ad 6h] [Tc]
SLK500: bets $6
Zubasa07: calls $6
*** SHOW DOWN ***
SLK500: shows [8s Ts] (two pair, Tens and Sixes)
Zubasa07: mucks hand
SLK500 collected $41.50 from pot
*** SUMMARY ***
Total pot $42 | Rake $0.50
Board [6c 7s Ad 6h Tc]
Seat 1: Zubasa07 (button) (small blind) mucked
Seat 2: SLK500 (big blind) showed [8s Ts] and won ($41.50) with two pair, Tens and Sixes


PokerStars Hand #161494229167:  Hold'em Limit ($3/$6 USD) - 2016/11/16 12:19:02 ET
Table 'Venus' 6-max Seat #3 is the button
Seat 2: SLK500 ($75.22 in chips)
Seat 3: kdcl ($99.85 in chips)
kdcl: posts small blind $1
kolaz03: is sitting out
SLK500: posts big blind $3
*** HOLE CARDS ***
kdcl: raises $3 to $6
kolaz03 leaves the table
SLK500: calls $3
*** FLOP *** [Td Kh Qs]
SLK500: checks
kdcl: checks
*** TURN *** [Td Kh Qs] [8s]
SLK500: checks
kdcl: bets $6
SLK500: folds
Uncalled bet ($6) returned to kdcl
kdcl collected $11.76 from pot
*** SUMMARY ***
Total pot $12 | Rake $0.24
Board [Td Kh Qs 8s]
Seat 2: SLK500 (big blind) folded on the Turn
Seat 3: kdcl (button) (small blind) collected ($11.76)


PokerStars Hand #161494249445:  Hold'em Limit ($3/$6 USD) - 2016/11/16 12:19:26 ET
Table 'Venus' 6-max Seat #2 is the button
Seat 2: SLK500 ($69.22 in chips)
Seat 3: kdcl ($105.61 in chips)
SLK500: posts small blind $1
kdcl: posts big blind $3
*** HOLE CARDS ***
SLK500: raises $3 to $6
kdcl: calls $3
*** FLOP *** [Kh 4s 3s]
kdcl: checks
SLK500: bets $3
kdcl: calls $3
*** TURN *** [Kh 4s 3s] [6d]
kdcl: checks
SLK500: checks
*** RIVER *** [Kh 4s 3s 6d] [Td]
kdcl: checks
SLK500: checks
*** SHOW DOWN ***
kdcl: shows [Ah 3c] (a pair of Threes)
SLK500: mucks hand
krytalex joins the table at seat #5
kdcl collected $17.64 from pot
*** SUMMARY ***
Total pot $18 | Rake $0.36
Board [Kh 4s 3s 6d Td]
Seat 2: SLK500 (button) (small blind) mucked
Seat 3: kdcl (big blind) showed [Ah 3c] and won ($17.64) with a pair of Threes


PokerStars Hand #161511110031:  Hold'em Limit ($3/$6 USD) - 2016/11/16 17:24:52 ET
Table 'Venus' 6-max Seat #1 is the button
Seat 1: ToDaFelt ($400.52 in chips)
Seat 6: Vampo U ($77.57 in chips)
ToDaFelt: posts small blind $1
halicpac: is sitting out
Vampo U: posts big blind $3
*** HOLE CARDS ***
ToDaFelt: raises $3 to $6
baur017017 joins the table at seat #3
halicpac leaves the table
Vampo U: calls $3
*** FLOP *** [4h 3d Ts]
Vampo U: checks
ToDaFelt: bets $3
Vampo U: calls $3
*** TURN *** [4h 3d Ts] [9h]
Vampo U: checks
ToDaFelt: bets $6
Vampo U: calls $6
*** RIVER *** [4h 3d Ts 9h] [7c]
Vampo U: checks
ToDaFelt: checks
*** SHOW DOWN ***
Vampo U: shows [5h 5d] (a pair of Fives)
ToDaFelt: mucks hand
Vampo U collected $29.50 from pot
*** SUMMARY ***
Total pot $30 | Rake $0.50
Board [4h 3d Ts 9h 7c]
Seat 1: ToDaFelt (button) (small blind) mucked
Seat 6: Vampo U (big blind) showed [5h 5d] and won ($29.50) with a pair of Fives


PokerStars Hand #161511158261:  Hold'em Limit ($3/$6 USD) - 2016/11/16 17:25:42 ET
Table 'Venus' 6-max Seat #6 is the button
Seat 3: baur017017 ($33 in chips)
Seat 6: Vampo U ($92.07 in chips)
Vampo U: posts small blind $1
baur017017: posts big blind $3
*** HOLE CARDS ***
Vampo U: raises $3 to $6
ToDaFelt joins the table at seat #5
baur017017: raises $3 to $9
Vampo U: calls $3
*** FLOP *** [Ts 5d 7s]
baur017017: bets $3
Vampo U: calls $3
*** TURN *** [Ts 5d 7s] [3d]
baur017017: bets $6
Vampo U: raises $6 to $12
baur017017: calls $6
*** RIVER *** [Ts 5d 7s 3d] [3h]
baur017017: checks
Vampo U: bets $6
baur017017: calls $6
*** SHOW DOWN ***
Vampo U: shows [6c 7h] (two pair, Sevens and Threes)
baur017017: mucks hand
Vampo U collected $59.50 from pot
*** SUMMARY ***
Total pot $60 | Rake $0.50
Board [Ts 5d 7s 3d 3h]
Seat 3: baur017017 (big blind) mucked
Seat 6: Vampo U (button) (small blind) showed [6c 7h] and won ($59.50) with two pair, Sevens and Threes


