PokerStars Hand #152865848232:  Hold'em Limit ($3/$6 USD) - 2016/05/04 20:00:00 ET
Table 'Vera' 6-max Seat #5 is the button
Seat 4: micsveDK ($121.07 in chips)
Seat 5: anetkaapro ($100.26 in chips)
anetkaapro: posts small blind $1
LEXA425: is sitting out
micsveDK: posts big blind $3
*** HOLE CARDS ***
anetkaapro: folds
Uncalled bet ($2) returned to micsveDK
micsveDK collected $2 from pot
micsveDK: doesn't show hand
*** SUMMARY ***
Total pot $2 | Rake $0
Seat 4: micsveDK (big blind) collected ($2)
Seat 5: anetkaapro (button) (small blind) folded before Flop


PokerStars Hand #152865850573:  Hold'em Limit ($3/$6 USD) - 2016/05/04 20:00:05 ET
Table 'Vera' 6-max Seat #4 is the button
Seat 4: micsveDK ($122.07 in chips)
Seat 5: anetkaapro ($99.26 in chips)
micsveDK: posts small blind $1
anetkaapro: posts big blind $3
*** HOLE CARDS ***
micsveDK: folds
Uncalled bet ($2) returned to anetkaapro
anetkaapro collected $2 from pot
anetkaapro: doesn't show hand
*** SUMMARY ***
Total pot $2 | Rake $0
Seat 4: micsveDK (button) (small blind) folded before Flop
Seat 5: anetkaapro (big blind) collected ($2)


PokerStars Hand #152865920563:  Hold'em Limit ($3/$6 USD) - 2016/05/04 20:02:28 ET
Table 'Vera' 6-max Seat #6 is the button
Seat 1: anetkaapro ($120 in chips)
Seat 6: NAUTJE1337 ($50 in chips)
NAUTJE1337: posts small blind $1
anetkaapro: posts big blind $3
*** HOLE CARDS ***
NAUTJE1337: raises $3 to $6
anetkaapro: raises $3 to $9
NAUTJE1337: calls $3
*** FLOP *** [2h 5d Qh]
anetkaapro: bets $3
NAUTJE1337: calls $3
*** TURN *** [2h 5d Qh] [4d]
anetkaapro: checks
NAUTJE1337: bets $6
anetkaapro: folds
Uncalled bet ($6) returned to NAUTJE1337
NAUTJE1337 collected $23.52 from pot
*** SUMMARY ***
Total pot $24 | Rake $0.48
Board [2h 5d Qh 4d]
Seat 1: anetkaapro (big blind) folded on the Turn
Seat 6: NAUTJE1337 (button) (small blind) collected ($23.52)


PokerStars Hand #152865939817:  Hold'em Limit ($3/$6 USD) - 2016/05/04 20:03:06 ET
Table 'Vera' 6-max Seat #1 is the button
Seat 1: anetkaapro ($108 in chips)
Seat 6: NAUTJE1337 ($61.52 in chips)
anetkaapro: posts small blind $1
NAUTJE1337: posts big blind $3
*** HOLE CARDS ***
anetkaapro: raises $3 to $6
NAUTJE1337: calls $3
*** FLOP *** [Ah 7h 2s]
NAUTJE1337: bets $3
anetkaapro: calls $3
*** TURN *** [Ah 7h 2s] [2c]
NAUTJE1337: bets $6
anetkaapro: calls $6
*** RIVER *** [Ah 7h 2s 2c] [Ad]
NAUTJE1337: bets $6
anetkaapro: calls $6
*** SHOW DOWN ***
NAUTJE1337: shows [7d 5d] (two pair, Aces and Sevens)
anetkaapro: mucks hand
NAUTJE1337 collected $41.50 from pot
*** SUMMARY ***
Total pot $42 | Rake $0.50
Board [Ah 7h 2s 2c Ad]
Seat 1: anetkaapro (button) (small blind) mucked
Seat 6: NAUTJE1337 (big blind) showed [7d 5d] and won ($41.50) with two pair, Aces and Sevens


PokerStars Hand #152865961844:  Hold'em Limit ($3/$6 USD) - 2016/05/04 20:03:49 ET
Table 'Vera' 6-max Seat #6 is the button
Seat 1: anetkaapro ($87 in chips)
Seat 6: NAUTJE1337 ($82.02 in chips)
NAUTJE1337: posts small blind $1
anetkaapro: posts big blind $3
*** HOLE CARDS ***
NAUTJE1337: calls $2
anetkaapro: raises $3 to $6
NAUTJE1337: calls $3
*** FLOP *** [4h 6h Js]
anetkaapro: bets $3
NAUTJE1337: raises $3 to $6
anetkaapro: calls $3
*** TURN *** [4h 6h Js] [5d]
anetkaapro: checks
NAUTJE1337: bets $6
anetkaapro: calls $6
*** RIVER *** [4h 6h Js 5d] [8h]
anetkaapro: checks
NAUTJE1337: bets $6
anetkaapro: raises $6 to $12
NAUTJE1337: calls $6
*** SHOW DOWN ***
anetkaapro: shows [Ah 7s] (a straight, Four to Eight)
NAUTJE1337: mucks hand
anetkaapro collected $59.50 from pot
*** SUMMARY ***
Total pot $60 | Rake $0.50
Board [4h 6h Js 5d 8h]
Seat 1: anetkaapro (big blind) showed [Ah 7s] and won ($59.50) with a straight, Four to Eight
Seat 6: NAUTJE1337 (button) (small blind) mucked


PokerStars Hand #152865972525:  Hold'em Limit ($3/$6 USD) - 2016/05/04 20:04:09 ET
Table 'Vera' 6-max Seat #1 is the button
Seat 1: anetkaapro ($116.50 in chips)
Seat 6: NAUTJE1337 ($52.02 in chips)
anetkaapro: posts small blind $1
NAUTJE1337: posts big blind $3
*** HOLE CARDS ***
anetkaapro: raises $3 to $6
NAUTJE1337: calls $3
*** FLOP *** [Kd 5s Td]
NAUTJE1337: checks
anetkaapro: bets $3
NAUTJE1337: calls $3
*** TURN *** [Kd 5s Td] [8c]
NAUTJE1337: checks
anetkaapro: checks
*** RIVER *** [Kd 5s Td 8c] [Ah]
NAUTJE1337: bets $6
anetkaapro: folds
Uncalled bet ($6) returned to NAUTJE1337
NAUTJE1337 collected $17.64 from pot
*** SUMMARY ***
Total pot $18 | Rake $0.36
Board [Kd 5s Td 8c Ah]
Seat 1: anetkaapro (button) (small blind) folded on the River
Seat 6: NAUTJE1337 (big blind) collected ($17.64)


PokerStars Hand #152865988934:  Hold'em Limit ($3/$6 USD) - 2016/05/04 20:04:41 ET
Table 'Vera' 6-max Seat #1 is the button
Seat 1: anetkaapro ($108.50 in chips)
Seat 6: NAUTJE1337 ($59.66 in chips)
anetkaapro: posts small blind $1
NAUTJE1337: posts big blind $3
*** HOLE CARDS ***
anetkaapro: raises $3 to $6
NAUTJE1337: folds
Uncalled bet ($3) returned to anetkaapro
anetkaapro collected $6 from pot
anetkaapro: doesn't show hand
*** SUMMARY ***
Total pot $6 | Rake $0
Seat 1: anetkaapro (button) (small blind) collected ($6)
Seat 6: NAUTJE1337 (big blind) folded before Flop


PokerStars Hand #152865986302:  Hold'em Limit ($3/$6 USD) - 2016/05/04 20:04:36 ET
Table 'Vera' 6-max Seat #6 is the button
Seat 1: anetkaapro ($107.50 in chips)
Seat 6: NAUTJE1337 ($60.66 in chips)
NAUTJE1337: posts small blind $1
anetkaapro: posts big blind $3
*** HOLE CARDS ***
NAUTJE1337: folds
Uncalled bet ($2) returned to anetkaapro
anetkaapro collected $2 from pot
anetkaapro: doesn't show hand
*** SUMMARY ***
Total pot $2 | Rake $0
Seat 1: anetkaapro (big blind) collected ($2)
Seat 6: NAUTJE1337 (button) (small blind) folded before Flop


PokerStars Hand #152865992813:  Hold'em Limit ($3/$6 USD) - 2016/05/04 20:04:49 ET
Table 'Vera' 6-max Seat #6 is the button
Seat 1: anetkaapro ($111.50 in chips)
Seat 6: NAUTJE1337 ($56.66 in chips)
NAUTJE1337: posts small blind $1
anetkaapro: posts big blind $3
*** HOLE CARDS ***
NAUTJE1337: folds
Uncalled bet ($2) returned to anetkaapro
anetkaapro collected $2 from pot
anetkaapro: doesn't show hand
*** SUMMARY ***
Total pot $2 | Rake $0
Seat 1: anetkaapro (big blind) collected ($2)
Seat 6: NAUTJE1337 (button) (small blind) folded before Flop


PokerStars Hand #152866017652:  Hold'em Limit ($3/$6 USD) - 2016/05/04 20:05:36 ET
Table 'Vera' 6-max Seat #6 is the button
Seat 1: anetkaapro ($91.50 in chips)
Seat 6: NAUTJE1337 ($76.16 in chips)
NAUTJE1337: posts small blind $1
anetkaapro: posts big blind $3
*** HOLE CARDS ***
NAUTJE1337: folds
Uncalled bet ($2) returned to anetkaapro
anetkaapro collected $2 from pot
anetkaapro: doesn't show hand
*** SUMMARY ***
Total pot $2 | Rake $0
Seat 1: anetkaapro (big blind) collected ($2)
Seat 6: NAUTJE1337 (button) (small blind) folded before Flop


PokerStars Hand #152865995240:  Hold'em Limit ($3/$6 USD) - 2016/05/04 20:04:53 ET
Table 'Vera' 6-max Seat #1 is the button
Seat 1: anetkaapro ($112.50 in chips)
Seat 6: NAUTJE1337 ($55.66 in chips)
anetkaapro: posts small blind $1
NAUTJE1337: posts big blind $3
*** HOLE CARDS ***
anetkaapro: raises $3 to $6
NAUTJE1337: calls $3
*** FLOP *** [6s Th 9h]
NAUTJE1337: bets $3
anetkaapro: calls $3
*** TURN *** [6s Th 9h] [5d]
NAUTJE1337: bets $6
anetkaapro: calls $6
*** RIVER *** [6s Th 9h 5d] [Jc]
NAUTJE1337: bets $6
anetkaapro: calls $6
*** SHOW DOWN ***
NAUTJE1337: shows [5c Td] (two pair, Tens and Fives)
anetkaapro: mucks hand
NAUTJE1337 collected $41.50 from pot
*** SUMMARY ***
Total pot $42 | Rake $0.50
Board [6s Th 9h 5d Jc]
Seat 1: anetkaapro (button) (small blind) mucked
Seat 6: NAUTJE1337 (big blind) showed [5c Td] and won ($41.50) with two pair, Tens and Fives


