PokerStars Hand #173392948232:  Hold'em Limit ($3/$6 USD) - 2017/07/23 5:17:04 ET
Table 'Vera' 6-max Seat #1 is the button
Seat 1: sim5sim5 ($72 in chips)
Seat 2: Krazy90 ($120 in chips)
sim5sim5: posts small blind $1
Krazy90: posts big blind $3
*** HOLE CARDS ***
sim5sim5: raises $3 to $6
Krazy90: calls $3
*** FLOP *** [Ac Ah 2c]
Krazy90: checks
sim5sim5: bets $3
Krazy90: calls $3
*** TURN *** [Ac Ah 2c] [9d]
Krazy90: checks
sim5sim5: bets $6
Krazy90: calls $6
*** RIVER *** [Ac Ah 2c 9d] [Qc]
Krazy90: checks
sim5sim5: bets $6
Krazy90: calls $6
*** SHOW DOWN ***
sim5sim5: shows [Qs 2d] (two pair, Aces and Queens)
Krazy90: mucks hand
sim5sim5 collected $41.50 from pot
*** SUMMARY ***
Total pot $42 | Rake $0.50
Board [Ac Ah 2c 9d Qc]
Seat 1: sim5sim5 (button) (small blind) showed [Qs 2d] and won ($41.50) with two pair, Aces and Queens
Seat 2: Krazy90 (big blind) mucked


PokerStars Hand #173392969684:  Hold'em Limit ($3/$6 USD) - 2017/07/23 5:18:00 ET
Table 'Vera' 6-max Seat #1 is the button
Seat 1: sim5sim5 ($89.50 in chips)
Seat 2: Krazy90 ($123 in chips)
sim5sim5: posts small blind $1
Krazy90: posts big blind $3
*** HOLE CARDS ***
sim5sim5: raises $3 to $6
Krazy90: calls $3
*** FLOP *** [As Jc 8c]
Krazy90: checks
sim5sim5: bets $3
Krazy90: calls $3
*** TURN *** [As Jc 8c] [Tc]
Krazy90: checks
sim5sim5: checks
*** RIVER *** [As Jc 8c Tc] [Ts]
Krazy90: bets $6
sim5sim5: folds
Uncalled bet ($6) returned to Krazy90
Krazy90 collected $17.64 from pot
Krazy90: doesn't show hand
*** SUMMARY ***
Total pot $18 | Rake $0.36
Board [As Jc 8c Tc Ts]
Seat 1: sim5sim5 (button) (small blind) folded on the River
Seat 2: Krazy90 (big blind) collected ($17.64)


PokerStars Hand #173392966193:  Hold'em Limit ($3/$6 USD) - 2017/07/23 5:17:51 ET
Table 'Vera' 6-max Seat #2 is the button
Seat 1: sim5sim5 ($92.50 in chips)
Seat 2: Krazy90 ($120 in chips)
Krazy90: posts small blind $1
sim5sim5: posts big blind $3
*** HOLE CARDS ***
Krazy90: raises $3 to $6
sim5sim5: folds
Uncalled bet ($3) returned to Krazy90
Krazy90 collected $6 from pot
Krazy90: doesn't show hand
*** SUMMARY ***
Total pot $6 | Rake $0
Seat 1: sim5sim5 (big blind) folded before Flop
Seat 2: Krazy90 (button) (small blind) collected ($6)


PokerStars Hand #173393001738:  Hold'em Limit ($3/$6 USD) - 2017/07/23 5:19:23 ET
Table 'Vera' 6-max Seat #1 is the button
Seat 1: sim5sim5 ($104 in chips)
Seat 2: Krazy90 ($120 in chips)
sim5sim5: posts small blind $1
Krazy90: posts big blind $3
*** HOLE CARDS ***
sim5sim5: raises $3 to $6
Krazy90: calls $3
*** FLOP *** [6h 2h 5s]
Krazy90: checks
sim5sim5: bets $3
Krazy90: calls $3
*** TURN *** [6h 2h 5s] [2c]
Krazy90: checks
sim5sim5: bets $6
Krazy90: calls $6
*** RIVER *** [6h 2h 5s 2c] [4d]
Krazy90: checks
sim5sim5: bets $6
Krazy90: calls $6
*** SHOW DOWN ***
sim5sim5: shows [Ks Kh] (two pair, Kings and Deuces)
Krazy90: mucks hand
sim5sim5 collected $41.50 from pot
*** SUMMARY ***
Total pot $42 | Rake $0.50
Board [6h 2h 5s 2c 4d]
Seat 1: sim5sim5 (button) (small blind) showed [Ks Kh] and won ($41.50) with two pair, Kings and Deuces
Seat 2: Krazy90 (big blind) mucked


PokerStars Hand #173392986569:  Hold'em Limit ($3/$6 USD) - 2017/07/23 5:18:44 ET
Table 'Vera' 6-max Seat #2 is the button
Seat 1: sim5sim5 ($80.50 in chips)
Seat 2: Krazy90 ($131.64 in chips)
Krazy90: posts small blind $1
sim5sim5: posts big blind $3
*** HOLE CARDS ***
Krazy90: raises $3 to $6
sim5sim5: raises $3 to $9
Krazy90: calls $3
*** FLOP *** [9h Jd 9d]
sim5sim5: bets $3
Krazy90: calls $3
*** TURN *** [9h Jd 9d] [4h]
sim5sim5: bets $6
Krazy90: raises $6 to $12
sim5sim5: calls $6
*** RIVER *** [9h Jd 9d 4h] [8h]
sim5sim5: checks
Krazy90: checks
*** SHOW DOWN ***
sim5sim5: shows [As Js] (two pair, Jacks and Nines)
Krazy90: mucks hand
sim5sim5 collected $47.50 from pot
*** SUMMARY ***
Total pot $48 | Rake $0.50
Board [9h Jd 9d 4h 8h]
Seat 1: sim5sim5 (big blind) showed [As Js] and won ($47.50) with two pair, Jacks and Nines
Seat 2: Krazy90 (button) (small blind) mucked


PokerStars Hand #173393023876:  Hold'em Limit ($3/$6 USD) - 2017/07/23 5:20:21 ET
Table 'Vera' 6-max Seat #2 is the button
Seat 1: sim5sim5 ($124.26 in chips)
Seat 2: Krazy90 ($120 in chips)
Krazy90: posts small blind $1
sim5sim5: posts big blind $3
*** HOLE CARDS ***
Krazy90: raises $3 to $6
sim5sim5: calls $3
*** FLOP *** [9c Ah Tc]
sim5sim5: checks
Krazy90: bets $3
sim5sim5: raises $3 to $6
Krazy90: calls $3
*** TURN *** [9c Ah Tc] [3c]
sim5sim5: bets $6
Krazy90: calls $6
*** RIVER *** [9c Ah Tc 3c] [5h]
sim5sim5: bets $6
Krazy90: calls $6
*** SHOW DOWN ***
sim5sim5: shows [3d Ad] (two pair, Aces and Threes)
Krazy90: mucks hand
sim5sim5 collected $47.50 from pot
*** SUMMARY ***
Total pot $48 | Rake $0.50
Board [9c Ah Tc 3c 5h]
Seat 1: sim5sim5 (big blind) showed [3d Ad] and won ($47.50) with two pair, Aces and Threes
Seat 2: Krazy90 (button) (small blind) mucked


PokerStars Hand #173393018977:  Hold'em Limit ($3/$6 USD) - 2017/07/23 5:20:08 ET
Table 'Vera' 6-max Seat #1 is the button
Seat 1: sim5sim5 ($118.50 in chips)
Seat 2: Krazy90 ($125.76 in chips)
sim5sim5: posts small blind $1
Krazy90: posts big blind $3
*** HOLE CARDS ***
sim5sim5: raises $3 to $6
Krazy90: calls $3
*** FLOP *** [9s Ks Kd]
Krazy90: checks
sim5sim5: bets $3
Krazy90: folds
Uncalled bet ($3) returned to sim5sim5
sim5sim5 collected $11.76 from pot
sim5sim5: doesn't show hand
*** SUMMARY ***
Total pot $12 | Rake $0.24
Board [9s Ks Kd]
Seat 1: sim5sim5 (button) (small blind) collected ($11.76)
Seat 2: Krazy90 (big blind) folded on the Flop


PokerStars Hand #173393033391:  Hold'em Limit ($3/$6 USD) - 2017/07/23 5:20:46 ET
Table 'Vera' 6-max Seat #1 is the button
Seat 1: sim5sim5 ($147.76 in chips)
Seat 2: Krazy90 ($120 in chips)
sim5sim5: posts small blind $1
Krazy90: posts big blind $3
*** HOLE CARDS ***
sim5sim5: raises $3 to $6
Krazy90: calls $3
*** FLOP *** [2h 3d 9c]
Krazy90: checks
sim5sim5: bets $3
Krazy90: raises $3 to $6
sim5sim5: calls $3
*** TURN *** [2h 3d 9c] [2d]
Krazy90: bets $6
sim5sim5: calls $6
*** RIVER *** [2h 3d 9c 2d] [3h]
Krazy90: bets $6
sim5sim5: calls $6
*** SHOW DOWN ***
Krazy90: shows [8h 9s] (two pair, Nines and Threes)
sim5sim5: shows [Qd 9h] (two pair, Nines and Threes - Queen kicker)
sim5sim5 collected $47.50 from pot
*** SUMMARY ***
Total pot $48 | Rake $0.50
Board [2h 3d 9c 2d 3h]
Seat 1: sim5sim5 (button) (small blind) showed [Qd 9h] and won ($47.50) with two pair, Nines and Threes
Seat 2: Krazy90 (big blind) showed [8h 9s] and lost with two pair, Nines and Threes


PokerStars Hand #173393043910:  Hold'em Limit ($3/$6 USD) - 2017/07/23 5:21:13 ET
Table 'Vera' 6-max Seat #2 is the button
Seat 1: sim5sim5 ($171.26 in chips)
Seat 2: Krazy90 ($120 in chips)
Krazy90: posts small blind $1
sim5sim5: posts big blind $3
*** HOLE CARDS ***
Krazy90: raises $3 to $6
sim5sim5: raises $3 to $9
Krazy90: raises $3 to $12
Betting is capped
sim5sim5: calls $3
*** FLOP *** [3d As 9s]
sim5sim5: checks
Krazy90: bets $3
sim5sim5: raises $3 to $6
Krazy90: calls $3
*** TURN *** [3d As 9s] [4d]
sim5sim5: bets $6
Krazy90: calls $6
*** RIVER *** [3d As 9s 4d] [Jc]
sim5sim5: bets $6
Krazy90: calls $6
*** SHOW DOWN ***
sim5sim5: shows [Ah 8s] (a pair of Aces)
Krazy90: mucks hand
sim5sim5 collected $59.50 from pot
*** SUMMARY ***
Total pot $60 | Rake $0.50
Board [3d As 9s 4d Jc]
Seat 1: sim5sim5 (big blind) showed [Ah 8s] and won ($59.50) with a pair of Aces
Seat 2: Krazy90 (button) (small blind) mucked


PokerStars Hand #173393063932:  Hold'em Limit ($3/$6 USD) - 2017/07/23 5:22:05 ET
Table 'Vera' 6-max Seat #2 is the button
Seat 1: sim5sim5 ($206.52 in chips)
Seat 2: Krazy90 ($120 in chips)
Krazy90: posts small blind $1
sim5sim5: posts big blind $3
*** HOLE CARDS ***
Krazy90: raises $3 to $6
sim5sim5: raises $3 to $9
Krazy90: calls $3
*** FLOP *** [6h Ad Qc]
sim5sim5: bets $3
Krazy90: calls $3
*** TURN *** [6h Ad Qc] [3d]
sim5sim5: checks
Krazy90: bets $6
sim5sim5: calls $6
*** RIVER *** [6h Ad Qc 3d] [5s]
sim5sim5: checks
Krazy90: bets $6
sim5sim5: calls $6
*** SHOW DOWN ***
Krazy90: shows [As 3s] (two pair, Aces and Threes)
sim5sim5: mucks hand
Krazy90 collected $47.50 from pot
*** SUMMARY ***
Total pot $48 | Rake $0.50
Board [6h Ad Qc 3d 5s]
Seat 1: sim5sim5 (big blind) mucked
Seat 2: Krazy90 (button) (small blind) showed [As 3s] and won ($47.50) with two pair, Aces and Threes


PokerStars Hand #173393056916:  Hold'em Limit ($3/$6 USD) - 2017/07/23 5:21:47 ET
Table 'Vera' 6-max Seat #1 is the button
Seat 1: sim5sim5 ($200.76 in chips)
Seat 2: Krazy90 ($120 in chips)
sim5sim5: posts small blind $1
Krazy90: posts big blind $3
*** HOLE CARDS ***
sim5sim5: raises $3 to $6
Krazy90: calls $3
*** FLOP *** [6s 2d Ts]
Krazy90: checks
sim5sim5: bets $3
Krazy90: folds
Uncalled bet ($3) returned to sim5sim5
sim5sim5 collected $11.76 from pot
sim5sim5: doesn't show hand
*** SUMMARY ***
Total pot $12 | Rake $0.24
Board [6s 2d Ts]
Seat 1: sim5sim5 (button) (small blind) collected ($11.76)
Seat 2: Krazy90 (big blind) folded on the Flop


PokerStars Hand #173393095334:  Hold'em Limit ($3/$6 USD) - 2017/07/23 5:23:26 ET
Table 'Vera' 6-max Seat #1 is the button
Seat 1: sim5sim5 ($162.52 in chips)
Seat 2: Krazy90 ($163 in chips)
sim5sim5: posts small blind $1
Krazy90: posts big blind $3
*** HOLE CARDS ***
sim5sim5: raises $3 to $6
Krazy90: calls $3
*** FLOP *** [Qd Tc Kc]
Krazy90: checks
sim5sim5: bets $3
Krazy90: raises $3 to $6
sim5sim5: raises $3 to $9
Krazy90: calls $3
*** TURN *** [Qd Tc Kc] [9c]
Krazy90: checks
sim5sim5: bets $6
Krazy90: calls $6
*** RIVER *** [Qd Tc Kc 9c] [Js]
Krazy90: checks
sim5sim5: checks
*** SHOW DOWN ***
Krazy90: shows [Ks 3d] (a straight, Nine to King)
sim5sim5: shows [Jd 9s] (a straight, Nine to King)
Krazy90 collected $20.75 from pot
sim5sim5 collected $20.75 from pot
*** SUMMARY ***
Total pot $42 | Rake $0.50
Board [Qd Tc Kc 9c Js]
Seat 1: sim5sim5 (button) (small blind) showed [Jd 9s] and won ($20.75) with a straight, Nine to King
Seat 2: Krazy90 (big blind) showed [Ks 3d] and won ($20.75) with a straight, Nine to King


PokerStars Hand #173393093091:  Hold'em Limit ($3/$6 USD) - 2017/07/23 5:23:20 ET
Table 'Vera' 6-max Seat #2 is the button
Seat 1: sim5sim5 ($161.52 in chips)
Seat 2: Krazy90 ($164 in chips)
Krazy90: posts small blind $1
sim5sim5: posts big blind $3
*** HOLE CARDS ***
Krazy90: folds
Uncalled bet ($2) returned to sim5sim5
sim5sim5 collected $2 from pot
sim5sim5: doesn't show hand
*** SUMMARY ***
Total pot $2 | Rake $0
Seat 1: sim5sim5 (big blind) collected ($2)
Seat 2: Krazy90 (button) (small blind) folded before Flop


PokerStars Hand #173393075336:  Hold'em Limit ($3/$6 USD) - 2017/07/23 5:22:34 ET
Table 'Vera' 6-max Seat #1 is the button
Seat 1: sim5sim5 ($182.52 in chips)
Seat 2: Krazy90 ($143.50 in chips)
sim5sim5: posts small blind $1
Krazy90: posts big blind $3
*** HOLE CARDS ***
sim5sim5: raises $3 to $6
Krazy90: raises $3 to $9
sim5sim5: calls $3
*** FLOP *** [8h Jc Qc]
Krazy90: bets $3
sim5sim5: raises $3 to $6
Krazy90: raises $3 to $9
sim5sim5: raises $3 to $12
Betting is capped
Krazy90: calls $3
*** TURN *** [8h Jc Qc] [Qh]
Krazy90: checks
sim5sim5: checks
*** RIVER *** [8h Jc Qc Qh] [2s]
Krazy90: bets $6
sim5sim5: folds
Uncalled bet ($6) returned to Krazy90
Krazy90 collected $41.50 from pot
Krazy90: doesn't show hand
*** SUMMARY ***
Total pot $42 | Rake $0.50
Board [8h Jc Qc Qh 2s]
Seat 1: sim5sim5 (button) (small blind) folded on the River
Seat 2: Krazy90 (big blind) collected ($41.50)


PokerStars Hand #173393116289:  Hold'em Limit ($3/$6 USD) - 2017/07/23 5:24:20 ET
Table 'Vera' 6-max Seat #2 is the button
Seat 1: sim5sim5 ($169.03 in chips)
Seat 2: Krazy90 ($155.75 in chips)
Krazy90: posts small blind $1
sim5sim5: posts big blind $3
*** HOLE CARDS ***
Krazy90: raises $3 to $6
sim5sim5: folds
Uncalled bet ($3) returned to Krazy90
Krazy90 collected $6 from pot
Krazy90: doesn't show hand
*** SUMMARY ***
Total pot $6 | Rake $0
Seat 1: sim5sim5 (big blind) folded before Flop
Seat 2: Krazy90 (button) (small blind) collected ($6)


PokerStars Hand #173393127662:  Hold'em Limit ($3/$6 USD) - 2017/07/23 5:24:49 ET
Table 'Vera' 6-max Seat #2 is the button
Seat 1: sim5sim5 ($157.03 in chips)
Seat 2: Krazy90 ($167.39 in chips)
Krazy90: posts small blind $1
sim5sim5: posts big blind $3
*** HOLE CARDS ***
Krazy90: folds
Uncalled bet ($2) returned to sim5sim5
sim5sim5 collected $2 from pot
sim5sim5: doesn't show hand
*** SUMMARY ***
Total pot $2 | Rake $0
Seat 1: sim5sim5 (big blind) collected ($2)
Seat 2: Krazy90 (button) (small blind) folded before Flop


PokerStars Hand #173393118955:  Hold'em Limit ($3/$6 USD) - 2017/07/23 5:24:27 ET
Table 'Vera' 6-max Seat #1 is the button
Seat 1: sim5sim5 ($166.03 in chips)
Seat 2: Krazy90 ($158.75 in chips)
sim5sim5: posts small blind $1
Krazy90: posts big blind $3
*** HOLE CARDS ***
sim5sim5: raises $3 to $6
Krazy90: calls $3
*** FLOP *** [9s 2h 7h]
Krazy90: checks
sim5sim5: bets $3
Krazy90: calls $3
*** TURN *** [9s 2h 7h] [8h]
Krazy90: checks
sim5sim5: checks
*** RIVER *** [9s 2h 7h 8h] [Qh]
Krazy90: bets $6
sim5sim5: folds
Uncalled bet ($6) returned to Krazy90
Krazy90 collected $17.64 from pot
Krazy90: doesn't show hand
*** SUMMARY ***
Total pot $18 | Rake $0.36
Board [9s 2h 7h 8h Qh]
Seat 1: sim5sim5 (button) (small blind) folded on the River
Seat 2: Krazy90 (big blind) collected ($17.64)


PokerStars Hand #173393105774:  Hold'em Limit ($3/$6 USD) - 2017/07/23 5:23:53 ET
Table 'Vera' 6-max Seat #2 is the button
Seat 1: sim5sim5 ($162.27 in chips)
Seat 2: Krazy90 ($162.75 in chips)
Krazy90: posts small blind $1
sim5sim5: posts big blind $3
*** HOLE CARDS ***
Krazy90: folds
Uncalled bet ($2) returned to sim5sim5
sim5sim5 collected $2 from pot
sim5sim5: doesn't show hand
*** SUMMARY ***
Total pot $2 | Rake $0
Seat 1: sim5sim5 (big blind) collected ($2)
Seat 2: Krazy90 (button) (small blind) folded before Flop


PokerStars Hand #173393107581:  Hold'em Limit ($3/$6 USD) - 2017/07/23 5:23:58 ET
Table 'Vera' 6-max Seat #1 is the button
Seat 1: sim5sim5 ($163.27 in chips)
Seat 2: Krazy90 ($161.75 in chips)
sim5sim5: posts small blind $1
Krazy90: posts big blind $3
*** HOLE CARDS ***
sim5sim5: raises $3 to $6
Krazy90: calls $3
*** FLOP *** [As 2c 2h]
Krazy90: checks
sim5sim5: bets $3
Krazy90: folds
Uncalled bet ($3) returned to sim5sim5
sim5sim5 collected $11.76 from pot
sim5sim5: doesn't show hand
*** SUMMARY ***
Total pot $12 | Rake $0.24
Board [As 2c 2h]
Seat 1: sim5sim5 (button) (small blind) collected ($11.76)
Seat 2: Krazy90 (big blind) folded on the Flop


PokerStars Hand #173393140451:  Hold'em Limit ($3/$6 USD) - 2017/07/23 5:25:22 ET
Table 'Vera' 6-max Seat #2 is the button
Seat 1: sim5sim5 ($184.53 in chips)
Seat 2: Krazy90 ($139.39 in chips)
Krazy90: posts small blind $1
sim5sim5: posts big blind $3
*** HOLE CARDS ***
Krazy90: raises $3 to $6
sim5sim5: calls $3
*** FLOP *** [Js 8s Ad]
sim5sim5: checks
Krazy90: bets $3
sim5sim5: calls $3
*** TURN *** [Js 8s Ad] [5c]
sim5sim5: checks
Krazy90: bets $6
sim5sim5: folds
Uncalled bet ($6) returned to Krazy90
Krazy90 collected $17.64 from pot
Krazy90: doesn't show hand
*** SUMMARY ***
Total pot $18 | Rake $0.36
Board [Js 8s Ad 5c]
Seat 1: sim5sim5 (big blind) folded on the Turn
Seat 2: Krazy90 (button) (small blind) collected ($17.64)


PokerStars Hand #173393170693:  Hold'em Limit ($3/$6 USD) - 2017/07/23 5:26:40 ET
Table 'Vera' 6-max Seat #2 is the button
Seat 1: sim5sim5 ($185.29 in chips)
Seat 2: Krazy90 ($138.03 in chips)
Krazy90: posts small blind $1
sim5sim5: posts big blind $3
*** HOLE CARDS ***
Krazy90: raises $3 to $6
sim5sim5: calls $3
*** FLOP *** [7c 8h 6s]
sim5sim5: checks
Krazy90: bets $3
sim5sim5: folds
Uncalled bet ($3) returned to Krazy90
Krazy90 collected $11.76 from pot
Krazy90: doesn't show hand
*** SUMMARY ***
Total pot $12 | Rake $0.24
Board [7c 8h 6s]
Seat 1: sim5sim5 (big blind) folded on the Flop
Seat 2: Krazy90 (button) (small blind) collected ($11.76)


PokerStars Hand #173393153354:  Hold'em Limit ($3/$6 USD) - 2017/07/23 5:25:55 ET
Table 'Vera' 6-max Seat #1 is the button
Seat 1: sim5sim5 ($175.53 in chips)
Seat 2: Krazy90 ($148.03 in chips)
sim5sim5: posts small blind $1
Krazy90: posts big blind $3
*** HOLE CARDS ***
sim5sim5: raises $3 to $6
Krazy90: folds
Uncalled bet ($3) returned to sim5sim5
sim5sim5 collected $6 from pot
sim5sim5: doesn't show hand
*** SUMMARY ***
Total pot $6 | Rake $0
Seat 1: sim5sim5 (button) (small blind) collected ($6)
Seat 2: Krazy90 (big blind) folded before Flop


PokerStars Hand #173393162575:  Hold'em Limit ($3/$6 USD) - 2017/07/23 5:26:19 ET
Table 'Vera' 6-max Seat #1 is the button
Seat 1: sim5sim5 ($179.53 in chips)
Seat 2: Krazy90 ($144.03 in chips)
sim5sim5: posts small blind $1
Krazy90: posts big blind $3
*** HOLE CARDS ***
sim5sim5: raises $3 to $6
Krazy90: calls $3
*** FLOP *** [As Tc Qs]
Krazy90: checks
sim5sim5: bets $3
Krazy90: folds
Uncalled bet ($3) returned to sim5sim5
sim5sim5 collected $11.76 from pot
sim5sim5: doesn't show hand
*** SUMMARY ***
Total pot $12 | Rake $0.24
Board [As Tc Qs]
Seat 1: sim5sim5 (button) (small blind) collected ($11.76)
Seat 2: Krazy90 (big blind) folded on the Flop


PokerStars Hand #173393156107:  Hold'em Limit ($3/$6 USD) - 2017/07/23 5:26:02 ET
Table 'Vera' 6-max Seat #2 is the button
Seat 1: sim5sim5 ($178.53 in chips)
Seat 2: Krazy90 ($145.03 in chips)
Krazy90: posts small blind $1
sim5sim5: posts big blind $3
*** HOLE CARDS ***
Krazy90: folds
Uncalled bet ($2) returned to sim5sim5
sim5sim5 collected $2 from pot
sim5sim5: doesn't show hand
*** SUMMARY ***
Total pot $2 | Rake $0
Seat 1: sim5sim5 (big blind) collected ($2)
Seat 2: Krazy90 (button) (small blind) folded before Flop


PokerStars Hand #173393176965:  Hold'em Limit ($3/$6 USD) - 2017/07/23 5:26:56 ET
Table 'Vera' 6-max Seat #1 is the button
Seat 1: sim5sim5 ($179.29 in chips)
Seat 2: Krazy90 ($143.79 in chips)
sim5sim5: posts small blind $1
Krazy90: posts big blind $3
*** HOLE CARDS ***
sim5sim5: raises $3 to $6
Krazy90: calls $3
*** FLOP *** [3d 8d 5d]
Krazy90: checks
sim5sim5: bets $3
Krazy90: calls $3
*** TURN *** [3d 8d 5d] [9d]
Krazy90: checks
sim5sim5: checks
*** RIVER *** [3d 8d 5d 9d] [8s]
Krazy90: bets $6
sim5sim5: calls $6
*** SHOW DOWN ***
Krazy90: shows [Ks Qs] (a pair of Eights)
sim5sim5: shows [Kh Qd] (a flush, Queen high)
sim5sim5 collected $29.50 from pot
*** SUMMARY ***
Total pot $30 | Rake $0.50
Board [3d 8d 5d 9d 8s]
Seat 1: sim5sim5 (button) (small blind) showed [Kh Qd] and won ($29.50) with a flush, Queen high
Seat 2: Krazy90 (big blind) showed [Ks Qs] and lost with a pair of Eights


PokerStars Hand #173393186448:  Hold'em Limit ($3/$6 USD) - 2017/07/23 5:27:20 ET
Table 'Vera' 6-max Seat #2 is the button
Seat 1: sim5sim5 ($193.79 in chips)
Seat 2: Krazy90 ($128.79 in chips)
Krazy90: posts small blind $1
sim5sim5: posts big blind $3
*** HOLE CARDS ***
Krazy90: raises $3 to $6
sim5sim5: calls $3
*** FLOP *** [Kc 8s 2s]
sim5sim5: checks
Krazy90: bets $3
sim5sim5: calls $3
*** TURN *** [Kc 8s 2s] [Ad]
sim5sim5: checks
Krazy90: bets $6
sim5sim5: folds
Uncalled bet ($6) returned to Krazy90
Krazy90 collected $17.64 from pot
Krazy90: doesn't show hand
*** SUMMARY ***
Total pot $18 | Rake $0.36
Board [Kc 8s 2s Ad]
Seat 1: sim5sim5 (big blind) folded on the Turn
Seat 2: Krazy90 (button) (small blind) collected ($17.64)


PokerStars Hand #173393196268:  Hold'em Limit ($3/$6 USD) - 2017/07/23 5:27:45 ET
Table 'Vera' 6-max Seat #1 is the button
Seat 1: sim5sim5 ($184.79 in chips)
Seat 2: Krazy90 ($137.43 in chips)
sim5sim5: posts small blind $1
Krazy90: posts big blind $3
*** HOLE CARDS ***
sim5sim5: folds
Uncalled bet ($2) returned to Krazy90
Krazy90 collected $2 from pot
Krazy90: doesn't show hand
MARIBORO8 joins the table at seat #4
*** SUMMARY ***
Total pot $2 | Rake $0
Seat 1: sim5sim5 (button) (small blind) folded before Flop
Seat 2: Krazy90 (big blind) collected ($2)


PokerStars Hand #173394743874:  Hold'em Limit ($3/$6 USD) - 2017/07/23 6:31:14 ET
Table 'Vera' 6-max Seat #4 is the button
Seat 3: Apanage ($98 in chips)
Seat 4: NewRocker ($74.11 in chips)
NewRocker: posts small blind $1
bAAchi: is sitting out
Apanage: posts big blind $3
*** HOLE CARDS ***
NewRocker: raises $3 to $6
bAAchi leaves the table
Apanage: calls $3
*** FLOP *** [6c 5d Td]
Apanage: checks
NewRocker: bets $3
Apanage: calls $3
*** TURN *** [6c 5d Td] [Jh]
Apanage: checks
NewRocker: bets $6
Apanage: calls $6
*** RIVER *** [6c 5d Td Jh] [4d]
Apanage: checks
NewRocker: bets $6
Apanage: calls $6
*** SHOW DOWN ***
NewRocker: shows [Qc Jc] (a pair of Jacks)
Apanage: mucks hand
NewRocker collected $41.50 from pot
*** SUMMARY ***
Total pot $42 | Rake $0.50
Board [6c 5d Td Jh 4d]
Seat 3: Apanage (big blind) mucked
Seat 4: NewRocker (button) (small blind) showed [Qc Jc] and won ($41.50) with a pair of Jacks


