PokerStars Hand #148037277553:  Hold'em Limit ($3/$6 USD) - 2016/02/01 2:04:00 ET
Table 'Vera' 6-max Seat #1 is the button
Seat 1: gropton ($138 in chips)
Seat 2: AzureCaper ($77.76 in chips)
gropton: posts small blind $1
AzureCaper: posts big blind $3
*** HOLE CARDS ***
gropton: raises $3 to $6
AzureCaper: folds
Uncalled bet ($3) returned to gropton
gropton collected $6 from pot
gropton: doesn't show hand
*** SUMMARY ***
Total pot $6 | Rake $0
Seat 1: gropton (button) (small blind) collected ($6)
Seat 2: AzureCaper (big blind) folded before Flop


PokerStars Hand #148037269202:  Hold'em Limit ($3/$6 USD) - 2016/02/01 2:03:28 ET
Table 'Vera' 6-max Seat #2 is the button
Seat 1: gropton ($144 in chips)
Seat 2: AzureCaper ($72 in chips)
AzureCaper: posts small blind $1
TbIP-TbIP 88: is sitting out
TbIP-TbIP 88 leaves the table
gropton: posts big blind $3
*** HOLE CARDS ***
AzureCaper: raises $3 to $6
gropton: calls $3
*** FLOP *** [9d Kc 5s]
gropton: checks
AzureCaper: bets $3
gropton: folds
Uncalled bet ($3) returned to AzureCaper
AzureCaper collected $11.76 from pot
AzureCaper: doesn't show hand
*** SUMMARY ***
Total pot $12 | Rake $0.24
Board [9d Kc 5s]
Seat 1: gropton (big blind) folded on the Flop
Seat 2: AzureCaper (button) (small blind) collected ($11.76)


PokerStars Hand #148037280473:  Hold'em Limit ($3/$6 USD) - 2016/02/01 2:04:11 ET
Table 'Vera' 6-max Seat #1 is the button
Seat 1: gropton ($142 in chips)
Seat 2: AzureCaper ($73.76 in chips)
gropton: posts small blind $1
AzureCaper: posts big blind $3
*** HOLE CARDS ***
gropton: folds
Uncalled bet ($2) returned to AzureCaper
AzureCaper collected $2 from pot
AzureCaper: doesn't show hand
*** SUMMARY ***
Total pot $2 | Rake $0
Seat 1: gropton (button) (small blind) folded before Flop
Seat 2: AzureCaper (big blind) collected ($2)


PokerStars Hand #148037279250:  Hold'em Limit ($3/$6 USD) - 2016/02/01 2:04:06 ET
Table 'Vera' 6-max Seat #2 is the button
Seat 1: gropton ($141 in chips)
Seat 2: AzureCaper ($74.76 in chips)
AzureCaper: posts small blind $1
gropton: posts big blind $3
*** HOLE CARDS ***
AzureCaper: folds
Uncalled bet ($2) returned to gropton
gropton collected $2 from pot
gropton: doesn't show hand
*** SUMMARY ***
Total pot $2 | Rake $0
Seat 1: gropton (big blind) collected ($2)
Seat 2: AzureCaper (button) (small blind) folded before Flop


PokerStars Hand #148037290261:  Hold'em Limit ($3/$6 USD) - 2016/02/01 2:04:47 ET
Table 'Vera' 6-max Seat #2 is the button
Seat 1: gropton ($137 in chips)
Seat 2: AzureCaper ($78.76 in chips)
AzureCaper: posts small blind $1
gropton: posts big blind $3
*** HOLE CARDS ***
AzureCaper: raises $3 to $6
gropton: folds
Uncalled bet ($3) returned to AzureCaper
AzureCaper collected $6 from pot
AzureCaper: doesn't show hand
*** SUMMARY ***
Total pot $6 | Rake $0
Seat 1: gropton (big blind) folded before Flop
Seat 2: AzureCaper (button) (small blind) collected ($6)


PokerStars Hand #148037288141:  Hold'em Limit ($3/$6 USD) - 2016/02/01 2:04:39 ET
Table 'Vera' 6-max Seat #1 is the button
Seat 1: gropton ($138 in chips)
Seat 2: AzureCaper ($77.76 in chips)
gropton: posts small blind $1
AzureCaper: posts big blind $3
*** HOLE CARDS ***
gropton: folds
Uncalled bet ($2) returned to AzureCaper
AzureCaper collected $2 from pot
AzureCaper: doesn't show hand
*** SUMMARY ***
Total pot $2 | Rake $0
Seat 1: gropton (button) (small blind) folded before Flop
Seat 2: AzureCaper (big blind) collected ($2)


PokerStars Hand #148037283640:  Hold'em Limit ($3/$6 USD) - 2016/02/01 2:04:23 ET
Table 'Vera' 6-max Seat #1 is the button
Seat 1: gropton ($142 in chips)
Seat 2: AzureCaper ($73.76 in chips)
gropton: posts small blind $1
AzureCaper: posts big blind $3
*** HOLE CARDS ***
gropton: folds
Uncalled bet ($2) returned to AzureCaper
AzureCaper collected $2 from pot
AzureCaper: doesn't show hand
*** SUMMARY ***
Total pot $2 | Rake $0
Seat 1: gropton (button) (small blind) folded before Flop
Seat 2: AzureCaper (big blind) collected ($2)


PokerStars Hand #148037282041:  Hold'em Limit ($3/$6 USD) - 2016/02/01 2:04:17 ET
Table 'Vera' 6-max Seat #2 is the button
Seat 1: gropton ($141 in chips)
Seat 2: AzureCaper ($74.76 in chips)
AzureCaper: posts small blind $1
gropton: posts big blind $3
*** HOLE CARDS ***
AzureCaper: folds
Uncalled bet ($2) returned to gropton
gropton collected $2 from pot
gropton: doesn't show hand
*** SUMMARY ***
Total pot $2 | Rake $0
Seat 1: gropton (big blind) collected ($2)
Seat 2: AzureCaper (button) (small blind) folded before Flop


PokerStars Hand #148037292362:  Hold'em Limit ($3/$6 USD) - 2016/02/01 2:04:55 ET
Table 'Vera' 6-max Seat #1 is the button
Seat 1: gropton ($134 in chips)
Seat 2: AzureCaper ($81.76 in chips)
gropton: posts small blind $1
AzureCaper: posts big blind $3
*** HOLE CARDS ***
gropton: folds
Uncalled bet ($2) returned to AzureCaper
AzureCaper collected $2 from pot
AzureCaper: doesn't show hand
*** SUMMARY ***
Total pot $2 | Rake $0
Seat 1: gropton (button) (small blind) folded before Flop
Seat 2: AzureCaper (big blind) collected ($2)


PokerStars Hand #148037294573:  Hold'em Limit ($3/$6 USD) - 2016/02/01 2:05:04 ET
Table 'Vera' 6-max Seat #2 is the button
Seat 1: gropton ($133 in chips)
Seat 2: AzureCaper ($82.76 in chips)
AzureCaper: posts small blind $1
gropton: posts big blind $3
*** HOLE CARDS ***
AzureCaper: folds
Uncalled bet ($2) returned to gropton
gropton collected $2 from pot
gropton: doesn't show hand
*** SUMMARY ***
Total pot $2 | Rake $0
Seat 1: gropton (big blind) collected ($2)
Seat 2: AzureCaper (button) (small blind) folded before Flop


PokerStars Hand #148037296194:  Hold'em Limit ($3/$6 USD) - 2016/02/01 2:05:09 ET
Table 'Vera' 6-max Seat #1 is the button
Seat 1: gropton ($134 in chips)
Seat 2: AzureCaper ($81.76 in chips)
gropton: posts small blind $1
AzureCaper: posts big blind $3
*** HOLE CARDS ***
gropton: raises $3 to $6
AzureCaper: calls $3
*** FLOP *** [8s 6d 2s]
AzureCaper: checks
gropton: bets $3
AzureCaper: calls $3
*** TURN *** [8s 6d 2s] [8c]
AzureCaper: checks
gropton: bets $6
AzureCaper: calls $6
*** RIVER *** [8s 6d 2s 8c] [Qh]
AzureCaper: checks
gropton: bets $6
AzureCaper: calls $6
*** SHOW DOWN ***
gropton: shows [2c 6c] (two pair, Eights and Sixes)
AzureCaper: mucks hand
gropton collected $41.50 from pot
*** SUMMARY ***
Total pot $42 | Rake $0.50
Board [8s 6d 2s 8c Qh]
Seat 1: gropton (button) (small blind) showed [2c 6c] and won ($41.50) with two pair, Eights and Sixes
Seat 2: AzureCaper (big blind) mucked


PokerStars Hand #148037309154:  Hold'em Limit ($3/$6 USD) - 2016/02/01 2:05:58 ET
Table 'Vera' 6-max Seat #2 is the button
Seat 1: gropton ($154.50 in chips)
Seat 2: AzureCaper ($72 in chips)
AzureCaper: posts small blind $1
gropton: posts big blind $3
*** HOLE CARDS ***
AzureCaper: raises $3 to $6
gropton: calls $3
*** FLOP *** [3c 7h 4d]
gropton: checks
AzureCaper: bets $3
gropton: calls $3
*** TURN *** [3c 7h 4d] [5h]
gropton: checks
AzureCaper: bets $6
gropton: raises $6 to $12
AzureCaper: calls $6
*** RIVER *** [3c 7h 4d 5h] [3d]
gropton: bets $6
AzureCaper: calls $6
*** SHOW DOWN ***
gropton: shows [7c 6c] (a straight, Three to Seven)
AzureCaper: mucks hand
gropton collected $53.50 from pot
*** SUMMARY ***
Total pot $54 | Rake $0.50
Board [3c 7h 4d 5h 3d]
Seat 1: gropton (big blind) showed [7c 6c] and won ($53.50) with a straight, Three to Seven
Seat 2: AzureCaper (button) (small blind) mucked


PokerStars Hand #148037320440:  Hold'em Limit ($3/$6 USD) - 2016/02/01 2:06:41 ET
Table 'Vera' 6-max Seat #1 is the button
Seat 1: gropton ($181 in chips)
Seat 2: AzureCaper ($67.63 in chips)
gropton: posts small blind $1
AzureCaper: posts big blind $3
*** HOLE CARDS ***
gropton has timed out
gropton: folds
Uncalled bet ($2) returned to AzureCaper
AzureCaper collected $2 from pot
AzureCaper: doesn't show hand
*** SUMMARY ***
Total pot $2 | Rake $0
Seat 1: gropton (button) (small blind) folded before Flop
Seat 2: AzureCaper (big blind) collected ($2)


