PokerStars Hand #163028899349:  Hold'em Limit ($3/$6 USD) - 2016/12/16 9:13:51 ET
Table 'Verbaandert' 10-max Seat #8 is the button
Seat 7: fourthtry ($45.06 in chips)
Seat 8: ToDaFelt ($125.76 in chips)
ToDaFelt: posts small blind $1
fourthtry: posts big blind $3
*** HOLE CARDS ***
ToDaFelt: raises $3 to $6
fourthtry: calls $3
*** FLOP *** [4c 3s Ah]
fourthtry: checks
ToDaFelt: bets $3
fourthtry: calls $3
*** TURN *** [4c 3s Ah] [2d]
fourthtry: checks
Actionni13 joins the table at seat #6
ToDaFelt: checks
*** RIVER *** [4c 3s Ah 2d] [3h]
fourthtry: bets $6
ToDaFelt: folds
Uncalled bet ($6) returned to fourthtry
fourthtry collected $17.64 from pot
*** SUMMARY ***
Total pot $18 | Rake $0.36
Board [4c 3s Ah 2d 3h]
Seat 7: fourthtry (big blind) collected ($17.64)
Seat 8: ToDaFelt (button) (small blind) folded on the River


PokerStars Hand #163028880378:  Hold'em Limit ($3/$6 USD) - 2016/12/16 9:13:20 ET
Table 'Verbaandert' 10-max Seat #7 is the button
Seat 7: fourthtry ($51.06 in chips)
Seat 8: ToDaFelt ($120 in chips)
fourthtry: posts small blind $1
ToDaFelt: posts big blind $3
*** HOLE CARDS ***
fourthtry: calls $2
ToDaFelt: checks
*** FLOP *** [8h 2d 3d]
ToDaFelt: bets $3
fourthtry: calls $3
*** TURN *** [8h 2d 3d] [Jh]
ToDaFelt: bets $6
fourthtry: folds
Uncalled bet ($6) returned to ToDaFelt
ToDaFelt collected $11.76 from pot
ToDaFelt: doesn't show hand
*** SUMMARY ***
Total pot $12 | Rake $0.24
Board [8h 2d 3d Jh]
Seat 7: fourthtry (button) (small blind) folded on the Turn
Seat 8: ToDaFelt (big blind) collected ($11.76)


PokerStars Hand #163028927817:  Hold'em Limit ($3/$6 USD) - 2016/12/16 9:14:38 ET
Table 'Verbaandert' 10-max Seat #7 is the button
Seat 7: fourthtry ($53.70 in chips)
Seat 8: ToDaFelt ($116.76 in chips)
fourthtry: posts small blind $1
ToDaFelt: posts big blind $3
*** HOLE CARDS ***
fourthtry: calls $2
ToDaFelt: raises $3 to $6
fourthtry: calls $3
*** FLOP *** [7c 9h Kd]
ToDaFelt: bets $3
fourthtry: folds
Uncalled bet ($3) returned to ToDaFelt
ToDaFelt collected $11.76 from pot
ToDaFelt: doesn't show hand
*** SUMMARY ***
Total pot $12 | Rake $0.24
Board [7c 9h Kd]
Seat 7: fourthtry (button) (small blind) folded on the Flop
Seat 8: ToDaFelt (big blind) collected ($11.76)


PokerStars Hand #163030854014:  Hold'em Limit ($3/$6 USD) - 2016/12/16 10:04:54 ET
Table 'Verbaandert' 10-max Seat #2 is the button
Seat 2: fsreibnitz ($34.77 in chips)
Seat 8: ToDaFelt ($129.85 in chips)
fsreibnitz: posts small blind $1
l'anglais74: is sitting out
ToDaFelt: posts big blind $3
*** HOLE CARDS ***
fsreibnitz: raises $3 to $6
l'anglais74 leaves the table
ToDaFelt: calls $3
*** FLOP *** [5h Kh 3c]
ToDaFelt: checks
fsreibnitz: checks
*** TURN *** [5h Kh 3c] [As]
ToDaFelt: checks
fsreibnitz: bets $6
whatever723 joins the table at seat #7
ToDaFelt: calls $6
*** RIVER *** [5h Kh 3c As] [9h]
ToDaFelt: checks
fsreibnitz: checks
*** SHOW DOWN ***
ToDaFelt: shows [Qc 7c] (high card Ace)
fsreibnitz: shows [5d Ac] (two pair, Aces and Fives)
fsreibnitz collected $23.52 from pot
*** SUMMARY ***
Total pot $24 | Rake $0.48
Board [5h Kh 3c As 9h]
Seat 2: fsreibnitz (button) (small blind) showed [5d Ac] and won ($23.52) with two pair, Aces and Fives
Seat 8: ToDaFelt (big blind) showed [Qc 7c] and lost with high card Ace


PokerStars Hand #163030887138:  Hold'em Limit ($3/$6 USD) - 2016/12/16 10:05:37 ET
Table 'Verbaandert' 10-max Seat #8 is the button
Seat 2: fsreibnitz ($46.29 in chips)
Seat 8: ToDaFelt ($117.85 in chips)
ToDaFelt: posts small blind $1
fsreibnitz: posts big blind $3
*** HOLE CARDS ***
ToDaFelt: folds
Uncalled bet ($2) returned to fsreibnitz
fsreibnitz collected $2 from pot
*** SUMMARY ***
Total pot $2 | Rake $0
Seat 2: fsreibnitz (big blind) collected ($2)
Seat 8: ToDaFelt (button) (small blind) folded before Flop


PokerStars Hand #163036772006:  Hold'em Limit ($3/$6 USD) - 2016/12/16 12:20:05 ET
Table 'Verbaandert' 10-max Seat #7 is the button
Seat 1: jacobkimm ($87.11 in chips)
Seat 7: ToDaFelt ($94.66 in chips)
ToDaFelt: posts small blind $1
vestimokrec: is sitting out
jacobkimm: posts big blind $3
*** HOLE CARDS ***
vestimokrec leaves the table
ToDaFelt: raises $3 to $6
jacobkimm: calls $3
*** FLOP *** [8h Kh Qs]
jacobkimm: checks
ToDaFelt: bets $3
jacobkimm: calls $3
*** TURN *** [8h Kh Qs] [3d]
jacobkimm: checks
ToDaFelt: bets $6
jacobkimm: raises $6 to $12
ToDaFelt: folds
Uncalled bet ($6) returned to jacobkimm
jacobkimm collected $29.50 from pot
*** SUMMARY ***
Total pot $30 | Rake $0.50
Board [8h Kh Qs 3d]
Seat 1: jacobkimm (big blind) collected ($29.50)
Seat 7: ToDaFelt (button) (small blind) folded on the Turn


PokerStars Hand #163037491103:  Hold'em Limit ($3/$6 USD) - 2016/12/16 12:35:25 ET
Table 'Verbaandert' 10-max Seat #3 is the button
Seat 1: jacobkimm ($34.72 in chips)
Seat 3: ToDaFelt ($131.91 in chips)
ToDaFelt: posts small blind $1
jacobkimm: posts big blind $3
*** HOLE CARDS ***
ToDaFelt: raises $3 to $6
jacobkimm: folds
Uncalled bet ($3) returned to ToDaFelt
ToDaFelt collected $6 from pot
ToDaFelt: doesn't show hand
*** SUMMARY ***
Total pot $6 | Rake $0
Seat 1: jacobkimm (big blind) folded before Flop
Seat 3: ToDaFelt (button) (small blind) collected ($6)


PokerStars Hand #163037513055:  Hold'em Limit ($3/$6 USD) - 2016/12/16 12:35:52 ET
Table 'Verbaandert' 10-max Seat #1 is the button
Seat 1: jacobkimm ($31.72 in chips)
Seat 10: zepsweden ($609.32 in chips)
jacobkimm: posts small blind $1
zepsweden: posts big blind $3
*** HOLE CARDS ***
jacobkimm: raises $3 to $6
ToDaFelt joins the table at seat #2
zepsweden: raises $3 to $9
jacobkimm: calls $3
*** FLOP *** [Ks Qd Ad]
zepsweden: bets $3
jacobkimm: calls $3
*** TURN *** [Ks Qd Ad] [3s]
zepsweden: bets $6
jacobkimm: raises $6 to $12
zepsweden: raises $6 to $18
jacobkimm: calls $6
*** RIVER *** [Ks Qd Ad 3s] [Jd]
zepsweden: bets $6
jacobkimm: calls $1.72 and is all-in
Uncalled bet ($4.28) returned to zepsweden
*** SHOW DOWN ***
zepsweden: shows [Ah 4s] (a pair of Aces)
jacobkimm: shows [Js Kc] (two pair, Kings and Jacks)
jacobkimm collected $62.94 from pot
*** SUMMARY ***
Total pot $63.44 | Rake $0.50
Board [Ks Qd Ad 3s Jd]
Seat 1: jacobkimm (button) (small blind) showed [Js Kc] and won ($62.94) with two pair, Kings and Jacks
Seat 10: zepsweden (big blind) showed [Ah 4s] and lost with a pair of Aces


PokerStars Hand #163037553066:  Hold'em Limit ($3/$6 USD) - 2016/12/16 12:36:43 ET
Table 'Verbaandert' 10-max Seat #10 is the button
Seat 1: jacobkimm ($62.94 in chips)
Seat 10: zepsweden ($577.60 in chips)
zepsweden: posts small blind $1
jacobkimm: posts big blind $3
*** HOLE CARDS ***
zepsweden: raises $3 to $6
jacobkimm: calls $3
*** FLOP *** [Ts Qd 7d]
jacobkimm: checks
zepsweden: bets $3
jacobkimm: raises $3 to $6
zepsweden: calls $3
*** TURN *** [Ts Qd 7d] [6s]
jacobkimm: bets $6
zepsweden: folds
Uncalled bet ($6) returned to jacobkimm
jacobkimm collected $23.52 from pot
*** SUMMARY ***
Total pot $24 | Rake $0.48
Board [Ts Qd 7d 6s]
Seat 1: jacobkimm (big blind) collected ($23.52)
Seat 10: zepsweden (button) (small blind) folded on the Turn


PokerStars Hand #163042075994:  Hold'em Limit ($3/$6 USD) - 2016/12/16 14:07:40 ET
Table 'Verbaandert' 10-max Seat #10 is the button
Seat 2: ToDaFelt ($133.25 in chips)
Seat 10: kurt-ola ($209.10 in chips)
Kikimor1220 will be allowed to play after the button
kurt-ola: posts small blind $1
ToDaFelt: posts big blind $3
*** HOLE CARDS ***
kurt-ola: raises $3 to $6
ToDaFelt: calls $3
*** FLOP *** [6c 5d Qs]
ToDaFelt: checks
kurt-ola: checks
*** TURN *** [6c 5d Qs] [2d]
ToDaFelt: checks
kurt-ola: bets $6
ToDaFelt: folds
Uncalled bet ($6) returned to kurt-ola
fsreibnitz leaves the table
kurt-ola collected $11.76 from pot
kurt-ola: doesn't show hand
*** SUMMARY ***
Total pot $12 | Rake $0.24
Board [6c 5d Qs 2d]
Seat 2: ToDaFelt (big blind) folded on the Turn
Seat 10: kurt-ola (button) (small blind) collected ($11.76)


PokerStars Hand #163042135755:  Hold'em Limit ($3/$6 USD) - 2016/12/16 14:08:49 ET
Table 'Verbaandert' 10-max Seat #10 is the button
Seat 2: ToDaFelt ($103.25 in chips)
Seat 10: kurt-ola ($238.36 in chips)
kurt-ola: posts small blind $1
ToDaFelt: posts big blind $3
*** HOLE CARDS ***
kurt-ola: raises $3 to $6
ToDaFelt: folds
Uncalled bet ($3) returned to kurt-ola
kurt-ola collected $6 from pot
kurt-ola: doesn't show hand
*** SUMMARY ***
Total pot $6 | Rake $0
Seat 2: ToDaFelt (big blind) folded before Flop
Seat 10: kurt-ola (button) (small blind) collected ($6)


PokerStars Hand #163042108435:  Hold'em Limit ($3/$6 USD) - 2016/12/16 14:08:17 ET
Table 'Verbaandert' 10-max Seat #2 is the button
Seat 2: ToDaFelt ($127.25 in chips)
Seat 10: kurt-ola ($214.86 in chips)
ToDaFelt: posts small blind $1
kurt-ola: posts big blind $3
*** HOLE CARDS ***
ToDaFelt: raises $3 to $6
kurt-ola: calls $3
*** FLOP *** [9c 5d Ks]
Kikimor1220 leaves the table
kurt-ola: checks
ToDaFelt: bets $3
kurt-ola: raises $3 to $6
ToDaFelt: calls $3
*** TURN *** [9c 5d Ks] [5c]
kurt-ola: bets $6
ToDaFelt: calls $6
*** RIVER *** [9c 5d Ks 5c] [Qh]
kurt-ola: bets $6
ToDaFelt: calls $6
*** SHOW DOWN ***
kurt-ola: shows [Kc 8d] (two pair, Kings and Fives)
ToDaFelt: mucks hand
kurt-ola collected $47.50 from pot
*** SUMMARY ***
Total pot $48 | Rake $0.50
Board [9c 5d Ks 5c Qh]
Seat 2: ToDaFelt (button) (small blind) mucked
Seat 10: kurt-ola (big blind) showed [Kc 8d] and won ($47.50) with two pair, Kings and Fives


PokerStars Hand #163042146797:  Hold'em Limit ($3/$6 USD) - 2016/12/16 14:09:02 ET
Table 'Verbaandert' 10-max Seat #2 is the button
Seat 2: ToDaFelt ($100.25 in chips)
Seat 10: kurt-ola ($241.36 in chips)
ToDaFelt: posts small blind $1
kurt-ola: posts big blind $3
*** HOLE CARDS ***
ToDaFelt: raises $3 to $6
kurt-ola: calls $3
*** FLOP *** [2c 4d 3c]
kurt-ola: checks
ToDaFelt: checks
*** TURN *** [2c 4d 3c] [9d]
kurt-ola: bets $6
ToDaFelt: folds
Uncalled bet ($6) returned to kurt-ola
kurt-ola collected $11.76 from pot
kurt-ola: doesn't show hand
*** SUMMARY ***
Total pot $12 | Rake $0.24
Board [2c 4d 3c 9d]
Seat 2: ToDaFelt (button) (small blind) folded on the Turn
Seat 10: kurt-ola (big blind) collected ($11.76)


PokerStars Hand #163042175455:  Hold'em Limit ($3/$6 USD) - 2016/12/16 14:09:35 ET
Table 'Verbaandert' 10-max Seat #10 is the button
Seat 2: ToDaFelt ($94.25 in chips)
Seat 10: kurt-ola ($247.12 in chips)
kurt-ola: posts small blind $1
ToDaFelt: posts big blind $3
*** HOLE CARDS ***
kurt-ola: raises $3 to $6
Ale4o joins the table at seat #3
ToDaFelt: raises $3 to $9
kurt-ola: calls $3
*** FLOP *** [3d 2h 5h]
ToDaFelt: bets $3
kurt-ola: calls $3
*** TURN *** [3d 2h 5h] [Jh]
ToDaFelt: bets $6
kurt-ola: calls $6
*** RIVER *** [3d 2h 5h Jh] [8h]
ToDaFelt: checks
kurt-ola: bets $6
ToDaFelt: folds
Uncalled bet ($6) returned to kurt-ola
kurt-ola collected $35.50 from pot
kurt-ola: doesn't show hand
*** SUMMARY ***
Total pot $36 | Rake $0.50
Board [3d 2h 5h Jh 8h]
Seat 2: ToDaFelt (big blind) folded on the River
Seat 10: kurt-ola (button) (small blind) collected ($35.50)


PokerStars Hand #163052457754:  Hold'em Limit ($3/$6 USD) - 2016/12/16 17:18:25 ET
Table 'Verbaandert' 10-max Seat #5 is the button
Seat 5: ToDaFelt ($124.12 in chips)
Seat 6: FaStBluff ($72.77 in chips)
ToDaFelt: posts small blind $1
FaStBluff: posts big blind $3
*** HOLE CARDS ***
ToDaFelt: raises $3 to $6
FaStBluff: calls $3
*** FLOP *** [6d 8s 5d]
FaStBluff: checks
ToDaFelt: bets $3
FaStBluff: folds
Uncalled bet ($3) returned to ToDaFelt
ToDaFelt collected $11.76 from pot
ToDaFelt: doesn't show hand
*** SUMMARY ***
Total pot $12 | Rake $0.24
Board [6d 8s 5d]
Seat 5: ToDaFelt (button) (small blind) collected ($11.76)
Seat 6: FaStBluff (big blind) folded on the Flop


PokerStars Hand #163052453397:  Hold'em Limit ($3/$6 USD) - 2016/12/16 17:18:20 ET
Table 'Verbaandert' 10-max Seat #6 is the button
Seat 5: ToDaFelt ($123.12 in chips)
Seat 6: FaStBluff ($73.77 in chips)
FaStBluff: posts small blind $1
DECAlpha: is sitting out
ToDaFelt: posts big blind $3
*** HOLE CARDS ***
FaStBluff: folds
Uncalled bet ($2) returned to ToDaFelt
DECAlpha leaves the table
ToDaFelt collected $2 from pot
ToDaFelt: doesn't show hand
*** SUMMARY ***
Total pot $2 | Rake $0
Seat 5: ToDaFelt (big blind) collected ($2)
Seat 6: FaStBluff (button) (small blind) folded before Flop


PokerStars Hand #163052494482:  Hold'em Limit ($3/$6 USD) - 2016/12/16 17:19:06 ET
Table 'Verbaandert' 10-max Seat #6 is the button
Seat 5: ToDaFelt ($123.70 in chips)
Seat 6: FaStBluff ($72.35 in chips)
FaStBluff: posts small blind $1
ToDaFelt: posts big blind $3
*** HOLE CARDS ***
FaStBluff: folds
Uncalled bet ($2) returned to ToDaFelt
ToDaFelt collected $2 from pot
ToDaFelt: doesn't show hand
*** SUMMARY ***
Total pot $2 | Rake $0
Seat 5: ToDaFelt (big blind) collected ($2)
Seat 6: FaStBluff (button) (small blind) folded before Flop


PokerStars Hand #163052479457:  Hold'em Limit ($3/$6 USD) - 2016/12/16 17:18:49 ET
Table 'Verbaandert' 10-max Seat #5 is the button
Seat 5: ToDaFelt ($123.88 in chips)
Seat 6: FaStBluff ($72.53 in chips)
ToDaFelt: posts small blind $1
FaStBluff: posts big blind $3
*** HOLE CARDS ***
ToDaFelt: raises $3 to $6
FaStBluff: calls $3
*** FLOP *** [5h 3s Qc]
FaStBluff: checks
ToDaFelt: bets $3
FaStBluff: calls $3
*** TURN *** [5h 3s Qc] [Js]
FaStBluff: checks
ToDaFelt: checks
*** RIVER *** [5h 3s Qc Js] [Ks]
FaStBluff: checks
ToDaFelt: checks
*** SHOW DOWN ***
FaStBluff: shows [6s 3d] (a pair of Threes)
ToDaFelt: shows [3h 2h] (a pair of Threes)
FaStBluff collected $8.82 from pot
ToDaFelt collected $8.82 from pot
*** SUMMARY ***
Total pot $18 | Rake $0.36
Board [5h 3s Qc Js Ks]
Seat 5: ToDaFelt (button) (small blind) showed [3h 2h] and won ($8.82) with a pair of Threes
Seat 6: FaStBluff (big blind) showed [6s 3d] and won ($8.82) with a pair of Threes


PokerStars Hand #163052469540:  Hold'em Limit ($3/$6 USD) - 2016/12/16 17:18:38 ET
Table 'Verbaandert' 10-max Seat #6 is the button
Seat 5: ToDaFelt ($129.88 in chips)
Seat 6: FaStBluff ($66.77 in chips)
FaStBluff: posts small blind $1
ToDaFelt: posts big blind $3
*** HOLE CARDS ***
FaStBluff: raises $3 to $6
ToDaFelt: calls $3
*** FLOP *** [9c Qh 2c]
ToDaFelt: checks
FaStBluff: bets $3
ToDaFelt: folds
Uncalled bet ($3) returned to FaStBluff
FaStBluff collected $11.76 from pot
*** SUMMARY ***
Total pot $12 | Rake $0.24
Board [9c Qh 2c]
Seat 5: ToDaFelt (big blind) folded on the Flop
Seat 6: FaStBluff (button) (small blind) collected ($11.76)


PokerStars Hand #163052499128:  Hold'em Limit ($3/$6 USD) - 2016/12/16 17:19:12 ET
Table 'Verbaandert' 10-max Seat #5 is the button
Seat 5: ToDaFelt ($124.70 in chips)
Seat 6: FaStBluff ($71.35 in chips)
ToDaFelt: posts small blind $1
FaStBluff: posts big blind $3
*** HOLE CARDS ***
ToDaFelt: raises $3 to $6
FaStBluff: calls $3
*** FLOP *** [9d 4s 5s]
FaStBluff: checks
ToDaFelt: bets $3
FaStBluff: calls $3
*** TURN *** [9d 4s 5s] [Kd]
FaStBluff: checks
ToDaFelt: checks
*** RIVER *** [9d 4s 5s Kd] [6c]
FaStBluff: checks
ToDaFelt: bets $6
FaStBluff: calls $6
*** SHOW DOWN ***
ToDaFelt: shows [2h 7h] (high card King)
FaStBluff: shows [6h Tc] (a pair of Sixes)
FaStBluff collected $29.50 from pot
*** SUMMARY ***
Total pot $30 | Rake $0.50
Board [9d 4s 5s Kd 6c]
Seat 5: ToDaFelt (button) (small blind) showed [2h 7h] and lost with high card King
Seat 6: FaStBluff (big blind) showed [6h Tc] and won ($29.50) with a pair of Sixes


PokerStars Hand #163052528905:  Hold'em Limit ($3/$6 USD) - 2016/12/16 17:19:45 ET
Table 'Verbaandert' 10-max Seat #6 is the button
Seat 5: ToDaFelt ($109.70 in chips)
Seat 6: FaStBluff ($85.85 in chips)
FaStBluff: posts small blind $1
ToDaFelt: posts big blind $3
*** HOLE CARDS ***
FaStBluff: raises $3 to $6
ToDaFelt: calls $3
*** FLOP *** [Js Qh Kh]
ToDaFelt: checks
FaStBluff: bets $3
ToDaFelt: calls $3
*** TURN *** [Js Qh Kh] [4h]
ToDaFelt: checks
FaStBluff: bets $6
ToDaFelt: raises $6 to $12
FaStBluff: calls $6
*** RIVER *** [Js Qh Kh 4h] [5h]
ToDaFelt: checks
FaStBluff: checks
*** SHOW DOWN ***
ToDaFelt: shows [Qs 6d] (a pair of Queens)
FaStBluff: mucks hand
ToDaFelt collected $41.50 from pot
*** SUMMARY ***
Total pot $42 | Rake $0.50
Board [Js Qh Kh 4h 5h]
Seat 5: ToDaFelt (big blind) showed [Qs 6d] and won ($41.50) with a pair of Queens
Seat 6: FaStBluff (button) (small blind) mucked


PokerStars Hand #163052553579:  Hold'em Limit ($3/$6 USD) - 2016/12/16 17:20:13 ET
Table 'Verbaandert' 10-max Seat #5 is the button
Seat 5: ToDaFelt ($130.20 in chips)
Seat 6: FaStBluff ($64.85 in chips)
ToDaFelt: posts small blind $1
FaStBluff: posts big blind $3
*** HOLE CARDS ***
ToDaFelt: raises $3 to $6
FaStBluff: calls $3
*** FLOP *** [7s 9c Ah]
FaStBluff: checks
ToDaFelt: bets $3
FaStBluff: folds
Uncalled bet ($3) returned to ToDaFelt
ToDaFelt collected $11.76 from pot
ToDaFelt: doesn't show hand
*** SUMMARY ***
Total pot $12 | Rake $0.24
Board [7s 9c Ah]
Seat 5: ToDaFelt (button) (small blind) collected ($11.76)
Seat 6: FaStBluff (big blind) folded on the Flop


PokerStars Hand #163052564160:  Hold'em Limit ($3/$6 USD) - 2016/12/16 17:20:25 ET
Table 'Verbaandert' 10-max Seat #6 is the button
Seat 5: ToDaFelt ($135.96 in chips)
Seat 6: FaStBluff ($58.85 in chips)
FaStBluff: posts small blind $1
ToDaFelt: posts big blind $3
*** HOLE CARDS ***
FaStBluff: raises $3 to $6
ToDaFelt: calls $3
*** FLOP *** [4h 5d Ah]
ToDaFelt: checks
FaStBluff: bets $3
ToDaFelt: calls $3
*** TURN *** [4h 5d Ah] [2c]
ToDaFelt: checks
FaStBluff: checks
*** RIVER *** [4h 5d Ah 2c] [Tc]
ToDaFelt: bets $6
FaStBluff: folds
Uncalled bet ($6) returned to ToDaFelt
ToDaFelt collected $17.64 from pot
ToDaFelt: doesn't show hand
*** SUMMARY ***
Total pot $18 | Rake $0.36
Board [4h 5d Ah 2c Tc]
Seat 5: ToDaFelt (big blind) collected ($17.64)
Seat 6: FaStBluff (button) (small blind) folded on the River


