PokerStars Hand #147368473185:  Hold'em Limit ($3/$6 USD) - 2016/01/20 11:00:04 ET
Table 'Verbiest II' 2-max Seat #1 is the button
Seat 1: Agrotait ($72 in chips)
Seat 2: ChicagoBull4 ($132.52 in chips)
Agrotait: posts small blind $1
ChicagoBull4: posts big blind $3
*** HOLE CARDS ***
Agrotait: raises $3 to $6
ChicagoBull4: folds
Uncalled bet ($3) returned to Agrotait
Agrotait collected $6 from pot
Agrotait: doesn't show hand
*** SUMMARY ***
Total pot $6 | Rake $0
Seat 1: Agrotait (button) (small blind) collected ($6)
Seat 2: ChicagoBull4 (big blind) folded before Flop


PokerStars Hand #147368479779:  Hold'em Limit ($3/$6 USD) - 2016/01/20 11:00:13 ET
Table 'Verbiest II' 2-max Seat #2 is the button
Seat 1: Agrotait ($75 in chips)
Seat 2: ChicagoBull4 ($129.52 in chips)
ChicagoBull4: posts small blind $1
Agrotait: posts big blind $3
*** HOLE CARDS ***
ChicagoBull4: raises $3 to $6
Agrotait: calls $3
*** FLOP *** [Kd Js Qh]
Agrotait: checks
ChicagoBull4: checks
*** TURN *** [Kd Js Qh] [Ah]
Agrotait: checks
ChicagoBull4: bets $6
Agrotait: folds
Uncalled bet ($6) returned to ChicagoBull4
ChicagoBull4 collected $11.76 from pot
ChicagoBull4: doesn't show hand
*** SUMMARY ***
Total pot $12 | Rake $0.24
Board [Kd Js Qh Ah]
Seat 1: Agrotait (big blind) folded on the Turn
Seat 2: ChicagoBull4 (button) (small blind) collected ($11.76)


PokerStars Hand #147368554201:  Hold'em Limit ($3/$6 USD) - 2016/01/20 11:01:50 ET
Table 'Verbiest II' 2-max Seat #1 is the button
Seat 1: Agrotait ($73 in chips)
Seat 2: ChicagoBull4 ($154.78 in chips)
Agrotait: posts small blind $1
ChicagoBull4: posts big blind $3
*** HOLE CARDS ***
Agrotait: raises $3 to $6
ChicagoBull4: calls $3
*** FLOP *** [Jc 5h 3c]
ChicagoBull4: checks
Agrotait: bets $3
ChicagoBull4: calls $3
*** TURN *** [Jc 5h 3c] [2s]
ChicagoBull4: checks
Agrotait: bets $6
ChicagoBull4: folds
Uncalled bet ($6) returned to Agrotait
Agrotait collected $17.64 from pot
Agrotait: doesn't show hand
*** SUMMARY ***
Total pot $18 | Rake $0.36
Board [Jc 5h 3c 2s]
Seat 1: Agrotait (button) (small blind) collected ($17.64)
Seat 2: ChicagoBull4 (big blind) folded on the Turn


PokerStars Hand #147368550754:  Hold'em Limit ($3/$6 USD) - 2016/01/20 11:01:46 ET
Table 'Verbiest II' 2-max Seat #2 is the button
Seat 1: Agrotait ($72 in chips)
Seat 2: ChicagoBull4 ($155.78 in chips)
ChicagoBull4: posts small blind $1
Agrotait: posts big blind $3
*** HOLE CARDS ***
ChicagoBull4: folds
Uncalled bet ($2) returned to Agrotait
Agrotait collected $2 from pot
Agrotait: doesn't show hand
*** SUMMARY ***
Total pot $2 | Rake $0
Seat 1: Agrotait (big blind) collected ($2)
Seat 2: ChicagoBull4 (button) (small blind) folded before Flop


PokerStars Hand #147368503765:  Hold'em Limit ($3/$6 USD) - 2016/01/20 11:00:46 ET
Table 'Verbiest II' 2-max Seat #1 is the button
Seat 1: Agrotait ($69 in chips)
Seat 2: ChicagoBull4 ($135.28 in chips)
Agrotait: posts small blind $1
ChicagoBull4: posts big blind $3
*** HOLE CARDS ***
Agrotait: raises $3 to $6
ChicagoBull4: calls $3
*** FLOP *** [5c 4h 8d]
ChicagoBull4: checks
Agrotait: bets $3
ChicagoBull4: calls $3
*** TURN *** [5c 4h 8d] [6c]
ChicagoBull4: bets $6
Agrotait: calls $6
*** RIVER *** [5c 4h 8d 6c] [9d]
ChicagoBull4: bets $6
Agrotait: calls $6
*** SHOW DOWN ***
ChicagoBull4: shows [Jc 7s] (a straight, Five to Nine)
Agrotait: mucks hand
ChicagoBull4 collected $41.50 from pot
*** SUMMARY ***
Total pot $42 | Rake $0.50
Board [5c 4h 8d 6c 9d]
Seat 1: Agrotait (button) (small blind) mucked
Seat 2: ChicagoBull4 (big blind) showed [Jc 7s] and won ($41.50) with a straight, Five to Nine


PokerStars Hand #147368572372:  Hold'em Limit ($3/$6 USD) - 2016/01/20 11:02:13 ET
Table 'Verbiest II' 2-max Seat #2 is the button
Seat 1: Agrotait ($81.64 in chips)
Seat 2: ChicagoBull4 ($145.78 in chips)
ChicagoBull4: posts small blind $1
Agrotait: posts big blind $3
*** HOLE CARDS ***
ChicagoBull4: folds
Uncalled bet ($2) returned to Agrotait
Agrotait collected $2 from pot
Agrotait: doesn't show hand
*** SUMMARY ***
Total pot $2 | Rake $0
Seat 1: Agrotait (big blind) collected ($2)
Seat 2: ChicagoBull4 (button) (small blind) folded before Flop


