PokerStars Hand #168255220618:  Hold'em Limit ($3/$6 USD) - 2017/03/28 18:44:10 ET
Table 'Verbaandert' 10-max Seat #1 is the button
Seat 1: Carl1891 ($81.93 in chips)
Seat 6: EMALAYS ($258.67 in chips)
Carl1891: posts small blind $1
GRAILKO: is sitting out
B_loJkl: is sitting out
EMALAYS: posts big blind $3
*** HOLE CARDS ***
Carl1891: raises $3 to $6
GRAILKO leaves the table
EMALAYS: folds
Uncalled bet ($3) returned to Carl1891
Carl1891 collected $6 from pot
Carl1891: doesn't show hand
*** SUMMARY ***
Total pot $6 | Rake $0
Seat 1: Carl1891 (button) (small blind) collected ($6)
Seat 6: EMALAYS (big blind) folded before Flop


PokerStars Hand #168255226921:  Hold'em Limit ($3/$6 USD) - 2017/03/28 18:44:19 ET
Table 'Verbaandert' 10-max Seat #6 is the button
Seat 1: Carl1891 ($84.93 in chips)
Seat 6: EMALAYS ($255.67 in chips)
EMALAYS: posts small blind $1
Carl1891: posts big blind $3
*** HOLE CARDS ***
EMALAYS: raises $3 to $6
Carl1891: raises $3 to $9
EMALAYS: calls $3
*** FLOP *** [Ad Qd 3d]
Carl1891: bets $3
EMALAYS: folds
Uncalled bet ($3) returned to Carl1891
Carl1891 collected $17.64 from pot
Carl1891: doesn't show hand
*** SUMMARY ***
Total pot $18 | Rake $0.36
Board [Ad Qd 3d]
Seat 1: Carl1891 (big blind) collected ($17.64)
Seat 6: EMALAYS (button) (small blind) folded on the Flop


