PokerStars Hand #151893852359:  Hold'em Limit ($3/$6 USD) - 2016/04/14 5:51:23 ET
Table 'Veronika III' 6-max Seat #3 is the button
Seat 3: pipuuu ($112.58 in chips)
Seat 4: Agrotait ($72 in chips)
pipuuu: posts small blind $1
Agrotait: posts big blind $3
*** HOLE CARDS ***
liolilove joins the table at seat #5
pipuuu: calls $2
Agrotait: raises $3 to $6
pipuuu: calls $3
*** FLOP *** [4s 3c 3s]
Agrotait: bets $3
pipuuu: calls $3
*** TURN *** [4s 3c 3s] [3h]
Agrotait: bets $6
pipuuu: folds
Uncalled bet ($6) returned to Agrotait
Agrotait collected $17.64 from pot
Agrotait: doesn't show hand
*** SUMMARY ***
Total pot $18 | Rake $0.36
Board [4s 3c 3s 3h]
Seat 3: pipuuu (button) (small blind) folded on the Turn
Seat 4: Agrotait (big blind) collected ($17.64)


PokerStars Hand #151893870918:  Hold'em Limit ($3/$6 USD) - 2016/04/14 5:52:09 ET
Table 'Veronika III' 6-max Seat #3 is the button
Seat 3: pipuuu ($109.34 in chips)
Seat 4: Agrotait ($74.64 in chips)
pipuuu: posts small blind $1
Agrotait: posts big blind $3
*** HOLE CARDS ***
pipuuu: raises $3 to $6
Agrotait: calls $3
*** FLOP *** [Ah Th 8h]
Agrotait: checks
pipuuu: checks
*** TURN *** [Ah Th 8h] [6c]
Agrotait: bets $6
pipuuu: calls $6
*** RIVER *** [Ah Th 8h 6c] [Kc]
Agrotait: bets $6
pipuuu: calls $6
*** SHOW DOWN ***
Agrotait: shows [8c Ts] (two pair, Tens and Eights)
pipuuu: mucks hand
Agrotait collected $35.50 from pot
*** SUMMARY ***
Total pot $36 | Rake $0.50
Board [Ah Th 8h 6c Kc]
Seat 3: pipuuu (button) (small blind) mucked
Seat 4: Agrotait (big blind) showed [8c Ts] and won ($35.50) with two pair, Tens and Eights


PokerStars Hand #151893858752:  Hold'em Limit ($3/$6 USD) - 2016/04/14 5:51:39 ET
Table 'Veronika III' 6-max Seat #4 is the button
Seat 3: pipuuu ($103.58 in chips)
Seat 4: Agrotait ($80.64 in chips)
Agrotait: posts small blind $1
pipuuu: posts big blind $3
*** HOLE CARDS ***
parnishka11 joins the table at seat #2
Agrotait: raises $3 to $6
pipuuu: calls $3
*** FLOP *** [8d Kh 2h]
pipuuu: bets $3
Pelurile joins the table at seat #6
Agrotait: folds
Uncalled bet ($3) returned to pipuuu
pipuuu collected $11.76 from pot
*** SUMMARY ***
Total pot $12 | Rake $0.24
Board [8d Kh 2h]
Seat 3: pipuuu (big blind) collected ($11.76)
Seat 4: Agrotait (button) (small blind) folded on the Flop


PokerStars Hand #151894747127:  Hold'em Limit ($3/$6 USD) - 2016/04/14 6:28:01 ET
Table 'Veronika III' 6-max Seat #4 is the button
Seat 3: factor725 ($127.10 in chips)
Seat 4: grannyb88 ($198.53 in chips)
grannyb88: posts small blind $1
factor725: posts big blind $3
*** HOLE CARDS ***
grannyb88: folds
Uncalled bet ($2) returned to factor725
factor725 collected $2 from pot
*** SUMMARY ***
Total pot $2 | Rake $0
Seat 3: factor725 (big blind) collected ($2)
Seat 4: grannyb88 (button) (small blind) folded before Flop


PokerStars Hand #151894726684:  Hold'em Limit ($3/$6 USD) - 2016/04/14 6:27:13 ET
Table 'Veronika III' 6-max Seat #2 is the button
Seat 2: factor725 ($139.98 in chips)
Seat 4: grannyb88 ($198.53 in chips)
factor725: posts small blind $1
TbIP-TbIP 88: is sitting out
grannyb88: posts big blind $3
*** HOLE CARDS ***
FrancoG84 is disconnected
factor725: folds
Uncalled bet ($2) returned to grannyb88
grannyb88 collected $2 from pot
grannyb88: doesn't show hand
*** SUMMARY ***
Total pot $2 | Rake $0
Seat 2: factor725 (button) (small blind) folded before Flop
Seat 4: grannyb88 (big blind) collected ($2)


PokerStars Hand #151894963062:  Hold'em Limit ($3/$6 USD) - 2016/04/14 6:36:24 ET
Table 'Veronika III' 6-max Seat #3 is the button
Seat 3: factor725 ($81.38 in chips)
Seat 4: grannyb88 ($252.42 in chips)
factor725: posts small blind $1
grannyb88: posts big blind $3
*** HOLE CARDS ***
factor725: raises $3 to $6
grannyb88: folds
Uncalled bet ($3) returned to factor725
factor725 collected $6 from pot
*** SUMMARY ***
Total pot $6 | Rake $0
Seat 3: factor725 (button) (small blind) collected ($6)
Seat 4: grannyb88 (big blind) folded before Flop


PokerStars Hand #151894956533:  Hold'em Limit ($3/$6 USD) - 2016/04/14 6:36:09 ET
Table 'Veronika III' 6-max Seat #4 is the button
Seat 3: factor725 ($81.63 in chips)
Seat 4: grannyb88 ($252.67 in chips)
grannyb88: posts small blind $1
factor725: posts big blind $3
*** HOLE CARDS ***
grannyb88: raises $3 to $6
factor725: calls $3
*** FLOP *** [8h 3h 6c]
factor725: checks
grannyb88: checks
*** TURN *** [8h 3h 6c] [Qs]
factor725: bets $6
grannyb88: calls $6
*** RIVER *** [8h 3h 6c Qs] [Th]
factor725: bets $6
grannyb88: calls $6
*** SHOW DOWN ***
factor725: shows [2c Qc] (a pair of Queens)
grannyb88: shows [5c Qd] (a pair of Queens)
factor725 collected $17.75 from pot
grannyb88 collected $17.75 from pot
*** SUMMARY ***
Total pot $36 | Rake $0.50
Board [8h 3h 6c Qs Th]
Seat 3: factor725 (big blind) showed [2c Qc] and won ($17.75) with a pair of Queens
Seat 4: grannyb88 (button) (small blind) showed [5c Qd] and won ($17.75) with a pair of Queens


PokerStars Hand #151894965576:  Hold'em Limit ($3/$6 USD) - 2016/04/14 6:36:30 ET
Table 'Veronika III' 6-max Seat #4 is the button
Seat 3: factor725 ($84.38 in chips)
Seat 4: grannyb88 ($249.42 in chips)
grannyb88: posts small blind $1
hairy1961 joins the table at seat #2
factor725: posts big blind $3
*** HOLE CARDS ***
grannyb88: raises $3 to $6
factor725: folds
Uncalled bet ($3) returned to grannyb88
grannyb88 collected $6 from pot
grannyb88: doesn't show hand
*** SUMMARY ***
Total pot $6 | Rake $0
Seat 3: factor725 (big blind) folded before Flop
Seat 4: grannyb88 (button) (small blind) collected ($6)


PokerStars Hand #151894968175:  Hold'em Limit ($3/$6 USD) - 2016/04/14 6:36:36 ET
Table 'Veronika III' 6-max Seat #3 is the button
Seat 3: factor725 ($81.38 in chips)
Seat 4: grannyb88 ($252.42 in chips)
factor725: posts small blind $1
grannyb88: posts big blind $3
*** HOLE CARDS ***
factor725: raises $3 to $6
grannyb88: raises $3 to $9
factor725: calls $3
*** FLOP *** [9s 4c 8h]
grannyb88: bets $3
factor725: calls $3
*** TURN *** [9s 4c 8h] [8c]
grannyb88: bets $6
parnishka11 leaves the table
factor725: folds
Uncalled bet ($6) returned to grannyb88
grannyb88 collected $23.52 from pot
grannyb88: doesn't show hand
*** SUMMARY ***
Total pot $24 | Rake $0.48
Board [9s 4c 8h 8c]
Seat 3: factor725 (button) (small blind) folded on the Turn
Seat 4: grannyb88 (big blind) collected ($23.52)


PokerStars Hand #151895123840:  Hold'em Limit ($3/$6 USD) - 2016/04/14 6:42:31 ET
Table 'Veronika III' 6-max Seat #2 is the button
Seat 2: hairy1961 ($120.21 in chips)
Seat 4: grannyb88 ($230.93 in chips)
hairy1961: posts small blind $1
factor725: is sitting out
grannyb88: posts big blind $3
*** HOLE CARDS ***
hairy1961: folds
Uncalled bet ($2) returned to grannyb88
factor725 leaves the table
grannyb88 collected $2 from pot
grannyb88: doesn't show hand
*** SUMMARY ***
Total pot $2 | Rake $0
Seat 2: hairy1961 (button) (small blind) folded before Flop
Seat 4: grannyb88 (big blind) collected ($2)


PokerStars Hand #151895126126:  Hold'em Limit ($3/$6 USD) - 2016/04/14 6:42:36 ET
Table 'Veronika III' 6-max Seat #4 is the button
Seat 2: hairy1961 ($119.21 in chips)
Seat 4: grannyb88 ($231.93 in chips)
grannyb88: posts small blind $1
hairy1961: posts big blind $3
*** HOLE CARDS ***
grannyb88: raises $3 to $6
hairy1961: calls $3
*** FLOP *** [Ah Qs 7d]
hairy1961: checks
grannyb88: bets $3
hairy1961: calls $3
*** TURN *** [Ah Qs 7d] [Th]
hairy1961: checks
grannyb88: bets $6
hairy1961: calls $6
*** RIVER *** [Ah Qs 7d Th] [7h]
hairy1961: checks
grannyb88: checks
*** SHOW DOWN ***
hairy1961: shows [Qh Js] (two pair, Queens and Sevens)
grannyb88: shows [Qd 4h] (two pair, Queens and Sevens)
hairy1961 collected $14.75 from pot
grannyb88 collected $14.75 from pot
*** SUMMARY ***
Total pot $30 | Rake $0.50
Board [Ah Qs 7d Th 7h]
Seat 2: hairy1961 (big blind) showed [Qh Js] and won ($14.75) with two pair, Queens and Sevens
Seat 4: grannyb88 (button) (small blind) showed [Qd 4h] and won ($14.75) with two pair, Queens and Sevens


PokerStars Hand #151895133325:  Hold'em Limit ($3/$6 USD) - 2016/04/14 6:42:53 ET
Table 'Veronika III' 6-max Seat #2 is the button
Seat 2: hairy1961 ($118.96 in chips)
Seat 4: grannyb88 ($231.68 in chips)
hairy1961: posts small blind $1
grannyb88: posts big blind $3
*** HOLE CARDS ***
hairy1961: folds
Uncalled bet ($2) returned to grannyb88
grannyb88 collected $2 from pot
grannyb88: doesn't show hand
*** SUMMARY ***
Total pot $2 | Rake $0
Seat 2: hairy1961 (button) (small blind) folded before Flop
Seat 4: grannyb88 (big blind) collected ($2)


