PokerStars Hand #161976029860:  Hold'em Limit ($3/$6 USD) - 2016/11/26 4:10:57 ET
Table 'Veronika' 6-max Seat #2 is the button
Seat 2: D Juice11 ($135.77 in chips)
Seat 4: MTails ($120 in chips)
D Juice11: posts small blind $1
MTails: posts big blind $3
*** HOLE CARDS ***
D Juice11: calls $2
MTails: raises $3 to $6
D Juice11: calls $3
*** FLOP *** [9d Kd 6d]
MTails: bets $3
D Juice11: calls $3
*** TURN *** [9d Kd 6d] [Tc]
MTails: bets $6
D Juice11: raises $6 to $12
MTails: calls $6
*** RIVER *** [9d Kd 6d Tc] [9c]
MTails: checks
D Juice11: bets $6
MTails: folds
Uncalled bet ($6) returned to D Juice11
D Juice11 collected $41.50 from pot
D Juice11: doesn't show hand
*** SUMMARY ***
Total pot $42 | Rake $0.50
Board [9d Kd 6d Tc 9c]
Seat 2: D Juice11 (button) (small blind) collected ($41.50)
Seat 4: MTails (big blind) folded on the River


PokerStars Hand #161976041109:  Hold'em Limit ($3/$6 USD) - 2016/11/26 4:11:27 ET
Table 'Veronika' 6-max Seat #4 is the button
Seat 2: D Juice11 ($156.27 in chips)
Seat 4: MTails ($99 in chips)
MTails: posts small blind $1
D Juice11: posts big blind $3
*** HOLE CARDS ***
MTails: raises $3 to $6
D Juice11: raises $3 to $9
MTails: calls $3
*** FLOP *** [7c Kh 3s]
D Juice11: bets $3
MTails: calls $3
*** TURN *** [7c Kh 3s] [4s]
D Juice11: bets $6
MTails: raises $6 to $12
D Juice11: calls $6
*** RIVER *** [7c Kh 3s 4s] [5h]
D Juice11: checks
MTails: bets $6
D Juice11: calls $6
*** SHOW DOWN ***
MTails: shows [Jc 6s] (a straight, Three to Seven)
D Juice11: mucks hand
MTails collected $59.50 from pot
*** SUMMARY ***
Total pot $60 | Rake $0.50
Board [7c Kh 3s 4s 5h]
Seat 2: D Juice11 (big blind) mucked
Seat 4: MTails (button) (small blind) showed [Jc 6s] and won ($59.50) with a straight, Three to Seven


PokerStars Hand #161976060857:  Hold'em Limit ($3/$6 USD) - 2016/11/26 4:12:18 ET
Table 'Veronika' 6-max Seat #2 is the button
Seat 2: D Juice11 ($152.29 in chips)
Seat 4: MTails ($101.50 in chips)
D Juice11: posts small blind $1
MTails: posts big blind $3
*** HOLE CARDS ***
D Juice11: raises $3 to $6
MTails: calls $3
*** FLOP *** [Ah 7s Kc]
MTails: checks
D Juice11: bets $3
MTails: folds
Uncalled bet ($3) returned to D Juice11
D Juice11 collected $11.76 from pot
D Juice11: doesn't show hand
*** SUMMARY ***
Total pot $12 | Rake $0.24
Board [Ah 7s Kc]
Seat 2: D Juice11 (button) (small blind) collected ($11.76)
Seat 4: MTails (big blind) folded on the Flop


PokerStars Hand #161976055637:  Hold'em Limit ($3/$6 USD) - 2016/11/26 4:12:05 ET
Table 'Veronika' 6-max Seat #4 is the button
Seat 2: D Juice11 ($140.77 in chips)
Seat 4: MTails ($113.50 in chips)
MTails: posts small blind $1
D Juice11: posts big blind $3
*** HOLE CARDS ***
MTails: raises $3 to $6
D Juice11: raises $3 to $9
MTails: calls $3
*** FLOP *** [5d Qd 3d]
D Juice11: bets $3
MTails: calls $3
*** TURN *** [5d Qd 3d] [2s]
D Juice11: bets $6
MTails: folds
Uncalled bet ($6) returned to D Juice11
D Juice11 collected $23.52 from pot
D Juice11: doesn't show hand
*** SUMMARY ***
Total pot $24 | Rake $0.48
Board [5d Qd 3d 2s]
Seat 2: D Juice11 (big blind) collected ($23.52)
Seat 4: MTails (button) (small blind) folded on the Turn


PokerStars Hand #161976048595:  Hold'em Limit ($3/$6 USD) - 2016/11/26 4:11:47 ET
Table 'Veronika' 6-max Seat #2 is the button
Seat 2: D Juice11 ($126.27 in chips)
Seat 4: MTails ($128.50 in chips)
D Juice11: posts small blind $1
MTails: posts big blind $3
*** HOLE CARDS ***
D Juice11: calls $2
MTails: raises $3 to $6
D Juice11: calls $3
*** FLOP *** [Ah 9h Jc]
MTails: bets $3
D Juice11: calls $3
*** TURN *** [Ah 9h Jc] [Kh]
MTails: checks
D Juice11: bets $6
MTails: calls $6
*** RIVER *** [Ah 9h Jc Kh] [Td]
MTails: checks
D Juice11: checks
*** SHOW DOWN ***
MTails: shows [Jd 3c] (a pair of Jacks)
D Juice11: shows [5d As] (a pair of Aces)
D Juice11 collected $29.50 from pot
*** SUMMARY ***
Total pot $30 | Rake $0.50
Board [Ah 9h Jc Kh Td]
Seat 2: D Juice11 (button) (small blind) showed [5d As] and won ($29.50) with a pair of Aces
Seat 4: MTails (big blind) showed [Jd 3c] and lost with a pair of Jacks


PokerStars Hand #161976072874:  Hold'em Limit ($3/$6 USD) - 2016/11/26 4:12:50 ET
Table 'Veronika' 6-max Seat #2 is the button
Seat 2: D Juice11 ($178.55 in chips)
Seat 4: MTails ($134.50 in chips)
D Juice11: posts small blind $1
MTails: posts big blind $3
*** HOLE CARDS ***
D Juice11: raises $3 to $6
MTails: calls $3
*** FLOP *** [8c 9h Ad]
MTails: checks
D Juice11: bets $3
MTails: folds
Uncalled bet ($3) returned to D Juice11
D Juice11 collected $11.76 from pot
D Juice11: doesn't show hand
*** SUMMARY ***
Total pot $12 | Rake $0.24
Board [8c 9h Ad]
Seat 2: D Juice11 (button) (small blind) collected ($11.76)
Seat 4: MTails (big blind) folded on the Flop


PokerStars Hand #161976085665:  Hold'em Limit ($3/$6 USD) - 2016/11/26 4:13:23 ET
Table 'Veronika' 6-max Seat #4 is the button
Seat 2: D Juice11 ($172.31 in chips)
Seat 4: MTails ($140.02 in chips)
MTails: posts small blind $1
D Juice11: posts big blind $3
*** HOLE CARDS ***
MTails: raises $3 to $6
D Juice11: calls $3
*** FLOP *** [9s 7d 4c]
D Juice11: checks
MTails: bets $3
D Juice11: calls $3
*** TURN *** [9s 7d 4c] [4d]
D Juice11: checks
MTails: bets $6
D Juice11: folds
Uncalled bet ($6) returned to MTails
MTails collected $17.64 from pot
*** SUMMARY ***
Total pot $18 | Rake $0.36
Board [9s 7d 4c 4d]
Seat 2: D Juice11 (big blind) folded on the Turn
Seat 4: MTails (button) (small blind) collected ($17.64)


PokerStars Hand #161976081198:  Hold'em Limit ($3/$6 USD) - 2016/11/26 4:13:11 ET
Table 'Veronika' 6-max Seat #2 is the button
Seat 2: D Juice11 ($178.31 in chips)
Seat 4: MTails ($134.26 in chips)
D Juice11: posts small blind $1
MTails: posts big blind $3
*** HOLE CARDS ***
D Juice11: calls $2
MTails: raises $3 to $6
D Juice11: calls $3
*** FLOP *** [4s Ts 3d]
MTails: bets $3
D Juice11: folds
Uncalled bet ($3) returned to MTails
MTails collected $11.76 from pot
*** SUMMARY ***
Total pot $12 | Rake $0.24
Board [4s Ts 3d]
Seat 2: D Juice11 (button) (small blind) folded on the Flop
Seat 4: MTails (big blind) collected ($11.76)


PokerStars Hand #161976076681:  Hold'em Limit ($3/$6 USD) - 2016/11/26 4:13:00 ET
Table 'Veronika' 6-max Seat #4 is the button
Seat 2: D Juice11 ($184.31 in chips)
Seat 4: MTails ($128.50 in chips)
MTails: posts small blind $1
D Juice11: posts big blind $3
*** HOLE CARDS ***
MTails: raises $3 to $6
D Juice11: calls $3
*** FLOP *** [Qc Ks Ad]
D Juice11: checks
MTails: bets $3
D Juice11: folds
Uncalled bet ($3) returned to MTails
MTails collected $11.76 from pot
*** SUMMARY ***
Total pot $12 | Rake $0.24
Board [Qc Ks Ad]
Seat 2: D Juice11 (big blind) folded on the Flop
Seat 4: MTails (button) (small blind) collected ($11.76)


PokerStars Hand #161976064851:  Hold'em Limit ($3/$6 USD) - 2016/11/26 4:12:29 ET
Table 'Veronika' 6-max Seat #4 is the button
Seat 2: D Juice11 ($158.05 in chips)
Seat 4: MTails ($155.50 in chips)
MTails: posts small blind $1
D Juice11: posts big blind $3
*** HOLE CARDS ***
MTails: raises $3 to $6
D Juice11: calls $3
*** FLOP *** [2d Ac Kd]
D Juice11: checks
MTails: bets $3
D Juice11: calls $3
*** TURN *** [2d Ac Kd] [5c]
D Juice11: checks
MTails: bets $6
D Juice11: raises $6 to $12
MTails: calls $6
*** RIVER *** [2d Ac Kd 5c] [5h]
D Juice11: bets $6
MTails: folds
Uncalled bet ($6) returned to D Juice11
D Juice11 collected $41.50 from pot
D Juice11: doesn't show hand
*** SUMMARY ***
Total pot $42 | Rake $0.50
Board [2d Ac Kd 5c 5h]
Seat 2: D Juice11 (big blind) collected ($41.50)
Seat 4: MTails (button) (small blind) folded on the River


PokerStars Hand #161976109626:  Hold'em Limit ($3/$6 USD) - 2016/11/26 4:14:26 ET
Table 'Veronika' 6-max Seat #4 is the button
Seat 2: D Juice11 ($136.31 in chips)
Seat 4: MTails ($174.68 in chips)
MTails: posts small blind $1
D Juice11: posts big blind $3
*** HOLE CARDS ***
MTails: raises $3 to $6
D Juice11: calls $3
*** FLOP *** [2h 8h 6h]
D Juice11: bets $3
MTails: calls $3
*** TURN *** [2h 8h 6h] [8s]
D Juice11: bets $6
MTails: calls $6
*** RIVER *** [2h 8h 6h 8s] [6s]
D Juice11: bets $6
MTails: raises $6 to $12
D Juice11: calls $6
*** SHOW DOWN ***
MTails: shows [Td 7d] (two pair, Eights and Sixes)
D Juice11: shows [6d 7h] (a full house, Sixes full of Eights)
D Juice11 collected $53.50 from pot
*** SUMMARY ***
Total pot $54 | Rake $0.50
Board [2h 8h 6h 8s 6s]
Seat 2: D Juice11 (big blind) showed [6d 7h] and won ($53.50) with a full house, Sixes full of Eights
Seat 4: MTails (button) (small blind) showed [Td 7d] and lost with two pair, Eights and Sixes


PokerStars Hand #161976096223:  Hold'em Limit ($3/$6 USD) - 2016/11/26 4:13:51 ET
Table 'Veronika' 6-max Seat #4 is the button
Seat 2: D Juice11 ($157.31 in chips)
Seat 4: MTails ($154.42 in chips)
MTails: posts small blind $1
D Juice11: posts big blind $3
*** HOLE CARDS ***
MTails: raises $3 to $6
D Juice11: calls $3
*** FLOP *** [Jc Tc 2c]
D Juice11: checks
MTails: bets $3
D Juice11: calls $3
*** TURN *** [Jc Tc 2c] [7c]
D Juice11: checks
MTails: checks
*** RIVER *** [Jc Tc 2c 7c] [5d]
D Juice11: checks
MTails: bets $6
D Juice11: calls $6
*** SHOW DOWN ***
MTails: shows [7h 6c] (a flush, Jack high)
D Juice11: mucks hand
MTails collected $29.50 from pot
*** SUMMARY ***
Total pot $30 | Rake $0.50
Board [Jc Tc 2c 7c 5d]
Seat 2: D Juice11 (big blind) mucked
Seat 4: MTails (button) (small blind) showed [7h 6c] and won ($29.50) with a flush, Jack high


PokerStars Hand #161976091856:  Hold'em Limit ($3/$6 USD) - 2016/11/26 4:13:39 ET
Table 'Veronika' 6-max Seat #2 is the button
Seat 2: D Juice11 ($163.31 in chips)
Seat 4: MTails ($148.66 in chips)
D Juice11: posts small blind $1
MTails: posts big blind $3
*** HOLE CARDS ***
D Juice11: calls $2
MTails: raises $3 to $6
D Juice11: calls $3
*** FLOP *** [9s 7c 7d]
MTails: bets $3
D Juice11: folds
Uncalled bet ($3) returned to MTails
MTails collected $11.76 from pot
*** SUMMARY ***
Total pot $12 | Rake $0.24
Board [9s 7c 7d]
Seat 2: D Juice11 (button) (small blind) folded on the Flop
Seat 4: MTails (big blind) collected ($11.76)


PokerStars Hand #161976105177:  Hold'em Limit ($3/$6 USD) - 2016/11/26 4:14:14 ET
Table 'Veronika' 6-max Seat #2 is the button
Seat 2: D Juice11 ($142.31 in chips)
Seat 4: MTails ($168.92 in chips)
D Juice11: posts small blind $1
MTails: posts big blind $3
*** HOLE CARDS ***
D Juice11: calls $2
MTails: raises $3 to $6
D Juice11: calls $3
*** FLOP *** [8d 5c 8c]
MTails: bets $3
D Juice11: folds
Uncalled bet ($3) returned to MTails
MTails collected $11.76 from pot
*** SUMMARY ***
Total pot $12 | Rake $0.24
Board [8d 5c 8c]
Seat 2: D Juice11 (button) (small blind) folded on the Flop
Seat 4: MTails (big blind) collected ($11.76)


PokerStars Hand #161976130289:  Hold'em Limit ($3/$6 USD) - 2016/11/26 4:15:19 ET
Table 'Veronika' 6-max Seat #4 is the button
Seat 2: D Juice11 ($176.31 in chips)
Seat 4: MTails ($133.44 in chips)
MTails: posts small blind $1
D Juice11: posts big blind $3
*** HOLE CARDS ***
MTails: raises $3 to $6
D Juice11: calls $3
*** FLOP *** [7h 4s Th]
D Juice11: checks
MTails: bets $3
D Juice11: folds
Uncalled bet ($3) returned to MTails
MTails collected $11.76 from pot
*** SUMMARY ***
Total pot $12 | Rake $0.24
Board [7h 4s Th]
Seat 2: D Juice11 (big blind) folded on the Flop
Seat 4: MTails (button) (small blind) collected ($11.76)


PokerStars Hand #161976134836:  Hold'em Limit ($3/$6 USD) - 2016/11/26 4:15:31 ET
Table 'Veronika' 6-max Seat #2 is the button
Seat 2: D Juice11 ($170.31 in chips)
Seat 4: MTails ($139.20 in chips)
D Juice11: posts small blind $1
MTails: posts big blind $3
*** HOLE CARDS ***
D Juice11: raises $3 to $6
MTails: folds
Uncalled bet ($3) returned to D Juice11
D Juice11 collected $6 from pot
D Juice11: doesn't show hand
*** SUMMARY ***
Total pot $6 | Rake $0
Seat 2: D Juice11 (button) (small blind) collected ($6)
Seat 4: MTails (big blind) folded before Flop


PokerStars Hand #161976116157:  Hold'em Limit ($3/$6 USD) - 2016/11/26 4:14:43 ET
Table 'Veronika' 6-max Seat #2 is the button
Seat 2: D Juice11 ($162.81 in chips)
Seat 4: MTails ($147.68 in chips)
D Juice11: posts small blind $1
MTails: posts big blind $3
*** HOLE CARDS ***
D Juice11: calls $2
MTails: raises $3 to $6
D Juice11: calls $3
*** FLOP *** [Ah 2s Th]
MTails: bets $3
D Juice11: folds
Uncalled bet ($3) returned to MTails
MTails collected $11.76 from pot
*** SUMMARY ***
Total pot $12 | Rake $0.24
Board [Ah 2s Th]
Seat 2: D Juice11 (button) (small blind) folded on the Flop
Seat 4: MTails (big blind) collected ($11.76)


PokerStars Hand #161976127968:  Hold'em Limit ($3/$6 USD) - 2016/11/26 4:15:14 ET
Table 'Veronika' 6-max Seat #2 is the button
Seat 2: D Juice11 ($177.31 in chips)
Seat 4: MTails ($132.44 in chips)
D Juice11: posts small blind $1
MTails: posts big blind $3
*** HOLE CARDS ***
D Juice11: folds
Uncalled bet ($2) returned to MTails
MTails collected $2 from pot
MTails: doesn't show hand
*** SUMMARY ***
Total pot $2 | Rake $0
Seat 2: D Juice11 (button) (small blind) folded before Flop
Seat 4: MTails (big blind) collected ($2)


PokerStars Hand #161976120684:  Hold'em Limit ($3/$6 USD) - 2016/11/26 4:14:55 ET
Table 'Veronika' 6-max Seat #4 is the button
Seat 2: D Juice11 ($156.81 in chips)
Seat 4: MTails ($153.44 in chips)
MTails: posts small blind $1
D Juice11: posts big blind $3
*** HOLE CARDS ***
MTails: raises $3 to $6
D Juice11: calls $3
*** FLOP *** [4s 7d Jh]
D Juice11: bets $3
MTails: calls $3
*** TURN *** [4s 7d Jh] [5d]
D Juice11: bets $6
MTails: calls $6
*** RIVER *** [4s 7d Jh 5d] [Qd]
D Juice11: bets $6
MTails: calls $6
*** SHOW DOWN ***
D Juice11: shows [6c Js] (a pair of Jacks)
MTails: mucks hand
D Juice11 collected $41.50 from pot
*** SUMMARY ***
Total pot $42 | Rake $0.50
Board [4s 7d Jh 5d Qd]
Seat 2: D Juice11 (big blind) showed [6c Js] and won ($41.50) with a pair of Jacks
Seat 4: MTails (button) (small blind) mucked


PokerStars Hand #161976137334:  Hold'em Limit ($3/$6 USD) - 2016/11/26 4:15:38 ET
Table 'Veronika' 6-max Seat #4 is the button
Seat 2: D Juice11 ($173.31 in chips)
Seat 4: MTails ($136.20 in chips)
MTails: posts small blind $1
D Juice11: posts big blind $3
*** HOLE CARDS ***
MTails: raises $3 to $6
D Juice11: calls $3
*** FLOP *** [Ks Ah 4h]
VolkovDmitri joins the table at seat #3
D Juice11: checks
MTails: bets $3
D Juice11: calls $3
*** TURN *** [Ks Ah 4h] [3c]
D Juice11: checks
MTails: checks
*** RIVER *** [Ks Ah 4h 3c] [2c]
D Juice11: bets $6
Bassie830 joins the table at seat #5
MTails: folds
Uncalled bet ($6) returned to D Juice11
D Juice11 collected $17.64 from pot
*** SUMMARY ***
Total pot $18 | Rake $0.36
Board [Ks Ah 4h 3c 2c]
Seat 2: D Juice11 (big blind) collected ($17.64)
Seat 4: MTails (button) (small blind) folded on the River


PokerStars Hand #161977692627:  Hold'em Limit ($3/$6 USD) - 2016/11/26 5:17:37 ET
Table 'Veronika' 6-max Seat #6 is the button
Seat 4: SilaSoNi ($129.85 in chips)
Seat 6: UR_VIC ($20.41 in chips)
UR_VIC: posts small blind $1
kolaz03: is sitting out
VolkovDmitri: is sitting out
SilaSoNi: posts big blind $3
*** HOLE CARDS ***
UR_VIC: raises $3 to $6
SilaSoNi: calls $3
*** FLOP *** [Kd 8s 2s]
basetang joins the table at seat #5
SilaSoNi: checks
UR_VIC: bets $3
SilaSoNi: raises $3 to $6
UR_VIC: raises $3 to $9
SilaSoNi: folds
Uncalled bet ($3) returned to UR_VIC
UR_VIC collected $23.52 from pot
UR_VIC: doesn't show hand
*** SUMMARY ***
Total pot $24 | Rake $0.48
Board [Kd 8s 2s]
Seat 4: SilaSoNi (big blind) folded on the Flop
Seat 6: UR_VIC (button) (small blind) collected ($23.52)


PokerStars Hand #161977905517:  Hold'em Limit ($3/$6 USD) - 2016/11/26 5:25:15 ET
Table 'Veronika' 6-max Seat #6 is the button
Seat 4: SilaSoNi ($201.52 in chips)
Seat 6: Hannibal2211 ($83.52 in chips)
Hannibal2211: posts small blind $1
SilaSoNi: posts big blind $3
*** HOLE CARDS ***
Hannibal2211: raises $3 to $6
SilaSoNi: calls $3
*** FLOP *** [8s Qs 9h]
SilaSoNi: checks
Hannibal2211: bets $3
SilaSoNi: raises $3 to $6
Hannibal2211: calls $3
*** TURN *** [8s Qs 9h] [Ac]
SilaSoNi: checks
Hannibal2211: checks
*** RIVER *** [8s Qs 9h Ac] [2c]
SilaSoNi: bets $6
Hannibal2211: folds
Uncalled bet ($6) returned to SilaSoNi
SilaSoNi collected $23.52 from pot
SilaSoNi: doesn't show hand
*** SUMMARY ***
Total pot $24 | Rake $0.48
Board [8s Qs 9h Ac 2c]
Seat 4: SilaSoNi (big blind) collected ($23.52)
Seat 6: Hannibal2211 (button) (small blind) folded on the River


PokerStars Hand #161977893904:  Hold'em Limit ($3/$6 USD) - 2016/11/26 5:24:50 ET
Table 'Veronika' 6-max Seat #4 is the button
Seat 4: SilaSoNi ($213.52 in chips)
Seat 6: Hannibal2211 ($72 in chips)
SilaSoNi: posts small blind $1
Hannibal2211: posts big blind $3
*** HOLE CARDS ***
basetang leaves the table
SilaSoNi: raises $3 to $6
Hannibal2211: calls $3
*** FLOP *** [Qh Jd 8d]
Hannibal2211: checks
SilaSoNi: bets $3
Hannibal2211: raises $3 to $6
SilaSoNi: calls $3
*** TURN *** [Qh Jd 8d] [Kc]
Hannibal2211: bets $6
SilaSoNi: folds
Uncalled bet ($6) returned to Hannibal2211
Hannibal2211 collected $23.52 from pot
*** SUMMARY ***
Total pot $24 | Rake $0.48
Board [Qh Jd 8d Kc]
Seat 4: SilaSoNi (button) (small blind) folded on the Turn
Seat 6: Hannibal2211 (big blind) collected ($23.52)


PokerStars Hand #161977927772:  Hold'em Limit ($3/$6 USD) - 2016/11/26 5:26:03 ET
Table 'Veronika' 6-max Seat #6 is the button
Seat 4: SilaSoNi ($198.04 in chips)
Seat 6: Hannibal2211 ($86.50 in chips)
Hannibal2211: posts small blind $1
VolkovDmitri was removed from the table for failing to post
SilaSoNi: posts big blind $3
*** HOLE CARDS ***
Hannibal2211: raises $3 to $6
SilaSoNi: folds
Uncalled bet ($3) returned to Hannibal2211
Hannibal2211 collected $6 from pot
*** SUMMARY ***
Total pot $6 | Rake $0
Seat 4: SilaSoNi (big blind) folded before Flop
Seat 6: Hannibal2211 (button) (small blind) collected ($6)


PokerStars Hand #161977916098:  Hold'em Limit ($3/$6 USD) - 2016/11/26 5:25:38 ET
Table 'Veronika' 6-max Seat #4 is the button
Seat 4: SilaSoNi ($213.04 in chips)
Seat 6: Hannibal2211 ($72 in chips)
SilaSoNi: posts small blind $1
Hannibal2211: posts big blind $3
*** HOLE CARDS ***
SilaSoNi: raises $3 to $6
Hannibal2211: calls $3
*** FLOP *** [5d 4c Td]
Hannibal2211: checks
SilaSoNi: bets $3
Hannibal2211: calls $3
*** TURN *** [5d 4c Td] [6s]
Hannibal2211: checks
SilaSoNi: checks
*** RIVER *** [5d 4c Td 6s] [Ac]
Hannibal2211: bets $6
SilaSoNi: calls $6
*** SHOW DOWN ***
Hannibal2211: shows [7h 8s] (a straight, Four to Eight)
SilaSoNi: mucks hand
Hannibal2211 collected $29.50 from pot
*** SUMMARY ***
Total pot $30 | Rake $0.50
Board [5d 4c Td 6s Ac]
Seat 4: SilaSoNi (button) (small blind) mucked
Seat 6: Hannibal2211 (big blind) showed [7h 8s] and won ($29.50) with a straight, Four to Eight


PokerStars Hand #161977930660:  Hold'em Limit ($3/$6 USD) - 2016/11/26 5:26:09 ET
Table 'Veronika' 6-max Seat #4 is the button
Seat 4: SilaSoNi ($195.04 in chips)
Seat 6: Hannibal2211 ($89.50 in chips)
SilaSoNi: posts small blind $1
Hannibal2211: posts big blind $3
*** HOLE CARDS ***
Agrotait joins the table at seat #5
SilaSoNi: raises $3 to $6
Hannibal2211: calls $3
*** FLOP *** [3h 7c 2s]
Hannibal2211: checks
SilaSoNi: bets $3
Hannibal2211: calls $3
*** TURN *** [3h 7c 2s] [Kd]
Hannibal2211: checks
SilaSoNi: bets $6
Hannibal2211: calls $6
*** RIVER *** [3h 7c 2s Kd] [4s]
Hannibal2211: checks
SilaSoNi: bets $6
Hannibal2211: folds
Uncalled bet ($6) returned to SilaSoNi
SilaSoNi collected $29.50 from pot
SilaSoNi: doesn't show hand
*** SUMMARY ***
Total pot $30 | Rake $0.50
Board [3h 7c 2s Kd 4s]
Seat 4: SilaSoNi (button) (small blind) collected ($29.50)
Seat 6: Hannibal2211 (big blind) folded on the River


PokerStars Hand #161977941019:  Hold'em Limit ($3/$6 USD) - 2016/11/26 5:26:32 ET
Table 'Veronika' 6-max Seat #6 is the button
Seat 4: SilaSoNi ($209.54 in chips)
Seat 6: Hannibal2211 ($74.50 in chips)
Hannibal2211: posts small blind $1
SilaSoNi: posts big blind $3
*** HOLE CARDS ***
Hannibal2211: raises $3 to $6
SilaSoNi: raises $3 to $9
Hannibal2211: calls $3
*** FLOP *** [7s 9s 9c]
SilaSoNi: bets $3
Hannibal2211: raises $3 to $6
SilaSoNi: calls $3
*** TURN *** [7s 9s 9c] [6d]
SilaSoNi: checks
Hannibal2211: bets $6
SilaSoNi: calls $6
*** RIVER *** [7s 9s 9c 6d] [5s]
SilaSoNi: checks
Hannibal2211: bets $6
SilaSoNi: raises $6 to $12
Hannibal2211: calls $6
*** SHOW DOWN ***
SilaSoNi: shows [Kc 8d] (a straight, Five to Nine)
Hannibal2211: mucks hand
SilaSoNi collected $65.50 from pot
*** SUMMARY ***
Total pot $66 | Rake $0.50
Board [7s 9s 9c 6d 5s]
Seat 4: SilaSoNi (big blind) showed [Kc 8d] and won ($65.50) with a straight, Five to Nine
Seat 6: Hannibal2211 (button) (small blind) mucked


PokerStars Hand #161979650662:  Hold'em Limit ($3/$6 USD) - 2016/11/26 6:25:43 ET
Table 'Veronika' 6-max Seat #4 is the button
Seat 1: Alexsandr.NT ($87.87 in chips)
Seat 4: Agrotait ($238.26 in chips)
Agrotait: posts small blind $1
Maagzmey: is sitting out
Alexsandr.NT: posts big blind $3
*** HOLE CARDS ***
Maagzmey leaves the table
Agrotait: raises $3 to $6
Alexsandr.NT: calls $3
*** FLOP *** [8c 9c Ad]
Alexsandr.NT: checks
7900120130028 leaves the table
Agrotait: bets $3
Alexsandr.NT: raises $3 to $6
Agrotait: calls $3
*** TURN *** [8c 9c Ad] [6d]
Alexsandr.NT: bets $6
Agrotait: calls $6
*** RIVER *** [8c 9c Ad 6d] [Qc]
Alexsandr.NT: bets $6
Agrotait: folds
Uncalled bet ($6) returned to Alexsandr.NT
Alexsandr.NT collected $35.50 from pot
Alexsandr.NT: doesn't show hand
*** SUMMARY ***
Total pot $36 | Rake $0.50
Board [8c 9c Ad 6d Qc]
Seat 1: Alexsandr.NT (big blind) collected ($35.50)
Seat 4: Agrotait (button) (small blind) folded on the River


