PokerStars Hand #160651490510:  Hold'em Limit ($3/$6 USD) - 2016/10/30 13:22:06 ET
Table 'Vesale' 6-max Seat #1 is the button
Seat 1: Auge72 ($120 in chips)
Seat 4: VolkovDmitri ($120 in chips)
Auge72: posts small blind $1
VolkovDmitri: posts big blind $3
*** HOLE CARDS ***
Auge72: raises $3 to $6
VolkovDmitri: calls $3
*** FLOP *** [Ks 7d 9h]
VolkovDmitri: checks
Auge72: checks
*** TURN *** [Ks 7d 9h] [2s]
VolkovDmitri: bets $6
Auge72: calls $6
*** RIVER *** [Ks 7d 9h 2s] [6s]
VolkovDmitri: bets $6
Auge72: calls $6
*** SHOW DOWN ***
VolkovDmitri: shows [4s Ts] (a flush, King high)
Auge72: mucks hand
VolkovDmitri collected $35.50 from pot
*** SUMMARY ***
Total pot $36 | Rake $0.50
Board [Ks 7d 9h 2s 6s]
Seat 1: Auge72 (button) (small blind) mucked
Seat 4: VolkovDmitri (big blind) showed [4s Ts] and won ($35.50) with a flush, King high


PokerStars Hand #160651532602:  Hold'em Limit ($3/$6 USD) - 2016/10/30 13:22:51 ET
Table 'Vesale' 6-max Seat #4 is the button
Seat 1: Auge72 ($102 in chips)
Seat 4: VolkovDmitri ($137.50 in chips)
VolkovDmitri: posts small blind $1
Auge72: posts big blind $3
*** HOLE CARDS ***
VolkovDmitri: raises $3 to $6
Auge72: calls $3
*** FLOP *** [Qc 7d Jc]
Auge72: checks
VolkovDmitri: bets $3
Auge72: folds
Uncalled bet ($3) returned to VolkovDmitri
VolkovDmitri collected $11.76 from pot
VolkovDmitri: doesn't show hand
*** SUMMARY ***
Total pot $12 | Rake $0.24
Board [Qc 7d Jc]
Seat 1: Auge72 (big blind) folded on the Flop
Seat 4: VolkovDmitri (button) (small blind) collected ($11.76)


PokerStars Hand #160651553815:  Hold'em Limit ($3/$6 USD) - 2016/10/30 13:23:14 ET
Table 'Vesale' 6-max Seat #1 is the button
Seat 1: Auge72 ($96 in chips)
Seat 4: VolkovDmitri ($143.26 in chips)
Auge72: posts small blind $1
VolkovDmitri: posts big blind $3
*** HOLE CARDS ***
Auge72: raises $3 to $6
VolkovDmitri: raises $3 to $9
Auge72: raises $3 to $12
Betting is capped
VolkovDmitri: calls $3
*** FLOP *** [9s 4h 3s]
VolkovDmitri: bets $3
Auge72: calls $3
*** TURN *** [9s 4h 3s] [Kh]
VolkovDmitri: checks
Auge72: checks
*** RIVER *** [9s 4h 3s Kh] [Th]
VolkovDmitri: checks
Auge72: checks
*** SHOW DOWN ***
VolkovDmitri: shows [Ac 5d] (high card Ace)
Auge72: shows [8h 8c] (a pair of Eights)
Auge72 collected $29.50 from pot
*** SUMMARY ***
Total pot $30 | Rake $0.50
Board [9s 4h 3s Kh Th]
Seat 1: Auge72 (button) (small blind) showed [8h 8c] and won ($29.50) with a pair of Eights
Seat 4: VolkovDmitri (big blind) showed [Ac 5d] and lost with high card Ace


PokerStars Hand #160651613969:  Hold'em Limit ($3/$6 USD) - 2016/10/30 13:24:17 ET
Table 'Vesale' 6-max Seat #1 is the button
Seat 1: Auge72 ($104.50 in chips)
Seat 4: VolkovDmitri ($134.02 in chips)
Auge72: posts small blind $1
VolkovDmitri: posts big blind $3
*** HOLE CARDS ***
Auge72: raises $3 to $6
VolkovDmitri: calls $3
*** FLOP *** [Tc Qc Td]
VolkovDmitri: checks
Auge72: bets $3
VolkovDmitri: raises $3 to $6
Auge72: calls $3
*** TURN *** [Tc Qc Td] [Kc]
VolkovDmitri: bets $6
Auge72: raises $6 to $12
VolkovDmitri: calls $6
*** RIVER *** [Tc Qc Td Kc] [Ah]
VolkovDmitri: bets $6
Auge72: calls $6
*** SHOW DOWN ***
VolkovDmitri: shows [Jd 6d] (a straight, Ten to Ace)
Auge72: mucks hand
VolkovDmitri collected $59.50 from pot
*** SUMMARY ***
Total pot $60 | Rake $0.50
Board [Tc Qc Td Kc Ah]
Seat 1: Auge72 (button) (small blind) mucked
Seat 4: VolkovDmitri (big blind) showed [Jd 6d] and won ($59.50) with a straight, Ten to Ace


PokerStars Hand #160651600106:  Hold'em Limit ($3/$6 USD) - 2016/10/30 13:24:03 ET
Table 'Vesale' 6-max Seat #4 is the button
Seat 1: Auge72 ($110.50 in chips)
Seat 4: VolkovDmitri ($128.26 in chips)
VolkovDmitri: posts small blind $1
Auge72: posts big blind $3
*** HOLE CARDS ***
VolkovDmitri: raises $3 to $6
Auge72: calls $3
*** FLOP *** [6c Th Kh]
Auge72: checks
VolkovDmitri: bets $3
Auge72: folds
Uncalled bet ($3) returned to VolkovDmitri
VolkovDmitri collected $11.76 from pot
VolkovDmitri: doesn't show hand
*** SUMMARY ***
Total pot $12 | Rake $0.24
Board [6c Th Kh]
Seat 1: Auge72 (big blind) folded on the Flop
Seat 4: VolkovDmitri (button) (small blind) collected ($11.76)


PokerStars Hand #160651643366:  Hold'em Limit ($3/$6 USD) - 2016/10/30 13:24:49 ET
Table 'Vesale' 6-max Seat #4 is the button
Seat 1: Auge72 ($74.50 in chips)
Seat 4: VolkovDmitri ($163.52 in chips)
VolkovDmitri: posts small blind $1
Auge72: posts big blind $3
*** HOLE CARDS ***
VolkovDmitri: raises $3 to $6
Auge72: calls $3
*** FLOP *** [3c 5d 4h]
Auge72: bets $3
VolkovDmitri: calls $3
*** TURN *** [3c 5d 4h] [Kh]
Auge72: bets $6
VolkovDmitri: folds
Uncalled bet ($6) returned to Auge72
Auge72 collected $17.64 from pot
Auge72: doesn't show hand
*** SUMMARY ***
Total pot $18 | Rake $0.36
Board [3c 5d 4h Kh]
Seat 1: Auge72 (big blind) collected ($17.64)
Seat 4: VolkovDmitri (button) (small blind) folded on the Turn


PokerStars Hand #160651727914:  Hold'em Limit ($3/$6 USD) - 2016/10/30 13:26:17 ET
Table 'Vesale' 6-max Seat #4 is the button
Seat 1: Auge72 ($65.14 in chips)
Seat 4: VolkovDmitri ($172.02 in chips)
VolkovDmitri: posts small blind $1
Auge72: posts big blind $3
*** HOLE CARDS ***
VolkovDmitri: raises $3 to $6
Auge72: raises $3 to $9
VolkovDmitri: calls $3
*** FLOP *** [Jc 6c 9s]
Auge72: bets $3
VolkovDmitri: calls $3
*** TURN *** [Jc 6c 9s] [Ks]
Auge72: checks
VolkovDmitri: checks
*** RIVER *** [Jc 6c 9s Ks] [Qs]
Auge72: checks
VolkovDmitri: checks
*** SHOW DOWN ***
Auge72: shows [5h 3h] (high card King)
VolkovDmitri: shows [Qc 2c] (a pair of Queens)
VolkovDmitri collected $23.52 from pot
*** SUMMARY ***
Total pot $24 | Rake $0.48
Board [Jc 6c 9s Ks Qs]
Seat 1: Auge72 (big blind) showed [5h 3h] and lost with high card King
Seat 4: VolkovDmitri (button) (small blind) showed [Qc 2c] and won ($23.52) with a pair of Queens


PokerStars Hand #160651674472:  Hold'em Limit ($3/$6 USD) - 2016/10/30 13:25:23 ET
Table 'Vesale' 6-max Seat #1 is the button
Seat 1: Auge72 ($83.14 in chips)
Seat 4: VolkovDmitri ($154.52 in chips)
Auge72: posts small blind $1
VolkovDmitri: posts big blind $3
*** HOLE CARDS ***
Auge72: raises $3 to $6
VolkovDmitri: raises $3 to $9
Auge72: calls $3
*** FLOP *** [9h 2d 8s]
VolkovDmitri: bets $3
Auge72: calls $3
*** TURN *** [9h 2d 8s] [5h]
VolkovDmitri: checks
Auge72: bets $6
VolkovDmitri: calls $6
*** RIVER *** [9h 2d 8s 5h] [Ts]
VolkovDmitri: checks
Auge72: checks
*** SHOW DOWN ***
VolkovDmitri: shows [Ah 6c] (high card Ace)
Auge72: mucks hand
VolkovDmitri collected $35.50 from pot
*** SUMMARY ***
Total pot $36 | Rake $0.50
Board [9h 2d 8s 5h Ts]
Seat 1: Auge72 (button) (small blind) mucked
Seat 4: VolkovDmitri (big blind) showed [Ah 6c] and won ($35.50) with high card Ace


PokerStars Hand #160651767348:  Hold'em Limit ($3/$6 USD) - 2016/10/30 13:26:59 ET
Table 'Vesale' 6-max Seat #1 is the button
Seat 1: Auge72 ($53.14 in chips)
Seat 4: VolkovDmitri ($183.54 in chips)
Auge72: posts small blind $1
VolkovDmitri: posts big blind $3
*** HOLE CARDS ***
Auge72: raises $3 to $6
moveoverover joins the table at seat #2
VolkovDmitri: calls $3
*** FLOP *** [Th Ks 5d]
VolkovDmitri: checks
Auge72: checks
*** TURN *** [Th Ks 5d] [8s]
Ag3r0n joins the table at seat #3
VolkovDmitri: bets $6
Auge72: raises $6 to $12
VolkovDmitri: calls $6
*** RIVER *** [Th Ks 5d 8s] [4d]
VolkovDmitri: checks
Auge72: bets $6
VolkovDmitri: calls $6
*** SHOW DOWN ***
Auge72: shows [Td Kc] (two pair, Kings and Tens)
VolkovDmitri: mucks hand
Auge72 collected $47.50 from pot
*** SUMMARY ***
Total pot $48 | Rake $0.50
Board [Th Ks 5d 8s 4d]
Seat 1: Auge72 (button) (small blind) showed [Td Kc] and won ($47.50) with two pair, Kings and Tens
Seat 4: VolkovDmitri (big blind) mucked


PokerStars Hand #160651816759:  Hold'em Limit ($3/$6 USD) - 2016/10/30 13:27:53 ET
Table 'Vesale' 6-max Seat #4 is the button
Seat 1: Auge72 ($76.64 in chips)
Seat 4: VolkovDmitri ($159.54 in chips)
VolkovDmitri: posts small blind $1
Auge72: posts big blind $3
*** HOLE CARDS ***
VolkovDmitri: raises $3 to $6
Auge72: raises $3 to $9
VolkovDmitri: calls $3
*** FLOP *** [Qd 8d 3c]
Auge72: checks
VolkovDmitri: bets $3
Auge72: raises $3 to $6
VolkovDmitri: calls $3
*** TURN *** [Qd 8d 3c] [8s]
Auge72: bets $6
VolkovDmitri: calls $6
*** RIVER *** [Qd 8d 3c 8s] [2d]
Auge72: bets $6
VolkovDmitri: calls $6
*** SHOW DOWN ***
Auge72: shows [Ah 9c] (a pair of Eights)
VolkovDmitri: shows [Qs 2h] (two pair, Queens and Eights)
VolkovDmitri collected $53.50 from pot
*** SUMMARY ***
Total pot $54 | Rake $0.50
Board [Qd 8d 3c 8s 2d]
Seat 1: Auge72 (big blind) showed [Ah 9c] and lost with a pair of Eights
Seat 4: VolkovDmitri (button) (small blind) showed [Qs 2h] and won ($53.50) with two pair, Queens and Eights


PokerStars Hand #160652872971:  Hold'em Limit ($3/$6 USD) - 2016/10/30 13:46:21 ET
Table 'Vesale' 6-max Seat #4 is the button
Seat 3: Ag3r0n ($124.40 in chips)
Seat 4: VolkovDmitri ($142.16 in chips)
VolkovDmitri: posts small blind $1
Ag3r0n: posts big blind $3
*** HOLE CARDS ***
VolkovDmitri: raises $3 to $6
Ag3r0n: folds
Uncalled bet ($3) returned to VolkovDmitri
VolkovDmitri collected $6 from pot
VolkovDmitri: doesn't show hand
Ag3r0n leaves the table
*** SUMMARY ***
Total pot $6 | Rake $0
Seat 3: Ag3r0n (big blind) folded before Flop
Seat 4: VolkovDmitri (button) (small blind) collected ($6)


