PokerStars Hand #146766149793:  Hold'em Limit ($3/$6 USD) - 2016/01/09 18:00:07 ET
Table 'Vesta II' 2-max Seat #2 is the button
Seat 1: kaputnikoff ($60 in chips)
Seat 2: alleyx2011 ($252.02 in chips)
alleyx2011: posts small blind $1
kaputnikoff: posts big blind $3
*** HOLE CARDS ***
alleyx2011: calls $2
kaputnikoff: raises $3 to $6
alleyx2011: calls $3
*** FLOP *** [6d 9s 4h]
kaputnikoff: bets $3
alleyx2011: calls $3
*** TURN *** [6d 9s 4h] [7d]
kaputnikoff: checks
alleyx2011: bets $6
kaputnikoff: folds
Uncalled bet ($6) returned to alleyx2011
alleyx2011 collected $17.64 from pot
*** SUMMARY ***
Total pot $18 | Rake $0.36
Board [6d 9s 4h 7d]
Seat 1: kaputnikoff (big blind) folded on the Turn
Seat 2: alleyx2011 (button) (small blind) collected ($17.64)


PokerStars Hand #146766129961:  Hold'em Limit ($3/$6 USD) - 2016/01/09 17:59:42 ET
Table 'Vesta II' 2-max Seat #1 is the button
Seat 1: kaputnikoff ($80.16 in chips)
Seat 2: alleyx2011 ($228.52 in chips)
kaputnikoff: posts small blind $1
alleyx2011: posts big blind $3
*** HOLE CARDS ***
kaputnikoff: raises $3 to $6
alleyx2011: raises $3 to $9
kaputnikoff: calls $3
*** FLOP *** [4h 9h Qs]
alleyx2011: bets $3
kaputnikoff: calls $3
*** TURN *** [4h 9h Qs] [2s]
alleyx2011: bets $6
kaputnikoff: calls $6
*** RIVER *** [4h 9h Qs 2s] [Tc]
alleyx2011: bets $6
kaputnikoff: calls $6
*** SHOW DOWN ***
alleyx2011: shows [Qd Ah] (a pair of Queens)
kaputnikoff: mucks hand
alleyx2011 collected $47.50 from pot
*** SUMMARY ***
Total pot $48 | Rake $0.50
Board [4h 9h Qs 2s Tc]
Seat 1: kaputnikoff (button) (small blind) mucked
Seat 2: alleyx2011 (big blind) showed [Qd Ah] and won ($47.50) with a pair of Queens


PokerStars Hand #146766118843:  Hold'em Limit ($3/$6 USD) - 2016/01/09 17:59:27 ET
Table 'Vesta II' 2-max Seat #2 is the button
Seat 1: kaputnikoff ($74.40 in chips)
Seat 2: alleyx2011 ($234.52 in chips)
alleyx2011: posts small blind $1
kaputnikoff: posts big blind $3
*** HOLE CARDS ***
alleyx2011: calls $2
kaputnikoff: checks
*** FLOP *** [6c 3s 2c]
kaputnikoff: bets $3
alleyx2011: calls $3
*** TURN *** [6c 3s 2c] [7c]
kaputnikoff: bets $6
alleyx2011: folds
Uncalled bet ($6) returned to kaputnikoff
kaputnikoff collected $11.76 from pot
kaputnikoff: doesn't show hand
*** SUMMARY ***
Total pot $12 | Rake $0.24
Board [6c 3s 2c 7c]
Seat 1: kaputnikoff (big blind) collected ($11.76)
Seat 2: alleyx2011 (button) (small blind) folded on the Turn


PokerStars Hand #146766185948:  Hold'em Limit ($3/$6 USD) - 2016/01/09 18:00:51 ET
Table 'Vesta II' 2-max Seat #1 is the button
Seat 1: kaputnikoff ($60 in chips)
Seat 2: alleyx2011 ($260.42 in chips)
kaputnikoff: posts small blind $1
alleyx2011: posts big blind $3
*** HOLE CARDS ***
kaputnikoff: raises $3 to $6
alleyx2011: calls $3
*** FLOP *** [4s 3s 8h]
alleyx2011: checks
kaputnikoff: bets $3
alleyx2011: calls $3
*** TURN *** [4s 3s 8h] [Th]
alleyx2011: checks
kaputnikoff: bets $6
alleyx2011: calls $6
*** RIVER *** [4s 3s 8h Th] [5c]
alleyx2011: checks
kaputnikoff: bets $6
alleyx2011: calls $6
*** SHOW DOWN ***
kaputnikoff: shows [5h Tc] (two pair, Tens and Fives)
alleyx2011: mucks hand
kaputnikoff collected $41.50 from pot
*** SUMMARY ***
Total pot $42 | Rake $0.50
Board [4s 3s 8h Th 5c]
Seat 1: kaputnikoff (button) (small blind) showed [5h Tc] and won ($41.50) with two pair, Tens and Fives
Seat 2: alleyx2011 (big blind) mucked


PokerStars Hand #146766175093:  Hold'em Limit ($3/$6 USD) - 2016/01/09 18:00:38 ET
Table 'Vesta II' 2-max Seat #2 is the button
Seat 1: kaputnikoff ($65.76 in chips)
Seat 2: alleyx2011 ($254.66 in chips)
alleyx2011: posts small blind $1
kaputnikoff: posts big blind $3
*** HOLE CARDS ***
alleyx2011: raises $3 to $6
kaputnikoff: calls $3
*** FLOP *** [7d 7h 6c]
kaputnikoff: checks
alleyx2011: bets $3
kaputnikoff: folds
Uncalled bet ($3) returned to alleyx2011
alleyx2011 collected $11.76 from pot
*** SUMMARY ***
Total pot $12 | Rake $0.24
Board [7d 7h 6c]
Seat 1: kaputnikoff (big blind) folded on the Flop
Seat 2: alleyx2011 (button) (small blind) collected ($11.76)


PokerStars Hand #146766166953:  Hold'em Limit ($3/$6 USD) - 2016/01/09 18:00:28 ET
Table 'Vesta II' 2-max Seat #1 is the button
Seat 1: kaputnikoff ($60 in chips)
Seat 2: alleyx2011 ($260.66 in chips)
kaputnikoff: posts small blind $1
alleyx2011: posts big blind $3
*** HOLE CARDS ***
kaputnikoff: raises $3 to $6
alleyx2011: calls $3
*** FLOP *** [Jd Js 9h]
alleyx2011: checks
kaputnikoff: bets $3
alleyx2011: folds
Uncalled bet ($3) returned to kaputnikoff
kaputnikoff collected $11.76 from pot
kaputnikoff: doesn't show hand
*** SUMMARY ***
Total pot $12 | Rake $0.24
Board [Jd Js 9h]
Seat 1: kaputnikoff (button) (small blind) collected ($11.76)
Seat 2: alleyx2011 (big blind) folded on the Flop


PokerStars Hand #146766239106:  Hold'em Limit ($3/$6 USD) - 2016/01/09 18:01:52 ET
Table 'Vesta II' 2-max Seat #2 is the button
Seat 1: kaputnikoff ($103.76 in chips)
Seat 2: alleyx2011 ($215.42 in chips)
alleyx2011: posts small blind $1
kaputnikoff: posts big blind $3
*** HOLE CARDS ***
alleyx2011: raises $3 to $6
kaputnikoff: calls $3
*** FLOP *** [5s 9h 6d]
kaputnikoff: checks
alleyx2011: bets $3
kaputnikoff: raises $3 to $6
alleyx2011: raises $3 to $9
kaputnikoff: calls $3
*** TURN *** [5s 9h 6d] [Th]
kaputnikoff: checks
alleyx2011: bets $6
kaputnikoff: calls $6
*** RIVER *** [5s 9h 6d Th] [Ks]
kaputnikoff: checks
alleyx2011: bets $6
kaputnikoff: folds
Uncalled bet ($6) returned to alleyx2011
alleyx2011 collected $41.50 from pot
*** SUMMARY ***
Total pot $42 | Rake $0.50
Board [5s 9h 6d Th Ks]
Seat 1: kaputnikoff (big blind) folded on the River
Seat 2: alleyx2011 (button) (small blind) collected ($41.50)


PokerStars Hand #146766229841:  Hold'em Limit ($3/$6 USD) - 2016/01/09 18:01:41 ET
Table 'Vesta II' 2-max Seat #1 is the button
Seat 1: kaputnikoff ($98 in chips)
Seat 2: alleyx2011 ($221.42 in chips)
kaputnikoff: posts small blind $1
alleyx2011: posts big blind $3
*** HOLE CARDS ***
kaputnikoff: raises $3 to $6
alleyx2011: calls $3
*** FLOP *** [As 2h Kh]
alleyx2011: checks
kaputnikoff: bets $3
alleyx2011: folds
Uncalled bet ($3) returned to kaputnikoff
kaputnikoff collected $11.76 from pot
kaputnikoff: doesn't show hand
*** SUMMARY ***
Total pot $12 | Rake $0.24
Board [As 2h Kh]
Seat 1: kaputnikoff (button) (small blind) collected ($11.76)
Seat 2: alleyx2011 (big blind) folded on the Flop


PokerStars Hand #146766207014:  Hold'em Limit ($3/$6 USD) - 2016/01/09 18:01:16 ET
Table 'Vesta II' 2-max Seat #2 is the button
Seat 1: kaputnikoff ($80.50 in chips)
Seat 2: alleyx2011 ($239.42 in chips)
alleyx2011: posts small blind $1
kaputnikoff: posts big blind $3
*** HOLE CARDS ***
alleyx2011: calls $2
kaputnikoff: raises $3 to $6
alleyx2011: calls $3
*** FLOP *** [4h 5s 7h]
kaputnikoff: bets $3
alleyx2011: raises $3 to $6
kaputnikoff: calls $3
*** TURN *** [4h 5s 7h] [9s]
kaputnikoff: checks
alleyx2011: bets $6
kaputnikoff: calls $6
*** RIVER *** [4h 5s 7h 9s] [Qd]
kaputnikoff: checks
alleyx2011: checks
*** SHOW DOWN ***
kaputnikoff: shows [8s Qs] (a pair of Queens)
alleyx2011: mucks hand
kaputnikoff collected $35.50 from pot
*** SUMMARY ***
Total pot $36 | Rake $0.50
Board [4h 5s 7h 9s Qd]
Seat 1: kaputnikoff (big blind) showed [8s Qs] and won ($35.50) with a pair of Queens
Seat 2: alleyx2011 (button) (small blind) mucked


PokerStars Hand #146766320219:  Hold'em Limit ($3/$6 USD) - 2016/01/09 18:03:19 ET
Table 'Vesta II' 2-max Seat #1 is the button
Seat 1: kaputnikoff ($94.02 in chips)
Seat 2: alleyx2011 ($223.44 in chips)
kaputnikoff: posts small blind $1
alleyx2011: posts big blind $3
*** HOLE CARDS ***
kaputnikoff: folds
Uncalled bet ($2) returned to alleyx2011
alleyx2011 collected $2 from pot
*** SUMMARY ***
Total pot $2 | Rake $0
Seat 1: kaputnikoff (button) (small blind) folded before Flop
Seat 2: alleyx2011 (big blind) collected ($2)


PokerStars Hand #146766310020:  Hold'em Limit ($3/$6 USD) - 2016/01/09 18:03:08 ET
Table 'Vesta II' 2-max Seat #2 is the button
Seat 1: kaputnikoff ($97.02 in chips)
Seat 2: alleyx2011 ($220.56 in chips)
alleyx2011: posts small blind $1
kaputnikoff: posts big blind $3
*** HOLE CARDS ***
alleyx2011: calls $2
kaputnikoff: checks
*** FLOP *** [8c 6c Kc]
kaputnikoff: checks
alleyx2011: bets $3
kaputnikoff: folds
Uncalled bet ($3) returned to alleyx2011
alleyx2011 collected $5.88 from pot
*** SUMMARY ***
Total pot $6 | Rake $0.12
Board [8c 6c Kc]
Seat 1: kaputnikoff (big blind) folded on the Flop
Seat 2: alleyx2011 (button) (small blind) collected ($5.88)


PokerStars Hand #146766293654:  Hold'em Limit ($3/$6 USD) - 2016/01/09 18:02:50 ET
Table 'Vesta II' 2-max Seat #1 is the button
Seat 1: kaputnikoff ($79.52 in chips)
Seat 2: alleyx2011 ($238.56 in chips)
kaputnikoff: posts small blind $1
alleyx2011: posts big blind $3
*** HOLE CARDS ***
kaputnikoff: raises $3 to $6
alleyx2011: raises $3 to $9
kaputnikoff: calls $3
*** FLOP *** [3d 4s 7c]
alleyx2011: bets $3
kaputnikoff: calls $3
*** TURN *** [3d 4s 7c] [6s]
alleyx2011: bets $6
kaputnikoff: raises $6 to $12
alleyx2011: folds
Uncalled bet ($6) returned to kaputnikoff
kaputnikoff collected $35.50 from pot
kaputnikoff: doesn't show hand
*** SUMMARY ***
Total pot $36 | Rake $0.50
Board [3d 4s 7c 6s]
Seat 1: kaputnikoff (button) (small blind) collected ($35.50)
Seat 2: alleyx2011 (big blind) folded on the Turn


PokerStars Hand #146766278215:  Hold'em Limit ($3/$6 USD) - 2016/01/09 18:02:34 ET
Table 'Vesta II' 2-max Seat #2 is the button
Seat 1: kaputnikoff ($88.52 in chips)
Seat 2: alleyx2011 ($229.92 in chips)
alleyx2011: posts small blind $1
kaputnikoff: posts big blind $3
*** HOLE CARDS ***
alleyx2011: raises $3 to $6
kaputnikoff: calls $3
*** FLOP *** [2s 4d 3d]
kaputnikoff: checks
alleyx2011: bets $3
kaputnikoff: calls $3
*** TURN *** [2s 4d 3d] [Ac]
kaputnikoff: checks
alleyx2011: bets $6
kaputnikoff: folds
Uncalled bet ($6) returned to alleyx2011
alleyx2011 collected $17.64 from pot
*** SUMMARY ***
Total pot $18 | Rake $0.36
Board [2s 4d 3d Ac]
Seat 1: kaputnikoff (big blind) folded on the Turn
Seat 2: alleyx2011 (button) (small blind) collected ($17.64)


PokerStars Hand #146766267427:  Hold'em Limit ($3/$6 USD) - 2016/01/09 18:02:22 ET
Table 'Vesta II' 2-max Seat #1 is the button
Seat 1: kaputnikoff ($82.76 in chips)
Seat 2: alleyx2011 ($235.92 in chips)
kaputnikoff: posts small blind $1
alleyx2011: posts big blind $3
*** HOLE CARDS ***
kaputnikoff: raises $3 to $6
alleyx2011: calls $3
*** FLOP *** [Qh 5s 9s]
alleyx2011: checks
kaputnikoff: bets $3
alleyx2011: folds
Uncalled bet ($3) returned to kaputnikoff
kaputnikoff collected $11.76 from pot
kaputnikoff: doesn't show hand
*** SUMMARY ***
Total pot $12 | Rake $0.24
Board [Qh 5s 9s]
Seat 1: kaputnikoff (button) (small blind) collected ($11.76)
Seat 2: alleyx2011 (big blind) folded on the Flop


PokerStars Hand #146766365101:  Hold'em Limit ($3/$6 USD) - 2016/01/09 18:04:07 ET
Table 'Vesta II' 2-max Seat #2 is the button
Seat 1: kaputnikoff ($77.78 in chips)
Seat 2: alleyx2011 ($238.94 in chips)
alleyx2011: posts small blind $1
kaputnikoff: posts big blind $3
*** HOLE CARDS ***
alleyx2011: calls $2
kaputnikoff: checks
*** FLOP *** [Jh Td Qc]
kaputnikoff: checks
alleyx2011: checks
*** TURN *** [Jh Td Qc] [2h]
kaputnikoff: checks
alleyx2011: checks
*** RIVER *** [Jh Td Qc 2h] [8h]
kaputnikoff: checks
alleyx2011: checks
*** SHOW DOWN ***
kaputnikoff: shows [3d Ac] (high card Ace)
alleyx2011: shows [As 3h] (high card Ace)
kaputnikoff collected $2.94 from pot
alleyx2011 collected $2.94 from pot
*** SUMMARY ***
Total pot $6 | Rake $0.12
Board [Jh Td Qc 2h 8h]
Seat 1: kaputnikoff (big blind) showed [3d Ac] and won ($2.94) with high card Ace
Seat 2: alleyx2011 (button) (small blind) showed [As 3h] and won ($2.94) with high card Ace


PokerStars Hand #146766345621:  Hold'em Limit ($3/$6 USD) - 2016/01/09 18:03:46 ET
Table 'Vesta II' 2-max Seat #1 is the button
Seat 1: kaputnikoff ($72.02 in chips)
Seat 2: alleyx2011 ($244.94 in chips)
kaputnikoff: posts small blind $1
alleyx2011: posts big blind $3
*** HOLE CARDS ***
kaputnikoff: raises $3 to $6
alleyx2011: calls $3
*** FLOP *** [Jc Qc 9d]
alleyx2011: checks
kaputnikoff: checks
*** TURN *** [Jc Qc 9d] [8h]
alleyx2011: checks
kaputnikoff: checks
*** RIVER *** [Jc Qc 9d 8h] [Kc]
alleyx2011: checks
kaputnikoff: checks
*** SHOW DOWN ***
alleyx2011: shows [3c 6h] (high card King)
kaputnikoff: shows [Jh 3d] (a pair of Jacks)
kaputnikoff collected $11.76 from pot
*** SUMMARY ***
Total pot $12 | Rake $0.24
Board [Jc Qc 9d 8h Kc]
Seat 1: kaputnikoff (button) (small blind) showed [Jh 3d] and won ($11.76) with a pair of Jacks
Seat 2: alleyx2011 (big blind) showed [3c 6h] and lost with high card King


PokerStars Hand #146766325603:  Hold'em Limit ($3/$6 USD) - 2016/01/09 18:03:25 ET
Table 'Vesta II' 2-max Seat #2 is the button
Seat 1: kaputnikoff ($93.02 in chips)
Seat 2: alleyx2011 ($224.44 in chips)
alleyx2011: posts small blind $1
kaputnikoff: posts big blind $3
*** HOLE CARDS ***
alleyx2011: raises $3 to $6
kaputnikoff: calls $3
*** FLOP *** [3c 6s 9s]
kaputnikoff: checks
alleyx2011: bets $3
kaputnikoff: calls $3
*** TURN *** [3c 6s 9s] [6h]
kaputnikoff: checks
alleyx2011: bets $6
kaputnikoff: calls $6
*** RIVER *** [3c 6s 9s 6h] [Ac]
kaputnikoff: checks
alleyx2011: bets $6
kaputnikoff: calls $6
*** SHOW DOWN ***
alleyx2011: shows [3s 3h] (a full house, Threes full of Sixes)
kaputnikoff: mucks hand
alleyx2011 collected $41.50 from pot
*** SUMMARY ***
Total pot $42 | Rake $0.50
Board [3c 6s 9s 6h Ac]
Seat 1: kaputnikoff (big blind) mucked
Seat 2: alleyx2011 (button) (small blind) showed [3s 3h] and won ($41.50) with a full house, Threes full of Sixes


PokerStars Hand #146766417502:  Hold'em Limit ($3/$6 USD) - 2016/01/09 18:05:03 ET
Table 'Vesta II' 2-max Seat #1 is the button
Seat 1: kaputnikoff ($86.22 in chips)
Seat 2: alleyx2011 ($229.64 in chips)
kaputnikoff: posts small blind $1
alleyx2011: posts big blind $3
*** HOLE CARDS ***
kaputnikoff: raises $3 to $6
alleyx2011: calls $3
*** FLOP *** [5h Tc Ac]
alleyx2011: checks
kaputnikoff: bets $3
alleyx2011: calls $3
*** TURN *** [5h Tc Ac] [3c]
alleyx2011: checks
kaputnikoff: checks
*** RIVER *** [5h Tc Ac 3c] [2s]
alleyx2011: bets $6
kaputnikoff: folds
Uncalled bet ($6) returned to alleyx2011
alleyx2011 collected $17.64 from pot
*** SUMMARY ***
Total pot $18 | Rake $0.36
Board [5h Tc Ac 3c 2s]
Seat 1: kaputnikoff (button) (small blind) folded on the River
Seat 2: alleyx2011 (big blind) collected ($17.64)


PokerStars Hand #146766396317:  Hold'em Limit ($3/$6 USD) - 2016/01/09 18:04:40 ET
Table 'Vesta II' 2-max Seat #2 is the button
Seat 1: kaputnikoff ($92.22 in chips)
Seat 2: alleyx2011 ($223.88 in chips)
alleyx2011: posts small blind $1
kaputnikoff: posts big blind $3
*** HOLE CARDS ***
alleyx2011: calls $2
kaputnikoff: checks
*** FLOP *** [6d 7h 3c]
kaputnikoff: checks
alleyx2011: bets $3
kaputnikoff: calls $3
*** TURN *** [6d 7h 3c] [6h]
kaputnikoff: checks
alleyx2011: bets $6
kaputnikoff: folds
Uncalled bet ($6) returned to alleyx2011
alleyx2011 collected $11.76 from pot
*** SUMMARY ***
Total pot $12 | Rake $0.24
Board [6d 7h 3c 6h]
Seat 1: kaputnikoff (big blind) folded on the Turn
Seat 2: alleyx2011 (button) (small blind) collected ($11.76)


PokerStars Hand #146766378593:  Hold'em Limit ($3/$6 USD) - 2016/01/09 18:04:22 ET
Table 'Vesta II' 2-max Seat #1 is the button
Seat 1: kaputnikoff ($77.72 in chips)
Seat 2: alleyx2011 ($238.88 in chips)
kaputnikoff: posts small blind $1
alleyx2011: posts big blind $3
*** HOLE CARDS ***
kaputnikoff: raises $3 to $6
alleyx2011: calls $3
*** FLOP *** [2c 9c 3c]
alleyx2011: checks
kaputnikoff: bets $3
alleyx2011: calls $3
*** TURN *** [2c 9c 3c] [4c]
alleyx2011: checks
kaputnikoff: bets $6
alleyx2011: calls $6
*** RIVER *** [2c 9c 3c 4c] [Td]
alleyx2011: checks
kaputnikoff: bets $6
alleyx2011: folds
Uncalled bet ($6) returned to kaputnikoff
kaputnikoff collected $29.50 from pot
kaputnikoff: doesn't show hand
*** SUMMARY ***
Total pot $30 | Rake $0.50
Board [2c 9c 3c 4c Td]
Seat 1: kaputnikoff (button) (small blind) collected ($29.50)
Seat 2: alleyx2011 (big blind) folded on the River


PokerStars Hand #146766454346:  Hold'em Limit ($3/$6 USD) - 2016/01/09 18:05:42 ET
Table 'Vesta II' 2-max Seat #1 is the button
Seat 1: kaputnikoff ($85.86 in chips)
Seat 2: alleyx2011 ($229.28 in chips)
kaputnikoff: posts small blind $1
alleyx2011: posts big blind $3
*** HOLE CARDS ***
kaputnikoff: raises $3 to $6
alleyx2011: calls $3
*** FLOP *** [2s 8d Td]
alleyx2011: checks
kaputnikoff: bets $3
alleyx2011: folds
Uncalled bet ($3) returned to kaputnikoff
kaputnikoff collected $11.76 from pot
kaputnikoff: doesn't show hand
*** SUMMARY ***
Total pot $12 | Rake $0.24
Board [2s 8d Td]
Seat 1: kaputnikoff (button) (small blind) collected ($11.76)
Seat 2: alleyx2011 (big blind) folded on the Flop


PokerStars Hand #146766437878:  Hold'em Limit ($3/$6 USD) - 2016/01/09 18:05:25 ET
Table 'Vesta II' 2-max Seat #2 is the button
Seat 1: kaputnikoff ($77.22 in chips)
Seat 2: alleyx2011 ($238.28 in chips)
alleyx2011: posts small blind $1
kaputnikoff: posts big blind $3
*** HOLE CARDS ***
alleyx2011: calls $2
kaputnikoff: checks
*** FLOP *** [Qd 9h 4c]
kaputnikoff: checks
alleyx2011: checks
*** TURN *** [Qd 9h 4c] [As]
kaputnikoff: checks
alleyx2011: checks
*** RIVER *** [Qd 9h 4c As] [7d]
kaputnikoff: checks
alleyx2011: bets $6
kaputnikoff: calls $6
*** SHOW DOWN ***
alleyx2011: shows [4h 2d] (a pair of Fours)
kaputnikoff: shows [7h Tc] (a pair of Sevens)
kaputnikoff collected $17.64 from pot
*** SUMMARY ***
Total pot $18 | Rake $0.36
Board [Qd 9h 4c As 7d]
Seat 1: kaputnikoff (big blind) showed [7h Tc] and won ($17.64) with a pair of Sevens
Seat 2: alleyx2011 (button) (small blind) showed [4h 2d] and lost with a pair of Fours


PokerStars Hand #146766484732:  Hold'em Limit ($3/$6 USD) - 2016/01/09 18:06:15 ET
Table 'Vesta II' 2-max Seat #1 is the button
Seat 1: kaputnikoff ($106.12 in chips)
Seat 2: alleyx2011 ($208.28 in chips)
kaputnikoff: posts small blind $1
alleyx2011: posts big blind $3
*** HOLE CARDS ***
kaputnikoff: raises $3 to $6
alleyx2011: calls $3
*** FLOP *** [6h 7c 6c]
alleyx2011: checks
kaputnikoff: bets $3
alleyx2011: folds
Uncalled bet ($3) returned to kaputnikoff
kaputnikoff collected $11.76 from pot
kaputnikoff: doesn't show hand
*** SUMMARY ***
Total pot $12 | Rake $0.24
Board [6h 7c 6c]
Seat 1: kaputnikoff (button) (small blind) collected ($11.76)
Seat 2: alleyx2011 (big blind) folded on the Flop


PokerStars Hand #146766464441:  Hold'em Limit ($3/$6 USD) - 2016/01/09 18:05:53 ET
Table 'Vesta II' 2-max Seat #2 is the button
Seat 1: kaputnikoff ($91.62 in chips)
Seat 2: alleyx2011 ($223.28 in chips)
alleyx2011: posts small blind $1
kaputnikoff: posts big blind $3
*** HOLE CARDS ***
alleyx2011: calls $2
kaputnikoff: raises $3 to $6
alleyx2011: calls $3
*** FLOP *** [4s 5h 2h]
kaputnikoff: bets $3
alleyx2011: calls $3
*** TURN *** [4s 5h 2h] [7c]
kaputnikoff: bets $6
alleyx2011: calls $6
*** RIVER *** [4s 5h 2h 7c] [As]
kaputnikoff: checks
alleyx2011: checks
*** SHOW DOWN ***
kaputnikoff: shows [Jc 4c] (a pair of Fours)
alleyx2011: mucks hand
kaputnikoff collected $29.50 from pot
*** SUMMARY ***
Total pot $30 | Rake $0.50
Board [4s 5h 2h 7c As]
Seat 1: kaputnikoff (big blind) showed [Jc 4c] and won ($29.50) with a pair of Fours
Seat 2: alleyx2011 (button) (small blind) mucked


PokerStars Hand #146766495928:  Hold'em Limit ($3/$6 USD) - 2016/01/09 18:06:26 ET
Table 'Vesta II' 2-max Seat #2 is the button
Seat 1: kaputnikoff ($111.88 in chips)
Seat 2: alleyx2011 ($202.28 in chips)
alleyx2011: posts small blind $1
kaputnikoff: posts big blind $3
*** HOLE CARDS ***
alleyx2011: raises $3 to $6
kaputnikoff: calls $3
*** FLOP *** [Qd Jh Ah]
kaputnikoff: checks
alleyx2011: bets $3
kaputnikoff: calls $3
*** TURN *** [Qd Jh Ah] [7h]
kaputnikoff: checks
alleyx2011: bets $6
kaputnikoff: calls $6
*** RIVER *** [Qd Jh Ah 7h] [Js]
kaputnikoff: checks
alleyx2011: bets $6
kaputnikoff: calls $6
*** SHOW DOWN ***
alleyx2011: shows [Ts Qh] (two pair, Queens and Jacks)
kaputnikoff: shows [3h Jc] (three of a kind, Jacks)
kaputnikoff collected $41.50 from pot
*** SUMMARY ***
Total pot $42 | Rake $0.50
Board [Qd Jh Ah 7h Js]
Seat 1: kaputnikoff (big blind) showed [3h Jc] and won ($41.50) with three of a kind, Jacks
Seat 2: alleyx2011 (button) (small blind) showed [Ts Qh] and lost with two pair, Queens and Jacks


PokerStars Hand #146766533904:  Hold'em Limit ($3/$6 USD) - 2016/01/09 18:07:07 ET
Table 'Vesta II' 2-max Seat #2 is the button
Seat 1: kaputnikoff ($138.14 in chips)
Seat 2: alleyx2011 ($175.28 in chips)
alleyx2011: posts small blind $1
kaputnikoff: posts big blind $3
*** HOLE CARDS ***
alleyx2011: raises $3 to $6
kaputnikoff: raises $3 to $9
alleyx2011: raises $3 to $12
Betting is capped
kaputnikoff: calls $3
*** FLOP *** [8d 8c 8s]
kaputnikoff: bets $3
alleyx2011: raises $3 to $6
kaputnikoff: calls $3
*** TURN *** [8d 8c 8s] [Ts]
kaputnikoff: checks
alleyx2011: bets $6
kaputnikoff: calls $6
*** RIVER *** [8d 8c 8s Ts] [6d]
kaputnikoff: checks
alleyx2011: bets $6
kaputnikoff: calls $6
*** SHOW DOWN ***
alleyx2011: shows [9s Ac] (three of a kind, Eights)
kaputnikoff: shows [Kc Ah] (three of a kind, Eights - Ace+King kicker)
kaputnikoff collected $59.50 from pot
*** SUMMARY ***
Total pot $60 | Rake $0.50
Board [8d 8c 8s Ts 6d]
Seat 1: kaputnikoff (big blind) showed [Kc Ah] and won ($59.50) with three of a kind, Eights
Seat 2: alleyx2011 (button) (small blind) showed [9s Ac] and lost with three of a kind, Eights


PokerStars Hand #146766520893:  Hold'em Limit ($3/$6 USD) - 2016/01/09 18:06:53 ET
Table 'Vesta II' 2-max Seat #1 is the button
Seat 1: kaputnikoff ($132.38 in chips)
Seat 2: alleyx2011 ($181.28 in chips)
kaputnikoff: posts small blind $1
alleyx2011: posts big blind $3
*** HOLE CARDS ***
kaputnikoff: raises $3 to $6
alleyx2011: calls $3
*** FLOP *** [Tc 6d Jh]
alleyx2011: checks
kaputnikoff: bets $3
alleyx2011: folds
Uncalled bet ($3) returned to kaputnikoff
kaputnikoff collected $11.76 from pot
kaputnikoff: doesn't show hand
*** SUMMARY ***
Total pot $12 | Rake $0.24
Board [Tc 6d Jh]
Seat 1: kaputnikoff (button) (small blind) collected ($11.76)
Seat 2: alleyx2011 (big blind) folded on the Flop


PokerStars Hand #146766574578:  Hold'em Limit ($3/$6 USD) - 2016/01/09 18:07:50 ET
Table 'Vesta II' 2-max Seat #2 is the button
Seat 1: kaputnikoff ($176.28 in chips)
Seat 2: alleyx2011 ($136.28 in chips)
alleyx2011: posts small blind $1
kaputnikoff: posts big blind $3
*** HOLE CARDS ***
alleyx2011: folds
Uncalled bet ($2) returned to kaputnikoff
alleyx2011 leaves the table
kaputnikoff collected $2 from pot
kaputnikoff: doesn't show hand
*** SUMMARY ***
Total pot $2 | Rake $0
Seat 1: kaputnikoff (big blind) collected ($2)
Seat 2: alleyx2011 (button) (small blind) folded before Flop


PokerStars Hand #146766554926:  Hold'em Limit ($3/$6 USD) - 2016/01/09 18:07:29 ET
Table 'Vesta II' 2-max Seat #1 is the button
Seat 1: kaputnikoff ($167.64 in chips)
Seat 2: alleyx2011 ($145.28 in chips)
kaputnikoff: posts small blind $1
alleyx2011: posts big blind $3
*** HOLE CARDS ***
kaputnikoff: raises $3 to $6
alleyx2011: raises $3 to $9
kaputnikoff: calls $3
*** FLOP *** [Ad 2h 5h]
alleyx2011: checks
kaputnikoff: checks
*** TURN *** [Ad 2h 5h] [Qc]
alleyx2011: checks
kaputnikoff: bets $6
alleyx2011: folds
Uncalled bet ($6) returned to kaputnikoff
kaputnikoff collected $17.64 from pot
kaputnikoff: doesn't show hand
*** SUMMARY ***
Total pot $18 | Rake $0.36
Board [Ad 2h 5h Qc]
Seat 1: kaputnikoff (button) (small blind) collected ($17.64)
Seat 2: alleyx2011 (big blind) folded on the Turn


