PokerStars Hand #160285631209:  Hold'em Limit ($3/$6 USD) - 2016/10/22 12:59:27 ET
Table 'Vesta' 6-max Seat #3 is the button
Seat 3: **Geka**555 ($33.46 in chips)
Seat 4: pöci9 ($311.04 in chips)
**Geka**555: posts small blind $1
pöci9: posts big blind $3
*** HOLE CARDS ***
**Geka**555: calls $2
pöci9: raises $3 to $6
**Geka**555: raises $3 to $9
pöci9: calls $3
*** FLOP *** [5d As 3c]
pöci9: checks
**Geka**555: bets $3
pöci9: calls $3
*** TURN *** [5d As 3c] [6h]
pöci9: checks
**Geka**555: checks
*** RIVER *** [5d As 3c 6h] [Ks]
pöci9: bets $6
**Geka**555: calls $6
*** SHOW DOWN ***
pöci9: shows [Ad 2c] (a pair of Aces)
**Geka**555: mucks hand
pöci9 collected $35.50 from pot
*** SUMMARY ***
Total pot $36 | Rake $0.50
Board [5d As 3c 6h Ks]
Seat 3: **Geka**555 (button) (small blind) mucked
Seat 4: pöci9 (big blind) showed [Ad 2c] and won ($35.50) with a pair of Aces


PokerStars Hand #160285628313:  Hold'em Limit ($3/$6 USD) - 2016/10/22 12:59:22 ET
Table 'Vesta' 6-max Seat #4 is the button
Seat 3: **Geka**555 ($32.46 in chips)
Seat 4: pöci9 ($312.04 in chips)
pöci9: posts small blind $1
**Geka**555: posts big blind $3
*** HOLE CARDS ***
pöci9: folds
Uncalled bet ($2) returned to **Geka**555
**Geka**555 collected $2 from pot
**Geka**555: doesn't show hand
*** SUMMARY ***
Total pot $2 | Rake $0
Seat 3: **Geka**555 (big blind) collected ($2)
Seat 4: pöci9 (button) (small blind) folded before Flop


PokerStars Hand #160285625724:  Hold'em Limit ($3/$6 USD) - 2016/10/22 12:59:18 ET
Table 'Vesta' 6-max Seat #3 is the button
Seat 3: **Geka**555 ($33.46 in chips)
Seat 4: pöci9 ($311.04 in chips)
**Geka**555: posts small blind $1
pöci9: posts big blind $3
*** HOLE CARDS ***
**Geka**555: folds
Uncalled bet ($2) returned to pöci9
pöci9 collected $2 from pot
pöci9: doesn't show hand
*** SUMMARY ***
Total pot $2 | Rake $0
Seat 3: **Geka**555 (button) (small blind) folded before Flop
Seat 4: pöci9 (big blind) collected ($2)


PokerStars Hand #160285618482:  Hold'em Limit ($3/$6 USD) - 2016/10/22 12:59:06 ET
Table 'Vesta' 6-max Seat #4 is the button
Seat 3: **Geka**555 ($39.46 in chips)
Seat 4: pöci9 ($305.28 in chips)
pöci9: posts small blind $1
ZinZar: is sitting out
**Geka**555: posts big blind $3
*** HOLE CARDS ***
pöci9: raises $3 to $6
**Geka**555: calls $3
*** FLOP *** [4s 4d Ad]
**Geka**555: checks
pöci9: bets $3
**Geka**555: folds
Uncalled bet ($3) returned to pöci9
pöci9 collected $11.76 from pot
pöci9: doesn't show hand
*** SUMMARY ***
Total pot $12 | Rake $0.24
Board [4s 4d Ad]
Seat 3: **Geka**555 (big blind) folded on the Flop
Seat 4: pöci9 (button) (small blind) collected ($11.76)


PokerStars Hand #160285642818:  Hold'em Limit ($3/$6 USD) - 2016/10/22 12:59:46 ET
Table 'Vesta' 6-max Seat #4 is the button
Seat 3: **Geka**555 ($15.46 in chips)
Seat 4: pöci9 ($328.54 in chips)
pöci9: posts small blind $1
**Geka**555: posts big blind $3
*** HOLE CARDS ***
pöci9: raises $3 to $6
**Geka**555: raises $3 to $9
pöci9: calls $3
*** FLOP *** [5d Tc Qd]
**Geka**555: bets $3
pöci9: calls $3
*** TURN *** [5d Tc Qd] [8d]
**Geka**555: bets $3.46 and is all-in
pöci9: calls $3.46
*** RIVER *** [5d Tc Qd 8d] [9d]
*** SHOW DOWN ***
**Geka**555: shows [9s Qs] (two pair, Queens and Nines)
pöci9: shows [4c Ad] (a flush, Ace high)
pöci9 collected $30.42 from pot
*** SUMMARY ***
Total pot $30.92 | Rake $0.50
Board [5d Tc Qd 8d 9d]
Seat 3: **Geka**555 (big blind) showed [9s Qs] and lost with two pair, Queens and Nines
Seat 4: pöci9 (button) (small blind) showed [4c Ad] and won ($30.42) with a flush, Ace high


PokerStars Hand #160287609587:  Hold'em Limit ($3/$6 USD) - 2016/10/22 13:39:53 ET
Table 'Vesta' 6-max Seat #4 is the button
Seat 3: pöci9 ($291.07 in chips)
Seat 4: AzureCaper ($298.60 in chips)
AzureCaper: posts small blind $1
pöci9: posts big blind $3
*** HOLE CARDS ***
AzureCaper: raises $3 to $6
pöci9: folds
Uncalled bet ($3) returned to AzureCaper
AzureCaper collected $6 from pot
AzureCaper: doesn't show hand
*** SUMMARY ***
Total pot $6 | Rake $0
Seat 3: pöci9 (big blind) folded before Flop
Seat 4: AzureCaper (button) (small blind) collected ($6)


PokerStars Hand #160287616743:  Hold'em Limit ($3/$6 USD) - 2016/10/22 13:40:02 ET
Table 'Vesta' 6-max Seat #3 is the button
Seat 3: pöci9 ($288.07 in chips)
Seat 4: AzureCaper ($301.60 in chips)
pöci9: posts small blind $1
AzureCaper: posts big blind $3
*** HOLE CARDS ***
pöci9: folds
Uncalled bet ($2) returned to AzureCaper
AzureCaper collected $2 from pot
AzureCaper: doesn't show hand
*** SUMMARY ***
Total pot $2 | Rake $0
Seat 3: pöci9 (button) (small blind) folded before Flop
Seat 4: AzureCaper (big blind) collected ($2)


PokerStars Hand #160287626413:  Hold'em Limit ($3/$6 USD) - 2016/10/22 13:40:14 ET
Table 'Vesta' 6-max Seat #3 is the button
Seat 3: pöci9 ($288.07 in chips)
Seat 4: AzureCaper ($301.60 in chips)
pöci9: posts small blind $1
AzureCaper: posts big blind $3
*** HOLE CARDS ***
pöci9: folds
Uncalled bet ($2) returned to AzureCaper
AzureCaper collected $2 from pot
AzureCaper: doesn't show hand
*** SUMMARY ***
Total pot $2 | Rake $0
Seat 3: pöci9 (button) (small blind) folded before Flop
Seat 4: AzureCaper (big blind) collected ($2)


PokerStars Hand #160287621723:  Hold'em Limit ($3/$6 USD) - 2016/10/22 13:40:08 ET
Table 'Vesta' 6-max Seat #4 is the button
Seat 3: pöci9 ($287.07 in chips)
Seat 4: AzureCaper ($302.60 in chips)
AzureCaper: posts small blind $1
pöci9: posts big blind $3
*** HOLE CARDS ***
AzureCaper: folds
Uncalled bet ($2) returned to pöci9
pöci9 collected $2 from pot
pöci9: doesn't show hand
*** SUMMARY ***
Total pot $2 | Rake $0
Seat 3: pöci9 (big blind) collected ($2)
Seat 4: AzureCaper (button) (small blind) folded before Flop


PokerStars Hand #160287630013:  Hold'em Limit ($3/$6 USD) - 2016/10/22 13:40:18 ET
Table 'Vesta' 6-max Seat #4 is the button
Seat 3: pöci9 ($287.07 in chips)
Seat 4: AzureCaper ($302.60 in chips)
AzureCaper: posts small blind $1
pöci9: posts big blind $3
*** HOLE CARDS ***
AzureCaper: raises $3 to $6
pöci9: raises $3 to $9
AzureCaper: raises $3 to $12
Betting is capped
pöci9: calls $3
*** FLOP *** [Jd Ks 3h]
pöci9: checks
AzureCaper: bets $3
pöci9: folds
Uncalled bet ($3) returned to AzureCaper
AzureCaper collected $23.52 from pot
AzureCaper: doesn't show hand
*** SUMMARY ***
Total pot $24 | Rake $0.48
Board [Jd Ks 3h]
Seat 3: pöci9 (big blind) folded on the Flop
Seat 4: AzureCaper (button) (small blind) collected ($23.52)


PokerStars Hand #160287640462:  Hold'em Limit ($3/$6 USD) - 2016/10/22 13:40:31 ET
Table 'Vesta' 6-max Seat #3 is the button
Seat 3: pöci9 ($275.07 in chips)
Seat 4: AzureCaper ($314.12 in chips)
pöci9: posts small blind $1
AzureCaper: posts big blind $3
*** HOLE CARDS ***
pöci9: raises $3 to $6
AzureCaper: folds
Uncalled bet ($3) returned to pöci9
pöci9 collected $6 from pot
pöci9: doesn't show hand
*** SUMMARY ***
Total pot $6 | Rake $0
Seat 3: pöci9 (button) (small blind) collected ($6)
Seat 4: AzureCaper (big blind) folded before Flop


PokerStars Hand #160287646633:  Hold'em Limit ($3/$6 USD) - 2016/10/22 13:40:39 ET
Table 'Vesta' 6-max Seat #4 is the button
Seat 3: pöci9 ($278.07 in chips)
Seat 4: AzureCaper ($311.12 in chips)
AzureCaper: posts small blind $1
pöci9: posts big blind $3
*** HOLE CARDS ***
AzureCaper: raises $3 to $6
pöci9: calls $3
*** FLOP *** [7h 3s Ad]
pöci9: checks
AzureCaper: bets $3
pöci9: folds
Uncalled bet ($3) returned to AzureCaper
AzureCaper collected $11.76 from pot
AzureCaper: doesn't show hand
*** SUMMARY ***
Total pot $12 | Rake $0.24
Board [7h 3s Ad]
Seat 3: pöci9 (big blind) folded on the Flop
Seat 4: AzureCaper (button) (small blind) collected ($11.76)


PokerStars Hand #160287655848:  Hold'em Limit ($3/$6 USD) - 2016/10/22 13:40:51 ET
Table 'Vesta' 6-max Seat #3 is the button
Seat 3: pöci9 ($272.07 in chips)
Seat 4: AzureCaper ($316.88 in chips)
pöci9: posts small blind $1
AzureCaper: posts big blind $3
*** HOLE CARDS ***
pöci9: raises $3 to $6
AzureCaper: calls $3
*** FLOP *** [9s Ts 7c]
AzureCaper: checks
pöci9: bets $3
AzureCaper: raises $3 to $6
pöci9: calls $3
*** TURN *** [9s Ts 7c] [3s]
AzureCaper: bets $6
pöci9: calls $6
*** RIVER *** [9s Ts 7c 3s] [As]
AzureCaper: checks
pöci9: checks
*** SHOW DOWN ***
AzureCaper: shows [8d Jd] (a straight, Seven to Jack)
pöci9: mucks hand
AzureCaper collected $35.50 from pot
*** SUMMARY ***
Total pot $36 | Rake $0.50
Board [9s Ts 7c 3s As]
Seat 3: pöci9 (button) (small blind) mucked
Seat 4: AzureCaper (big blind) showed [8d Jd] and won ($35.50) with a straight, Seven to Jack


PokerStars Hand #160287677569:  Hold'em Limit ($3/$6 USD) - 2016/10/22 13:41:18 ET
Table 'Vesta' 6-max Seat #4 is the button
Seat 3: pöci9 ($254.07 in chips)
Seat 4: AzureCaper ($334.38 in chips)
AzureCaper: posts small blind $1
pöci9: posts big blind $3
*** HOLE CARDS ***
AzureCaper: raises $3 to $6
pöci9: raises $3 to $9
AzureCaper: calls $3
*** FLOP *** [2d Ts 3h]
pöci9: bets $3
vestimokrec leaves the table
AzureCaper: folds
Uncalled bet ($3) returned to pöci9
pöci9 collected $17.64 from pot
pöci9: doesn't show hand
*** SUMMARY ***
Total pot $18 | Rake $0.36
Board [2d Ts 3h]
Seat 3: pöci9 (big blind) collected ($17.64)
Seat 4: AzureCaper (button) (small blind) folded on the Flop


PokerStars Hand #160287695013:  Hold'em Limit ($3/$6 USD) - 2016/10/22 13:41:39 ET
Table 'Vesta' 6-max Seat #3 is the button
Seat 3: pöci9 ($262.71 in chips)
Seat 4: AzureCaper ($325.38 in chips)
pöci9: posts small blind $1
AzureCaper: posts big blind $3
*** HOLE CARDS ***
pöci9: raises $3 to $6
AzureCaper: calls $3
*** FLOP *** [Kh 4d 6c]
AzureCaper: checks
pöci9: checks
*** TURN *** [Kh 4d 6c] [8s]
AzureCaper: bets $6
pöci9: calls $6
*** RIVER *** [Kh 4d 6c 8s] [9s]
AzureCaper: checks
pöci9: bets $6
AzureCaper: folds
Uncalled bet ($6) returned to pöci9
pöci9 collected $23.52 from pot
pöci9: doesn't show hand
*** SUMMARY ***
Total pot $24 | Rake $0.48
Board [Kh 4d 6c 8s 9s]
Seat 3: pöci9 (button) (small blind) collected ($23.52)
Seat 4: AzureCaper (big blind) folded on the River


PokerStars Hand #160287707758:  Hold'em Limit ($3/$6 USD) - 2016/10/22 13:41:55 ET
Table 'Vesta' 6-max Seat #4 is the button
Seat 3: pöci9 ($274.23 in chips)
Seat 4: AzureCaper ($313.38 in chips)
AzureCaper: posts small blind $1
pöci9: posts big blind $3
*** HOLE CARDS ***
AzureCaper: raises $3 to $6
pöci9: raises $3 to $9
AzureCaper: calls $3
*** FLOP *** [2h 9h 4h]
pöci9: bets $3
AzureCaper: raises $3 to $6
pöci9: calls $3
*** TURN *** [2h 9h 4h] [Ts]
pöci9: checks
AzureCaper: checks
*** RIVER *** [2h 9h 4h Ts] [3h]
pöci9: bets $6
AzureCaper: raises $6 to $12
pöci9: calls $6
*** SHOW DOWN ***
AzureCaper: shows [Jd Kh] (a flush, King high)
pöci9: mucks hand
AzureCaper collected $53.50 from pot
*** SUMMARY ***
Total pot $54 | Rake $0.50
Board [2h 9h 4h Ts 3h]
Seat 3: pöci9 (big blind) mucked
Seat 4: AzureCaper (button) (small blind) showed [Jd Kh] and won ($53.50) with a flush, King high


PokerStars Hand #160287740193:  Hold'em Limit ($3/$6 USD) - 2016/10/22 13:42:35 ET
Table 'Vesta' 6-max Seat #4 is the button
Seat 3: pöci9 ($229.23 in chips)
Seat 4: AzureCaper ($357.38 in chips)
AzureCaper: posts small blind $1
pöci9: posts big blind $3
*** HOLE CARDS ***
AzureCaper: raises $3 to $6
pöci9: folds
Uncalled bet ($3) returned to AzureCaper
AzureCaper collected $6 from pot
AzureCaper: doesn't show hand
*** SUMMARY ***
Total pot $6 | Rake $0
Seat 3: pöci9 (big blind) folded before Flop
Seat 4: AzureCaper (button) (small blind) collected ($6)


PokerStars Hand #160287722120:  Hold'em Limit ($3/$6 USD) - 2016/10/22 13:42:13 ET
Table 'Vesta' 6-max Seat #3 is the button
Seat 3: pöci9 ($247.23 in chips)
Seat 4: AzureCaper ($339.88 in chips)
pöci9: posts small blind $1
AzureCaper: posts big blind $3
*** HOLE CARDS ***
pöci9: raises $3 to $6
AzureCaper: calls $3
*** FLOP *** [3d 3h Jd]
AzureCaper: bets $3
pöci9: raises $3 to $6
AzureCaper: calls $3
*** TURN *** [3d 3h Jd] [Jh]
AzureCaper: checks
pöci9: bets $6
AzureCaper: calls $6
*** RIVER *** [3d 3h Jd Jh] [6c]
AzureCaper: checks
pöci9: checks
*** SHOW DOWN ***
AzureCaper: shows [8s Ad] (two pair, Jacks and Threes)
pöci9: mucks hand
AzureCaper collected $35.50 from pot
*** SUMMARY ***
Total pot $36 | Rake $0.50
Board [3d 3h Jd Jh 6c]
Seat 3: pöci9 (button) (small blind) mucked
Seat 4: AzureCaper (big blind) showed [8s Ad] and won ($35.50) with two pair, Jacks and Threes


PokerStars Hand #160287744080:  Hold'em Limit ($3/$6 USD) - 2016/10/22 13:42:40 ET
Table 'Vesta' 6-max Seat #3 is the button
Seat 3: pöci9 ($226.23 in chips)
Seat 4: AzureCaper ($360.38 in chips)
pöci9: posts small blind $1
AzureCaper: posts big blind $3
*** HOLE CARDS ***
pöci9: folds
Uncalled bet ($2) returned to AzureCaper
AzureCaper collected $2 from pot
AzureCaper: doesn't show hand
*** SUMMARY ***
Total pot $2 | Rake $0
Seat 3: pöci9 (button) (small blind) folded before Flop
Seat 4: AzureCaper (big blind) collected ($2)


PokerStars Hand #160287747292:  Hold'em Limit ($3/$6 USD) - 2016/10/22 13:42:44 ET
Table 'Vesta' 6-max Seat #4 is the button
Seat 3: pöci9 ($225.23 in chips)
Seat 4: AzureCaper ($361.38 in chips)
AzureCaper: posts small blind $1
pöci9: posts big blind $3
*** HOLE CARDS ***
AzureCaper: raises $3 to $6
pöci9: calls $3
*** FLOP *** [Kd Tc 3s]
pöci9: checks
AzureCaper: bets $3
pöci9: folds
Uncalled bet ($3) returned to AzureCaper
AzureCaper collected $11.76 from pot
11131719 joins the table at seat #5
AzureCaper: doesn't show hand
*** SUMMARY ***
Total pot $12 | Rake $0.24
Board [Kd Tc 3s]
Seat 3: pöci9 (big blind) folded on the Flop
Seat 4: AzureCaper (button) (small blind) collected ($11.76)


PokerStars Hand #160287758684:  Hold'em Limit ($3/$6 USD) - 2016/10/22 13:42:58 ET
Table 'Vesta' 6-max Seat #3 is the button
Seat 3: pöci9 ($219.23 in chips)
Seat 4: AzureCaper ($367.14 in chips)
pöci9: posts small blind $1
AzureCaper: posts big blind $3
*** HOLE CARDS ***
pöci9: raises $3 to $6
AzureCaper: raises $3 to $9
pöci9: raises $3 to $12
Betting is capped
AzureCaper: calls $3
*** FLOP *** [As Ad Ts]
AzureCaper: checks
pöci9: bets $3
AzureCaper: folds
Uncalled bet ($3) returned to pöci9
11131719 leaves the table
pöci9 collected $23.52 from pot
pöci9: doesn't show hand
*** SUMMARY ***
Total pot $24 | Rake $0.48
Board [As Ad Ts]
Seat 3: pöci9 (button) (small blind) collected ($23.52)
Seat 4: AzureCaper (big blind) folded on the Flop


PokerStars Hand #160287778911:  Hold'em Limit ($3/$6 USD) - 2016/10/22 13:43:23 ET
Table 'Vesta' 6-max Seat #3 is the button
Seat 3: pöci9 ($231.75 in chips)
Seat 4: AzureCaper ($354.14 in chips)
pöci9: posts small blind $1
AzureCaper: posts big blind $3
*** HOLE CARDS ***
pöci9: folds
Uncalled bet ($2) returned to AzureCaper
AzureCaper collected $2 from pot
AzureCaper: doesn't show hand
*** SUMMARY ***
Total pot $2 | Rake $0
Seat 3: pöci9 (button) (small blind) folded before Flop
Seat 4: AzureCaper (big blind) collected ($2)


PokerStars Hand #160287773689:  Hold'em Limit ($3/$6 USD) - 2016/10/22 13:43:17 ET
Table 'Vesta' 6-max Seat #4 is the button
Seat 3: pöci9 ($230.75 in chips)
Seat 4: AzureCaper ($355.14 in chips)
AzureCaper: posts small blind $1
pöci9: posts big blind $3
*** HOLE CARDS ***
AzureCaper: folds
Uncalled bet ($2) returned to pöci9
pöci9 collected $2 from pot
pöci9: doesn't show hand
*** SUMMARY ***
Total pot $2 | Rake $0
Seat 3: pöci9 (big blind) collected ($2)
Seat 4: AzureCaper (button) (small blind) folded before Flop


PokerStars Hand #160287782271:  Hold'em Limit ($3/$6 USD) - 2016/10/22 13:43:28 ET
Table 'Vesta' 6-max Seat #4 is the button
Seat 3: pöci9 ($230.75 in chips)
Seat 4: AzureCaper ($355.14 in chips)
AzureCaper: posts small blind $1
pöci9: posts big blind $3
*** HOLE CARDS ***
AzureCaper: folds
Uncalled bet ($2) returned to pöci9
pöci9 collected $2 from pot
pöci9: doesn't show hand
*** SUMMARY ***
Total pot $2 | Rake $0
Seat 3: pöci9 (big blind) collected ($2)
Seat 4: AzureCaper (button) (small blind) folded before Flop


PokerStars Hand #160287788328:  Hold'em Limit ($3/$6 USD) - 2016/10/22 13:43:35 ET
Table 'Vesta' 6-max Seat #3 is the button
Seat 3: pöci9 ($231.75 in chips)
Seat 4: AzureCaper ($354.14 in chips)
pöci9: posts small blind $1
AzureCaper: posts big blind $3
*** HOLE CARDS ***
pöci9: raises $3 to $6
AzureCaper: calls $3
*** FLOP *** [2s 6c 2d]
AzureCaper: checks
pöci9: bets $3
AzureCaper: folds
Uncalled bet ($3) returned to pöci9
pöci9 collected $11.76 from pot
pöci9: doesn't show hand
*** SUMMARY ***
Total pot $12 | Rake $0.24
Board [2s 6c 2d]
Seat 3: pöci9 (button) (small blind) collected ($11.76)
Seat 4: AzureCaper (big blind) folded on the Flop


PokerStars Hand #160287803831:  Hold'em Limit ($3/$6 USD) - 2016/10/22 13:43:55 ET
Table 'Vesta' 6-max Seat #3 is the button
Seat 3: pöci9 ($238.51 in chips)
Seat 4: AzureCaper ($347.14 in chips)
pöci9: posts small blind $1
AzureCaper: posts big blind $3
*** HOLE CARDS ***
pöci9: raises $3 to $6
AzureCaper: folds
Uncalled bet ($3) returned to pöci9
pöci9 collected $6 from pot
pöci9: doesn't show hand
*** SUMMARY ***
Total pot $6 | Rake $0
Seat 3: pöci9 (button) (small blind) collected ($6)
Seat 4: AzureCaper (big blind) folded before Flop


PokerStars Hand #160287799864:  Hold'em Limit ($3/$6 USD) - 2016/10/22 13:43:50 ET
Table 'Vesta' 6-max Seat #4 is the button
Seat 3: pöci9 ($237.51 in chips)
Seat 4: AzureCaper ($348.14 in chips)
AzureCaper: posts small blind $1
pöci9: posts big blind $3
*** HOLE CARDS ***
AzureCaper: folds
Uncalled bet ($2) returned to pöci9
pöci9 collected $2 from pot
pöci9: doesn't show hand
*** SUMMARY ***
Total pot $2 | Rake $0
Seat 3: pöci9 (big blind) collected ($2)
Seat 4: AzureCaper (button) (small blind) folded before Flop


PokerStars Hand #160287812874:  Hold'em Limit ($3/$6 USD) - 2016/10/22 13:44:06 ET
Table 'Vesta' 6-max Seat #3 is the button
Seat 3: pöci9 ($242.51 in chips)
Seat 4: AzureCaper ($343.14 in chips)
pöci9: posts small blind $1
AzureCaper: posts big blind $3
*** HOLE CARDS ***
pöci9: folds
Uncalled bet ($2) returned to AzureCaper
AzureCaper collected $2 from pot
AzureCaper: doesn't show hand
*** SUMMARY ***
Total pot $2 | Rake $0
Seat 3: pöci9 (button) (small blind) folded before Flop
Seat 4: AzureCaper (big blind) collected ($2)


PokerStars Hand #160287807801:  Hold'em Limit ($3/$6 USD) - 2016/10/22 13:44:00 ET
Table 'Vesta' 6-max Seat #4 is the button
Seat 3: pöci9 ($241.51 in chips)
Seat 4: AzureCaper ($344.14 in chips)
AzureCaper: posts small blind $1
pöci9: posts big blind $3
*** HOLE CARDS ***
AzureCaper: folds
Uncalled bet ($2) returned to pöci9
pöci9 collected $2 from pot
pöci9: doesn't show hand
*** SUMMARY ***
Total pot $2 | Rake $0
Seat 3: pöci9 (big blind) collected ($2)
Seat 4: AzureCaper (button) (small blind) folded before Flop


PokerStars Hand #160287816339:  Hold'em Limit ($3/$6 USD) - 2016/10/22 13:44:10 ET
Table 'Vesta' 6-max Seat #4 is the button
Seat 3: pöci9 ($241.51 in chips)
Seat 4: AzureCaper ($344.14 in chips)
AzureCaper: posts small blind $1
pöci9: posts big blind $3
*** HOLE CARDS ***
AzureCaper: folds
Uncalled bet ($2) returned to pöci9
pöci9 collected $2 from pot
pöci9: doesn't show hand
*** SUMMARY ***
Total pot $2 | Rake $0
Seat 3: pöci9 (big blind) collected ($2)
Seat 4: AzureCaper (button) (small blind) folded before Flop


PokerStars Hand #160287819606:  Hold'em Limit ($3/$6 USD) - 2016/10/22 13:44:15 ET
Table 'Vesta' 6-max Seat #3 is the button
Seat 3: pöci9 ($242.51 in chips)
Seat 4: AzureCaper ($343.14 in chips)
pöci9: posts small blind $1
AzureCaper: posts big blind $3
*** HOLE CARDS ***
pöci9: raises $3 to $6
AzureCaper: calls $3
*** FLOP *** [9d 4d Js]
AzureCaper: checks
pöci9: bets $3
AzureCaper: folds
Uncalled bet ($3) returned to pöci9
pöci9 collected $11.76 from pot
pöci9: doesn't show hand
*** SUMMARY ***
Total pot $12 | Rake $0.24
Board [9d 4d Js]
Seat 3: pöci9 (button) (small blind) collected ($11.76)
Seat 4: AzureCaper (big blind) folded on the Flop


PokerStars Hand #160287836289:  Hold'em Limit ($3/$6 USD) - 2016/10/22 13:44:35 ET
Table 'Vesta' 6-max Seat #3 is the button
Seat 3: pöci9 ($249.27 in chips)
Seat 4: AzureCaper ($336.14 in chips)
pöci9: posts small blind $1
AzureCaper: posts big blind $3
*** HOLE CARDS ***
pöci9: folds
Uncalled bet ($2) returned to AzureCaper
AzureCaper collected $2 from pot
AzureCaper: doesn't show hand
*** SUMMARY ***
Total pot $2 | Rake $0
Seat 3: pöci9 (button) (small blind) folded before Flop
Seat 4: AzureCaper (big blind) collected ($2)


PokerStars Hand #160287827528:  Hold'em Limit ($3/$6 USD) - 2016/10/22 13:44:24 ET
Table 'Vesta' 6-max Seat #4 is the button
Seat 3: pöci9 ($248.27 in chips)
Seat 4: AzureCaper ($337.14 in chips)
AzureCaper: posts small blind $1
pöci9: posts big blind $3
*** HOLE CARDS ***
AzureCaper: folds
Uncalled bet ($2) returned to pöci9
pöci9 collected $2 from pot
pöci9: doesn't show hand
*** SUMMARY ***
Total pot $2 | Rake $0
Seat 3: pöci9 (big blind) collected ($2)
Seat 4: AzureCaper (button) (small blind) folded before Flop


PokerStars Hand #160287840093:  Hold'em Limit ($3/$6 USD) - 2016/10/22 13:44:40 ET
Table 'Vesta' 6-max Seat #4 is the button
Seat 3: pöci9 ($248.27 in chips)
Seat 4: AzureCaper ($337.14 in chips)
AzureCaper: posts small blind $1
pöci9: posts big blind $3
*** HOLE CARDS ***
AzureCaper: folds
Uncalled bet ($2) returned to pöci9
pöci9 collected $2 from pot
pöci9: doesn't show hand
*** SUMMARY ***
Total pot $2 | Rake $0
Seat 3: pöci9 (big blind) collected ($2)
Seat 4: AzureCaper (button) (small blind) folded before Flop


PokerStars Hand #160287843501:  Hold'em Limit ($3/$6 USD) - 2016/10/22 13:44:44 ET
Table 'Vesta' 6-max Seat #3 is the button
Seat 3: pöci9 ($249.27 in chips)
Seat 4: AzureCaper ($336.14 in chips)
pöci9: posts small blind $1
AzureCaper: posts big blind $3
*** HOLE CARDS ***
pöci9: raises $3 to $6
AzureCaper: raises $3 to $9
pöci9: raises $3 to $12
Betting is capped
AzureCaper: calls $3
*** FLOP *** [9h 9c 7c]
AzureCaper: checks
pöci9: bets $3
AzureCaper: calls $3
*** TURN *** [9h 9c 7c] [3h]
AzureCaper: checks
pöci9: bets $6
AzureCaper: calls $6
*** RIVER *** [9h 9c 7c 3h] [8c]
AzureCaper: checks
pöci9: bets $6
AzureCaper: calls $6
*** SHOW DOWN ***
pöci9: shows [3c 3d] (a full house, Threes full of Nines)
AzureCaper: mucks hand
pöci9 collected $53.50 from pot
*** SUMMARY ***
Total pot $54 | Rake $0.50
Board [9h 9c 7c 3h 8c]
Seat 3: pöci9 (button) (small blind) showed [3c 3d] and won ($53.50) with a full house, Threes full of Nines
Seat 4: AzureCaper (big blind) mucked


PokerStars Hand #160287863446:  Hold'em Limit ($3/$6 USD) - 2016/10/22 13:45:09 ET
Table 'Vesta' 6-max Seat #4 is the button
Seat 3: pöci9 ($275.77 in chips)
Seat 4: AzureCaper ($309.14 in chips)
AzureCaper: posts small blind $1
pöci9: posts big blind $3
*** HOLE CARDS ***
AzureCaper: folds
Uncalled bet ($2) returned to pöci9
pöci9 collected $2 from pot
pöci9: doesn't show hand
*** SUMMARY ***
Total pot $2 | Rake $0
Seat 3: pöci9 (big blind) collected ($2)
Seat 4: AzureCaper (button) (small blind) folded before Flop


PokerStars Hand #160287860020:  Hold'em Limit ($3/$6 USD) - 2016/10/22 13:45:05 ET
Table 'Vesta' 6-max Seat #3 is the button
Seat 3: pöci9 ($276.77 in chips)
Seat 4: AzureCaper ($308.14 in chips)
pöci9: posts small blind $1
AzureCaper: posts big blind $3
*** HOLE CARDS ***
pöci9: folds
Uncalled bet ($2) returned to AzureCaper
AzureCaper collected $2 from pot
AzureCaper: doesn't show hand
*** SUMMARY ***
Total pot $2 | Rake $0
Seat 3: pöci9 (button) (small blind) folded before Flop
Seat 4: AzureCaper (big blind) collected ($2)


PokerStars Hand #160287856343:  Hold'em Limit ($3/$6 USD) - 2016/10/22 13:45:00 ET
Table 'Vesta' 6-max Seat #4 is the button
Seat 3: pöci9 ($275.77 in chips)
Seat 4: AzureCaper ($309.14 in chips)
AzureCaper: posts small blind $1
pöci9: posts big blind $3
*** HOLE CARDS ***
AzureCaper: folds
Uncalled bet ($2) returned to pöci9
pöci9 collected $2 from pot
pöci9: doesn't show hand
*** SUMMARY ***
Total pot $2 | Rake $0
Seat 3: pöci9 (big blind) collected ($2)
Seat 4: AzureCaper (button) (small blind) folded before Flop


PokerStars Hand #160287866688:  Hold'em Limit ($3/$6 USD) - 2016/10/22 13:45:13 ET
Table 'Vesta' 6-max Seat #3 is the button
Seat 3: pöci9 ($276.77 in chips)
Seat 4: AzureCaper ($308.14 in chips)
pöci9: posts small blind $1
AzureCaper: posts big blind $3
*** HOLE CARDS ***
pöci9: raises $3 to $6
AzureCaper: calls $3
*** FLOP *** [8d 3c Tc]
AzureCaper: checks
pöci9: checks
*** TURN *** [8d 3c Tc] [2s]
AzureCaper: bets $6
pöci9: calls $6
*** RIVER *** [8d 3c Tc 2s] [5c]
AzureCaper: checks
pöci9: checks
*** SHOW DOWN ***
AzureCaper: shows [3h Jh] (a pair of Threes)
pöci9: mucks hand
AzureCaper collected $23.52 from pot
*** SUMMARY ***
Total pot $24 | Rake $0.48
Board [8d 3c Tc 2s 5c]
Seat 3: pöci9 (button) (small blind) mucked
Seat 4: AzureCaper (big blind) showed [3h Jh] and won ($23.52) with a pair of Threes


PokerStars Hand #160287886574:  Hold'em Limit ($3/$6 USD) - 2016/10/22 13:45:38 ET
Table 'Vesta' 6-max Seat #3 is the button
Seat 3: pöci9 ($265.77 in chips)
Seat 4: AzureCaper ($318.66 in chips)
pöci9: posts small blind $1
AzureCaper: posts big blind $3
*** HOLE CARDS ***
pöci9: raises $3 to $6
AzureCaper: folds
Uncalled bet ($3) returned to pöci9
pöci9 collected $6 from pot
pöci9: doesn't show hand
*** SUMMARY ***
Total pot $6 | Rake $0
Seat 3: pöci9 (button) (small blind) collected ($6)
Seat 4: AzureCaper (big blind) folded before Flop


PokerStars Hand #160287881998:  Hold'em Limit ($3/$6 USD) - 2016/10/22 13:45:32 ET
Table 'Vesta' 6-max Seat #4 is the button
Seat 3: pöci9 ($264.77 in chips)
Seat 4: AzureCaper ($319.66 in chips)
AzureCaper: posts small blind $1
pöci9: posts big blind $3
*** HOLE CARDS ***
AzureCaper: folds
Uncalled bet ($2) returned to pöci9
pöci9 collected $2 from pot
pöci9: doesn't show hand
*** SUMMARY ***
Total pot $2 | Rake $0
Seat 3: pöci9 (big blind) collected ($2)
Seat 4: AzureCaper (button) (small blind) folded before Flop


PokerStars Hand #160287890463:  Hold'em Limit ($3/$6 USD) - 2016/10/22 13:45:43 ET
Table 'Vesta' 6-max Seat #4 is the button
Seat 3: pöci9 ($268.77 in chips)
Seat 4: AzureCaper ($315.66 in chips)
AzureCaper: posts small blind $1
pöci9: posts big blind $3
*** HOLE CARDS ***
AzureCaper: folds
Uncalled bet ($2) returned to pöci9
pöci9 collected $2 from pot
pöci9: doesn't show hand
*** SUMMARY ***
Total pot $2 | Rake $0
Seat 3: pöci9 (big blind) collected ($2)
Seat 4: AzureCaper (button) (small blind) folded before Flop


PokerStars Hand #160287909554:  Hold'em Limit ($3/$6 USD) - 2016/10/22 13:46:06 ET
Table 'Vesta' 6-max Seat #4 is the button
Seat 3: pöci9 ($290.27 in chips)
Seat 4: AzureCaper ($293.66 in chips)
AzureCaper: posts small blind $1
pöci9: posts big blind $3
*** HOLE CARDS ***
AzureCaper: folds
Uncalled bet ($2) returned to pöci9
pöci9 collected $2 from pot
pöci9: doesn't show hand
*** SUMMARY ***
Total pot $2 | Rake $0
Seat 3: pöci9 (big blind) collected ($2)
Seat 4: AzureCaper (button) (small blind) folded before Flop


PokerStars Hand #160287893980:  Hold'em Limit ($3/$6 USD) - 2016/10/22 13:45:47 ET
Table 'Vesta' 6-max Seat #3 is the button
Seat 3: pöci9 ($269.77 in chips)
Seat 4: AzureCaper ($314.66 in chips)
pöci9: posts small blind $1
AzureCaper: posts big blind $3
*** HOLE CARDS ***
pöci9: raises $3 to $6
AzureCaper: raises $3 to $9
pöci9: raises $3 to $12
Betting is capped
AzureCaper: calls $3
*** FLOP *** [7c 4d Js]
AzureCaper: checks
pöci9: bets $3
AzureCaper: calls $3
*** TURN *** [7c 4d Js] [7d]
AzureCaper: checks
pöci9: bets $6
AzureCaper: calls $6
*** RIVER *** [7c 4d Js 7d] [Th]
AzureCaper: checks
pöci9: bets $6
AzureCaper: folds
Uncalled bet ($6) returned to pöci9
pöci9 collected $41.50 from pot
pöci9: doesn't show hand
*** SUMMARY ***
Total pot $42 | Rake $0.50
Board [7c 4d Js 7d Th]
Seat 3: pöci9 (button) (small blind) collected ($41.50)
Seat 4: AzureCaper (big blind) folded on the River


PokerStars Hand #160287912975:  Hold'em Limit ($3/$6 USD) - 2016/10/22 13:46:10 ET
Table 'Vesta' 6-max Seat #3 is the button
Seat 3: pöci9 ($291.27 in chips)
Seat 4: AzureCaper ($292.66 in chips)
pöci9: posts small blind $1
AzureCaper: posts big blind $3
*** HOLE CARDS ***
pöci9: calls $2
AzureCaper: raises $3 to $6
pöci9: calls $3
*** FLOP *** [3c Js 2h]
AzureCaper: bets $3
pöci9: calls $3
*** TURN *** [3c Js 2h] [7d]
AzureCaper: bets $6
pöci9: calls $6
*** RIVER *** [3c Js 2h 7d] [Jh]
AzureCaper: bets $6
pöci9: folds
Uncalled bet ($6) returned to AzureCaper
AzureCaper collected $29.50 from pot
AzureCaper: doesn't show hand
*** SUMMARY ***
Total pot $30 | Rake $0.50
Board [3c Js 2h 7d Jh]
Seat 3: pöci9 (button) (small blind) folded on the River
Seat 4: AzureCaper (big blind) collected ($29.50)


PokerStars Hand #160287930032:  Hold'em Limit ($3/$6 USD) - 2016/10/22 13:46:32 ET
Table 'Vesta' 6-max Seat #4 is the button
Seat 3: pöci9 ($276.27 in chips)
Seat 4: AzureCaper ($307.16 in chips)
AzureCaper: posts small blind $1
pöci9: posts big blind $3
*** HOLE CARDS ***
AzureCaper: folds
Uncalled bet ($2) returned to pöci9
pöci9 collected $2 from pot
pöci9: doesn't show hand
*** SUMMARY ***
Total pot $2 | Rake $0
Seat 3: pöci9 (big blind) collected ($2)
Seat 4: AzureCaper (button) (small blind) folded before Flop


PokerStars Hand #160287956595:  Hold'em Limit ($3/$6 USD) - 2016/10/22 13:47:05 ET
Table 'Vesta' 6-max Seat #4 is the button
Seat 3: pöci9 ($262.27 in chips)
Seat 4: AzureCaper ($320.66 in chips)
AzureCaper: posts small blind $1
pöci9: posts big blind $3
*** HOLE CARDS ***
AzureCaper: raises $3 to $6
pöci9: folds
Uncalled bet ($3) returned to AzureCaper
AzureCaper collected $6 from pot
AzureCaper: doesn't show hand
*** SUMMARY ***
Total pot $6 | Rake $0
Seat 3: pöci9 (big blind) folded before Flop
Seat 4: AzureCaper (button) (small blind) collected ($6)


PokerStars Hand #160287937005:  Hold'em Limit ($3/$6 USD) - 2016/10/22 13:46:40 ET
Table 'Vesta' 6-max Seat #3 is the button
Seat 3: pöci9 ($277.27 in chips)
Seat 4: AzureCaper ($306.16 in chips)
pöci9: posts small blind $1
AzureCaper: posts big blind $3
*** HOLE CARDS ***
pöci9: calls $2
AzureCaper: checks
*** FLOP *** [Ah 2c Ad]
AzureCaper: checks
pöci9: bets $3
AzureCaper: raises $3 to $6
pöci9: raises $3 to $9
AzureCaper: raises $3 to $12
Betting is capped
pöci9: calls $3
*** TURN *** [Ah 2c Ad] [Jc]
AzureCaper: bets $6
pöci9: folds
Uncalled bet ($6) returned to AzureCaper
AzureCaper collected $29.50 from pot
AzureCaper: doesn't show hand
*** SUMMARY ***
Total pot $30 | Rake $0.50
Board [Ah 2c Ad Jc]
Seat 3: pöci9 (button) (small blind) folded on the Turn
Seat 4: AzureCaper (big blind) collected ($29.50)


PokerStars Hand #160287961152:  Hold'em Limit ($3/$6 USD) - 2016/10/22 13:47:10 ET
Table 'Vesta' 6-max Seat #3 is the button
Seat 3: pöci9 ($259.27 in chips)
Seat 4: AzureCaper ($323.66 in chips)
pöci9: posts small blind $1
AzureCaper: posts big blind $3
*** HOLE CARDS ***
pöci9: raises $3 to $6
AzureCaper: raises $3 to $9
pöci9: raises $3 to $12
Betting is capped
AzureCaper: calls $3
*** FLOP *** [Ts Qh Qc]
AzureCaper: checks
pöci9: checks
*** TURN *** [Ts Qh Qc] [9s]
AzureCaper: bets $6
pöci9: folds
Uncalled bet ($6) returned to AzureCaper
AzureCaper collected $23.52 from pot
AzureCaper: doesn't show hand
*** SUMMARY ***
Total pot $24 | Rake $0.48
Board [Ts Qh Qc 9s]
Seat 3: pöci9 (button) (small blind) folded on the Turn
Seat 4: AzureCaper (big blind) collected ($23.52)


PokerStars Hand #160287975789:  Hold'em Limit ($3/$6 USD) - 2016/10/22 13:47:29 ET
Table 'Vesta' 6-max Seat #4 is the button
Seat 3: pöci9 ($247.27 in chips)
Seat 4: AzureCaper ($335.18 in chips)
AzureCaper: posts small blind $1
pöci9: posts big blind $3
*** HOLE CARDS ***
AzureCaper: raises $3 to $6
pöci9: folds
Uncalled bet ($3) returned to AzureCaper
AzureCaper collected $6 from pot
AzureCaper: doesn't show hand
*** SUMMARY ***
Total pot $6 | Rake $0
Seat 3: pöci9 (big blind) folded before Flop
Seat 4: AzureCaper (button) (small blind) collected ($6)


PokerStars Hand #160287989786:  Hold'em Limit ($3/$6 USD) - 2016/10/22 13:47:47 ET
Table 'Vesta' 6-max Seat #4 is the button
Seat 3: pöci9 ($250.03 in chips)
Seat 4: AzureCaper ($332.18 in chips)
AzureCaper: posts small blind $1
pöci9: posts big blind $3
*** HOLE CARDS ***
AzureCaper: folds
Uncalled bet ($2) returned to pöci9
pöci9 collected $2 from pot
pöci9: doesn't show hand
*** SUMMARY ***
Total pot $2 | Rake $0
Seat 3: pöci9 (big blind) collected ($2)
Seat 4: AzureCaper (button) (small blind) folded before Flop


PokerStars Hand #160287981691:  Hold'em Limit ($3/$6 USD) - 2016/10/22 13:47:36 ET
Table 'Vesta' 6-max Seat #3 is the button
Seat 3: pöci9 ($244.27 in chips)
Seat 4: AzureCaper ($338.18 in chips)
pöci9: posts small blind $1
AzureCaper: posts big blind $3
*** HOLE CARDS ***
pöci9: raises $3 to $6
AzureCaper: calls $3
*** FLOP *** [Ad 7d Kc]
AzureCaper: checks
pöci9: bets $3
AzureCaper: folds
Uncalled bet ($3) returned to pöci9
pöci9 collected $11.76 from pot
pöci9: doesn't show hand
*** SUMMARY ***
Total pot $12 | Rake $0.24
Board [Ad 7d Kc]
Seat 3: pöci9 (button) (small blind) collected ($11.76)
Seat 4: AzureCaper (big blind) folded on the Flop


PokerStars Hand #160287997310:  Hold'em Limit ($3/$6 USD) - 2016/10/22 13:47:56 ET
Table 'Vesta' 6-max Seat #4 is the button
Seat 3: pöci9 ($250.03 in chips)
Seat 4: AzureCaper ($332.18 in chips)
AzureCaper: posts small blind $1
pöci9: posts big blind $3
*** HOLE CARDS ***
AzureCaper: folds
Uncalled bet ($2) returned to pöci9
pöci9 collected $2 from pot
pöci9: doesn't show hand
*** SUMMARY ***
Total pot $2 | Rake $0
Seat 3: pöci9 (big blind) collected ($2)
Seat 4: AzureCaper (button) (small blind) folded before Flop


PokerStars Hand #160287993889:  Hold'em Limit ($3/$6 USD) - 2016/10/22 13:47:52 ET
Table 'Vesta' 6-max Seat #3 is the button
Seat 3: pöci9 ($251.03 in chips)
Seat 4: AzureCaper ($331.18 in chips)
pöci9: posts small blind $1
AzureCaper: posts big blind $3
*** HOLE CARDS ***
pöci9: folds
Uncalled bet ($2) returned to AzureCaper
AzureCaper collected $2 from pot
AzureCaper: doesn't show hand
*** SUMMARY ***
Total pot $2 | Rake $0
Seat 3: pöci9 (button) (small blind) folded before Flop
Seat 4: AzureCaper (big blind) collected ($2)


PokerStars Hand #160288005278:  Hold'em Limit ($3/$6 USD) - 2016/10/22 13:48:06 ET
Table 'Vesta' 6-max Seat #4 is the button
Seat 3: pöci9 ($254.03 in chips)
Seat 4: AzureCaper ($328.18 in chips)
AzureCaper: posts small blind $1
pöci9: posts big blind $3
*** HOLE CARDS ***
AzureCaper: folds
Uncalled bet ($2) returned to pöci9
pöci9 collected $2 from pot
pöci9: doesn't show hand
*** SUMMARY ***
Total pot $2 | Rake $0
Seat 3: pöci9 (big blind) collected ($2)
Seat 4: AzureCaper (button) (small blind) folded before Flop


PokerStars Hand #160288001063:  Hold'em Limit ($3/$6 USD) - 2016/10/22 13:48:01 ET
Table 'Vesta' 6-max Seat #3 is the button
Seat 3: pöci9 ($251.03 in chips)
Seat 4: AzureCaper ($331.18 in chips)
pöci9: posts small blind $1
AzureCaper: posts big blind $3
*** HOLE CARDS ***
pöci9: raises $3 to $6
AzureCaper: folds
Uncalled bet ($3) returned to pöci9
pöci9 collected $6 from pot
pöci9: doesn't show hand
*** SUMMARY ***
Total pot $6 | Rake $0
Seat 3: pöci9 (button) (small blind) collected ($6)
Seat 4: AzureCaper (big blind) folded before Flop


PokerStars Hand #160288010863:  Hold'em Limit ($3/$6 USD) - 2016/10/22 13:48:13 ET
Table 'Vesta' 6-max Seat #3 is the button
Seat 3: pöci9 ($255.03 in chips)
Seat 4: AzureCaper ($327.18 in chips)
pöci9: posts small blind $1
AzureCaper: posts big blind $3
*** HOLE CARDS ***
pöci9: raises $3 to $6
AzureCaper: folds
Uncalled bet ($3) returned to pöci9
pöci9 collected $6 from pot
pöci9: doesn't show hand
*** SUMMARY ***
Total pot $6 | Rake $0
Seat 3: pöci9 (button) (small blind) collected ($6)
Seat 4: AzureCaper (big blind) folded before Flop


PokerStars Hand #160288016454:  Hold'em Limit ($3/$6 USD) - 2016/10/22 13:48:20 ET
Table 'Vesta' 6-max Seat #4 is the button
Seat 3: pöci9 ($258.03 in chips)
Seat 4: AzureCaper ($324.18 in chips)
AzureCaper: posts small blind $1
pöci9: posts big blind $3
*** HOLE CARDS ***
AzureCaper: raises $3 to $6
pöci9: raises $3 to $9
AzureCaper: raises $3 to $12
Betting is capped
pöci9: calls $3
*** FLOP *** [3s 9c Jc]
pöci9: bets $3
AzureCaper: calls $3
*** TURN *** [3s 9c Jc] [Ah]
pöci9: bets $6
AzureCaper: folds
Uncalled bet ($6) returned to pöci9
pöci9 collected $29.50 from pot
pöci9: doesn't show hand
*** SUMMARY ***
Total pot $30 | Rake $0.50
Board [3s 9c Jc Ah]
Seat 3: pöci9 (big blind) collected ($29.50)
Seat 4: AzureCaper (button) (small blind) folded on the Turn


PokerStars Hand #160288027738:  Hold'em Limit ($3/$6 USD) - 2016/10/22 13:48:34 ET
Table 'Vesta' 6-max Seat #3 is the button
Seat 3: pöci9 ($272.53 in chips)
Seat 4: AzureCaper ($309.18 in chips)
pöci9: posts small blind $1
AzureCaper: posts big blind $3
*** HOLE CARDS ***
pöci9: raises $3 to $6
AzureCaper: calls $3
*** FLOP *** [9s 4s 6c]
AzureCaper: checks
pöci9: bets $3
AzureCaper: raises $3 to $6
pöci9: calls $3
*** TURN *** [9s 4s 6c] [Ac]
AzureCaper: bets $6
pöci9: calls $6
*** RIVER *** [9s 4s 6c Ac] [8c]
AzureCaper: bets $6
pöci9: calls $6
*** SHOW DOWN ***
AzureCaper: shows [As 5s] (a pair of Aces)
pöci9: mucks hand
AzureCaper collected $47.50 from pot
*** SUMMARY ***
Total pot $48 | Rake $0.50
Board [9s 4s 6c Ac 8c]
Seat 3: pöci9 (button) (small blind) mucked
Seat 4: AzureCaper (big blind) showed [As 5s] and won ($47.50) with a pair of Aces


PokerStars Hand #160288042711:  Hold'em Limit ($3/$6 USD) - 2016/10/22 13:48:53 ET
Table 'Vesta' 6-max Seat #4 is the button
Seat 3: pöci9 ($248.53 in chips)
Seat 4: AzureCaper ($332.68 in chips)
AzureCaper: posts small blind $1
pöci9: posts big blind $3
*** HOLE CARDS ***
AzureCaper: raises $3 to $6
pöci9: raises $3 to $9
AzureCaper: calls $3
*** FLOP *** [3c 5c 4d]
pöci9: checks
AzureCaper: checks
*** TURN *** [3c 5c 4d] [Ah]
pöci9: checks
AzureCaper: checks
*** RIVER *** [3c 5c 4d Ah] [Js]
pöci9: bets $6
AzureCaper: calls $6
*** SHOW DOWN ***
pöci9: shows [Jh 8h] (a pair of Jacks)
AzureCaper: shows [Ad 6c] (a pair of Aces)
AzureCaper collected $29.50 from pot
*** SUMMARY ***
Total pot $30 | Rake $0.50
Board [3c 5c 4d Ah Js]
Seat 3: pöci9 (big blind) showed [Jh 8h] and lost with a pair of Jacks
Seat 4: AzureCaper (button) (small blind) showed [Ad 6c] and won ($29.50) with a pair of Aces


PokerStars Hand #160288053839:  Hold'em Limit ($3/$6 USD) - 2016/10/22 13:49:07 ET
Table 'Vesta' 6-max Seat #3 is the button
Seat 3: pöci9 ($233.53 in chips)
Seat 4: AzureCaper ($347.18 in chips)
pöci9: posts small blind $1
AzureCaper: posts big blind $3
*** HOLE CARDS ***
pöci9: raises $3 to $6
AzureCaper: raises $3 to $9
pöci9: calls $3
*** FLOP *** [Kc Tc 9h]
AzureCaper: bets $3
pöci9: calls $3
*** TURN *** [Kc Tc 9h] [9s]
AzureCaper: checks
pöci9: checks
*** RIVER *** [Kc Tc 9h 9s] [7s]
AzureCaper: bets $6
pöci9: raises $6 to $12
AzureCaper: calls $6
*** SHOW DOWN ***
pöci9: shows [8c 6h] (a straight, Six to Ten)
AzureCaper: mucks hand
pöci9 collected $47.50 from pot
*** SUMMARY ***
Total pot $48 | Rake $0.50
Board [Kc Tc 9h 9s 7s]
Seat 3: pöci9 (button) (small blind) showed [8c 6h] and won ($47.50) with a straight, Six to Ten
Seat 4: AzureCaper (big blind) mucked


PokerStars Hand #160288078287:  Hold'em Limit ($3/$6 USD) - 2016/10/22 13:49:38 ET
Table 'Vesta' 6-max Seat #3 is the button
Seat 3: pöci9 ($286.53 in chips)
Seat 4: AzureCaper ($293.18 in chips)
pöci9: posts small blind $1
AzureCaper: posts big blind $3
*** HOLE CARDS ***
pöci9: folds
Uncalled bet ($2) returned to AzureCaper
AzureCaper collected $2 from pot
AzureCaper: doesn't show hand
*** SUMMARY ***
Total pot $2 | Rake $0
Seat 3: pöci9 (button) (small blind) folded before Flop
Seat 4: AzureCaper (big blind) collected ($2)


PokerStars Hand #160288063772:  Hold'em Limit ($3/$6 USD) - 2016/10/22 13:49:20 ET
Table 'Vesta' 6-max Seat #4 is the button
Seat 3: pöci9 ($257.03 in chips)
Seat 4: AzureCaper ($323.18 in chips)
AzureCaper: posts small blind $1
pöci9: posts big blind $3
*** HOLE CARDS ***
AzureCaper: raises $3 to $6
pöci9: raises $3 to $9
AzureCaper: raises $3 to $12
Betting is capped
pöci9: calls $3
*** FLOP *** [9d 3h 2c]
pöci9: bets $3
AzureCaper: raises $3 to $6
pöci9: calls $3
*** TURN *** [9d 3h 2c] [4c]
pöci9: checks
AzureCaper: bets $6
pöci9: calls $6
*** RIVER *** [9d 3h 2c 4c] [Th]
pöci9: bets $6
AzureCaper: calls $6
*** SHOW DOWN ***
pöci9: shows [Ts Jd] (a pair of Tens)
AzureCaper: mucks hand
pöci9 collected $59.50 from pot
*** SUMMARY ***
Total pot $60 | Rake $0.50
Board [9d 3h 2c 4c Th]
Seat 3: pöci9 (big blind) showed [Ts Jd] and won ($59.50) with a pair of Tens
Seat 4: AzureCaper (button) (small blind) mucked


PokerStars Hand #160288085064:  Hold'em Limit ($3/$6 USD) - 2016/10/22 13:49:46 ET
Table 'Vesta' 6-max Seat #3 is the button
Seat 3: pöci9 ($286.53 in chips)
Seat 4: AzureCaper ($293.18 in chips)
pöci9: posts small blind $1
AzureCaper: posts big blind $3
*** HOLE CARDS ***
pöci9: raises $3 to $6
AzureCaper: folds
Uncalled bet ($3) returned to pöci9
pöci9 collected $6 from pot
pöci9: doesn't show hand
*** SUMMARY ***
Total pot $6 | Rake $0
Seat 3: pöci9 (button) (small blind) collected ($6)
Seat 4: AzureCaper (big blind) folded before Flop


PokerStars Hand #160288081658:  Hold'em Limit ($3/$6 USD) - 2016/10/22 13:49:42 ET
Table 'Vesta' 6-max Seat #4 is the button
Seat 3: pöci9 ($285.53 in chips)
Seat 4: AzureCaper ($294.18 in chips)
AzureCaper: posts small blind $1
pöci9: posts big blind $3
*** HOLE CARDS ***
AzureCaper: folds
Uncalled bet ($2) returned to pöci9
pöci9 collected $2 from pot
pöci9: doesn't show hand
*** SUMMARY ***
Total pot $2 | Rake $0
Seat 3: pöci9 (big blind) collected ($2)
Seat 4: AzureCaper (button) (small blind) folded before Flop


PokerStars Hand #160288101830:  Hold'em Limit ($3/$6 USD) - 2016/10/22 13:50:08 ET
Table 'Vesta' 6-max Seat #3 is the button
Seat 3: pöci9 ($262.53 in chips)
Seat 4: AzureCaper ($316.68 in chips)
pöci9: posts small blind $1
AzureCaper: posts big blind $3
*** HOLE CARDS ***
pöci9: folds
Uncalled bet ($2) returned to AzureCaper
AzureCaper collected $2 from pot
AzureCaper: doesn't show hand
*** SUMMARY ***
Total pot $2 | Rake $0
Seat 3: pöci9 (button) (small blind) folded before Flop
Seat 4: AzureCaper (big blind) collected ($2)


PokerStars Hand #160288089408:  Hold'em Limit ($3/$6 USD) - 2016/10/22 13:49:52 ET
Table 'Vesta' 6-max Seat #4 is the button
Seat 3: pöci9 ($289.53 in chips)
Seat 4: AzureCaper ($290.18 in chips)
AzureCaper: posts small blind $1
pöci9: posts big blind $3
*** HOLE CARDS ***
AzureCaper: raises $3 to $6
pöci9: raises $3 to $9
AzureCaper: raises $3 to $12
Betting is capped
pöci9: calls $3
*** FLOP *** [2h 9c 5s]
pöci9: checks
AzureCaper: bets $3
pöci9: calls $3
*** TURN *** [2h 9c 5s] [Qs]
pöci9: checks
AzureCaper: bets $6
pöci9: calls $6
*** RIVER *** [2h 9c 5s Qs] [4h]
pöci9: checks
AzureCaper: bets $6
pöci9: calls $6
*** SHOW DOWN ***
AzureCaper: shows [8c 8s] (a pair of Eights)
pöci9: mucks hand
AzureCaper collected $53.50 from pot
*** SUMMARY ***
Total pot $54 | Rake $0.50
Board [2h 9c 5s Qs 4h]
Seat 3: pöci9 (big blind) mucked
Seat 4: AzureCaper (button) (small blind) showed [8c 8s] and won ($53.50) with a pair of Eights


PokerStars Hand #160288108422:  Hold'em Limit ($3/$6 USD) - 2016/10/22 13:50:16 ET
Table 'Vesta' 6-max Seat #3 is the button
Seat 3: pöci9 ($262.53 in chips)
Seat 4: AzureCaper ($316.68 in chips)
pöci9: posts small blind $1
AzureCaper: posts big blind $3
*** HOLE CARDS ***
pöci9: raises $3 to $6
AzureCaper: folds
Uncalled bet ($3) returned to pöci9
pöci9 collected $6 from pot
pöci9: doesn't show hand
*** SUMMARY ***
Total pot $6 | Rake $0
Seat 3: pöci9 (button) (small blind) collected ($6)
Seat 4: AzureCaper (big blind) folded before Flop


PokerStars Hand #160288105171:  Hold'em Limit ($3/$6 USD) - 2016/10/22 13:50:12 ET
Table 'Vesta' 6-max Seat #4 is the button
Seat 3: pöci9 ($261.53 in chips)
Seat 4: AzureCaper ($317.68 in chips)
AzureCaper: posts small blind $1
pöci9: posts big blind $3
*** HOLE CARDS ***
AzureCaper: folds
Uncalled bet ($2) returned to pöci9
pöci9 collected $2 from pot
pöci9: doesn't show hand
*** SUMMARY ***
Total pot $2 | Rake $0
Seat 3: pöci9 (big blind) collected ($2)
Seat 4: AzureCaper (button) (small blind) folded before Flop


PokerStars Hand #160288112815:  Hold'em Limit ($3/$6 USD) - 2016/10/22 13:50:22 ET
Table 'Vesta' 6-max Seat #4 is the button
Seat 3: pöci9 ($265.53 in chips)
Seat 4: AzureCaper ($313.68 in chips)
AzureCaper: posts small blind $1
pöci9: posts big blind $3
*** HOLE CARDS ***
AzureCaper: raises $3 to $6
pöci9: calls $3
*** FLOP *** [Ac Js Jd]
pöci9: checks
AzureCaper: bets $3
pöci9: folds
Uncalled bet ($3) returned to AzureCaper
AzureCaper collected $11.76 from pot
AzureCaper: doesn't show hand
*** SUMMARY ***
Total pot $12 | Rake $0.24
Board [Ac Js Jd]
Seat 3: pöci9 (big blind) folded on the Flop
Seat 4: AzureCaper (button) (small blind) collected ($11.76)


PokerStars Hand #160288122363:  Hold'em Limit ($3/$6 USD) - 2016/10/22 13:50:34 ET
Table 'Vesta' 6-max Seat #3 is the button
Seat 3: pöci9 ($259.53 in chips)
Seat 4: AzureCaper ($319.44 in chips)
pöci9: posts small blind $1
AzureCaper: posts big blind $3
*** HOLE CARDS ***
pöci9: folds
Uncalled bet ($2) returned to AzureCaper
AzureCaper collected $2 from pot
AzureCaper: doesn't show hand
*** SUMMARY ***
Total pot $2 | Rake $0
Seat 3: pöci9 (button) (small blind) folded before Flop
Seat 4: AzureCaper (big blind) collected ($2)


PokerStars Hand #160288125657:  Hold'em Limit ($3/$6 USD) - 2016/10/22 13:50:38 ET
Table 'Vesta' 6-max Seat #4 is the button
Seat 3: pöci9 ($258.53 in chips)
Seat 4: AzureCaper ($320.44 in chips)
AzureCaper: posts small blind $1
pöci9: posts big blind $3
*** HOLE CARDS ***
AzureCaper: raises $3 to $6
pöci9: raises $3 to $9
AzureCaper: raises $3 to $12
Betting is capped
pöci9: calls $3
*** FLOP *** [7s 3s Ad]
pöci9: checks
AzureCaper: bets $3
pöci9: calls $3
*** TURN *** [7s 3s Ad] [8d]
pöci9: checks
AzureCaper: bets $6
pöci9: calls $6
*** RIVER *** [7s 3s Ad 8d] [9d]
pöci9: checks
AzureCaper: bets $6
pöci9: calls $6
*** SHOW DOWN ***
AzureCaper: shows [Ah Td] (a pair of Aces)
pöci9: mucks hand
AzureCaper collected $53.50 from pot
*** SUMMARY ***
Total pot $54 | Rake $0.50
Board [7s 3s Ad 8d 9d]
Seat 3: pöci9 (big blind) mucked
Seat 4: AzureCaper (button) (small blind) showed [Ah Td] and won ($53.50) with a pair of Aces


PokerStars Hand #160288155463:  Hold'em Limit ($3/$6 USD) - 2016/10/22 13:51:16 ET
Table 'Vesta' 6-max Seat #4 is the button
Seat 3: pöci9 ($243.05 in chips)
Seat 4: AzureCaper ($334.94 in chips)
AzureCaper: posts small blind $1
pöci9: posts big blind $3
*** HOLE CARDS ***
AzureCaper: folds
Uncalled bet ($2) returned to pöci9
pöci9 collected $2 from pot
pöci9: doesn't show hand
*** SUMMARY ***
Total pot $2 | Rake $0
Seat 3: pöci9 (big blind) collected ($2)
Seat 4: AzureCaper (button) (small blind) folded before Flop


PokerStars Hand #160288138451:  Hold'em Limit ($3/$6 USD) - 2016/10/22 13:50:54 ET
Table 'Vesta' 6-max Seat #3 is the button
Seat 3: pöci9 ($231.53 in chips)
Seat 4: AzureCaper ($346.94 in chips)
pöci9: posts small blind $1
AzureCaper: posts big blind $3
*** HOLE CARDS ***
pöci9: raises $3 to $6
AzureCaper: calls $3
*** FLOP *** [Ks 6h 2s]
AzureCaper: checks
pöci9: checks
*** TURN *** [Ks 6h 2s] [6d]
AzureCaper: checks
pöci9: checks
*** RIVER *** [Ks 6h 2s 6d] [Kd]
AzureCaper: checks
pöci9: bets $6
AzureCaper: calls $6
*** SHOW DOWN ***
pöci9: shows [Ah Qs] (two pair, Kings and Sixes)
AzureCaper: mucks hand
pöci9 collected $23.52 from pot
*** SUMMARY ***
Total pot $24 | Rake $0.48
Board [Ks 6h 2s 6d Kd]
Seat 3: pöci9 (button) (small blind) showed [Ah Qs] and won ($23.52) with two pair, Kings and Sixes
Seat 4: AzureCaper (big blind) mucked


PokerStars Hand #160288173195:  Hold'em Limit ($3/$6 USD) - 2016/10/22 13:51:39 ET
Table 'Vesta' 6-max Seat #4 is the button
Seat 3: pöci9 ($243.93 in chips)
Seat 4: AzureCaper ($333.82 in chips)
AzureCaper: posts small blind $1
pöci9: posts big blind $3
*** HOLE CARDS ***
AzureCaper: folds
Uncalled bet ($2) returned to pöci9
pöci9 collected $2 from pot
pöci9: doesn't show hand
*** SUMMARY ***
Total pot $2 | Rake $0
Seat 3: pöci9 (big blind) collected ($2)
Seat 4: AzureCaper (button) (small blind) folded before Flop


PokerStars Hand #160288158701:  Hold'em Limit ($3/$6 USD) - 2016/10/22 13:51:21 ET
Table 'Vesta' 6-max Seat #3 is the button
Seat 3: pöci9 ($244.05 in chips)
Seat 4: AzureCaper ($333.94 in chips)
pöci9: posts small blind $1
AzureCaper: posts big blind $3
*** HOLE CARDS ***
pöci9: calls $2
AzureCaper: raises $3 to $6
pöci9: calls $3
*** FLOP *** [5s Kh 2d]
AzureCaper: checks
pöci9: checks
*** TURN *** [5s Kh 2d] [7d]
AzureCaper: checks
pöci9: checks
*** RIVER *** [5s Kh 2d 7d] [Qc]
AzureCaper: checks
pöci9: checks
*** SHOW DOWN ***
AzureCaper: shows [8s Jd] (high card King)
pöci9: shows [8d Jh] (high card King)
AzureCaper collected $5.88 from pot
pöci9 collected $5.88 from pot
*** SUMMARY ***
Total pot $12 | Rake $0.24
Board [5s Kh 2d 7d Qc]
Seat 3: pöci9 (button) (small blind) showed [8d Jh] and won ($5.88) with high card King
Seat 4: AzureCaper (big blind) showed [8s Jd] and won ($5.88) with high card King


PokerStars Hand #160288197013:  Hold'em Limit ($3/$6 USD) - 2016/10/22 13:52:09 ET
Table 'Vesta' 6-max Seat #3 is the button
Seat 3: pöci9 ($238.57 in chips)
Seat 4: AzureCaper ($338.32 in chips)
pöci9: posts small blind $1
AzureCaper: posts big blind $3
*** HOLE CARDS ***
pöci9: folds
Uncalled bet ($2) returned to AzureCaper
AzureCaper collected $2 from pot
AzureCaper: doesn't show hand
*** SUMMARY ***
Total pot $2 | Rake $0
Seat 3: pöci9 (button) (small blind) folded before Flop
Seat 4: AzureCaper (big blind) collected ($2)


PokerStars Hand #160288187720:  Hold'em Limit ($3/$6 USD) - 2016/10/22 13:51:57 ET
Table 'Vesta' 6-max Seat #4 is the button
Seat 3: pöci9 ($253.57 in chips)
Seat 4: AzureCaper ($323.82 in chips)
AzureCaper: posts small blind $1
pöci9: posts big blind $3
*** HOLE CARDS ***
AzureCaper: raises $3 to $6
pöci9: raises $3 to $9
AzureCaper: calls $3
*** FLOP *** [Qd 8h 7c]
pöci9: checks
AzureCaper: checks
*** TURN *** [Qd 8h 7c] [8d]
pöci9: bets $6
AzureCaper: calls $6
*** RIVER *** [Qd 8h 7c 8d] [Qs]
pöci9: checks
AzureCaper: checks
*** SHOW DOWN ***
pöci9: shows [Jh Tc] (two pair, Queens and Eights)
AzureCaper: shows [3d Ac] (two pair, Queens and Eights - Ace kicker)
AzureCaper collected $29.50 from pot
*** SUMMARY ***
Total pot $30 | Rake $0.50
Board [Qd 8h 7c 8d Qs]
Seat 3: pöci9 (big blind) showed [Jh Tc] and lost with two pair, Queens and Eights
Seat 4: AzureCaper (button) (small blind) showed [3d Ac] and won ($29.50) with two pair, Queens and Eights


PokerStars Hand #160288205282:  Hold'em Limit ($3/$6 USD) - 2016/10/22 13:52:20 ET
Table 'Vesta' 6-max Seat #3 is the button
Seat 3: pöci9 ($238.57 in chips)
Seat 4: AzureCaper ($338.32 in chips)
pöci9: posts small blind $1
AzureCaper: posts big blind $3
*** HOLE CARDS ***
pöci9: folds
Uncalled bet ($2) returned to AzureCaper
AzureCaper collected $2 from pot
AzureCaper: doesn't show hand
*** SUMMARY ***
Total pot $2 | Rake $0
Seat 3: pöci9 (button) (small blind) folded before Flop
Seat 4: AzureCaper (big blind) collected ($2)


PokerStars Hand #160288200797:  Hold'em Limit ($3/$6 USD) - 2016/10/22 13:52:14 ET
Table 'Vesta' 6-max Seat #4 is the button
Seat 3: pöci9 ($237.57 in chips)
Seat 4: AzureCaper ($339.32 in chips)
AzureCaper: posts small blind $1
pöci9: posts big blind $3
*** HOLE CARDS ***
AzureCaper: folds
Uncalled bet ($2) returned to pöci9
pöci9 collected $2 from pot
pöci9: doesn't show hand
*** SUMMARY ***
Total pot $2 | Rake $0
Seat 3: pöci9 (big blind) collected ($2)
Seat 4: AzureCaper (button) (small blind) folded before Flop


PokerStars Hand #160288208666:  Hold'em Limit ($3/$6 USD) - 2016/10/22 13:52:24 ET
Table 'Vesta' 6-max Seat #4 is the button
Seat 3: pöci9 ($237.57 in chips)
Seat 4: AzureCaper ($339.32 in chips)
AzureCaper: posts small blind $1
pöci9: posts big blind $3
*** HOLE CARDS ***
AzureCaper: raises $3 to $6
pöci9: raises $3 to $9
AzureCaper: calls $3
*** FLOP *** [3c Ts Js]
pöci9: bets $3
AzureCaper: calls $3
*** TURN *** [3c Ts Js] [5s]
pöci9: bets $6
AzureCaper: raises $6 to $12
pöci9: calls $6
*** RIVER *** [3c Ts Js 5s] [Kc]
pöci9: bets $6
AzureCaper: raises $6 to $12
pöci9: raises $6 to $18
AzureCaper: folds
Uncalled bet ($6) returned to pöci9
pöci9 collected $71.50 from pot
pöci9: doesn't show hand
*** SUMMARY ***
Total pot $72 | Rake $0.50
Board [3c Ts Js 5s Kc]
Seat 3: pöci9 (big blind) collected ($71.50)
Seat 4: AzureCaper (button) (small blind) folded on the River


PokerStars Hand #160288178216:  Hold'em Limit ($3/$6 USD) - 2016/10/22 13:51:45 ET
Table 'Vesta' 6-max Seat #3 is the button
Seat 3: pöci9 ($244.93 in chips)
Seat 4: AzureCaper ($332.82 in chips)
pöci9: posts small blind $1
AzureCaper: posts big blind $3
*** HOLE CARDS ***
pöci9: raises $3 to $6
AzureCaper: calls $3
*** FLOP *** [Jh 7s 3s]
AzureCaper: checks
pöci9: bets $3
AzureCaper: calls $3
*** TURN *** [Jh 7s 3s] [6d]
AzureCaper: checks
pöci9: bets $6
AzureCaper: folds
Uncalled bet ($6) returned to pöci9
pöci9 collected $17.64 from pot
pöci9: doesn't show hand
*** SUMMARY ***
Total pot $18 | Rake $0.36
Board [Jh 7s 3s 6d]
Seat 3: pöci9 (button) (small blind) collected ($17.64)
Seat 4: AzureCaper (big blind) folded on the Turn


PokerStars Hand #160288238252:  Hold'em Limit ($3/$6 USD) - 2016/10/22 13:53:02 ET
Table 'Vesta' 6-max Seat #4 is the button
Seat 3: pöci9 ($255.07 in chips)
Seat 4: AzureCaper ($320.82 in chips)
AzureCaper: posts small blind $1
pöci9: posts big blind $3
*** HOLE CARDS ***
AzureCaper: raises $3 to $6
pöci9: calls $3
*** FLOP *** [3c 2s 7s]
pöci9: bets $3
AzureCaper: calls $3
*** TURN *** [3c 2s 7s] [Td]
pöci9: bets $6
AzureCaper: calls $6
*** RIVER *** [3c 2s 7s Td] [7c]
pöci9: bets $6
AzureCaper: calls $6
*** SHOW DOWN ***
pöci9: shows [5s 4d] (a pair of Sevens)
AzureCaper: shows [Qd Ah] (a pair of Sevens - Ace kicker)
AzureCaper collected $41.50 from pot
*** SUMMARY ***
Total pot $42 | Rake $0.50
Board [3c 2s 7s Td 7c]
Seat 3: pöci9 (big blind) showed [5s 4d] and lost with a pair of Sevens
Seat 4: AzureCaper (button) (small blind) showed [Qd Ah] and won ($41.50) with a pair of Sevens


PokerStars Hand #160288247555:  Hold'em Limit ($3/$6 USD) - 2016/10/22 13:53:13 ET
Table 'Vesta' 6-max Seat #3 is the button
Seat 3: pöci9 ($234.07 in chips)
Seat 4: AzureCaper ($341.32 in chips)
pöci9: posts small blind $1
AzureCaper: posts big blind $3
*** HOLE CARDS ***
pöci9: raises $3 to $6
AzureCaper: calls $3
*** FLOP *** [5c 3h 5h]
AzureCaper: checks
pöci9: bets $3
AzureCaper: folds
Uncalled bet ($3) returned to pöci9
pöci9 collected $11.76 from pot
pöci9: doesn't show hand
*** SUMMARY ***
Total pot $12 | Rake $0.24
Board [5c 3h 5h]
Seat 3: pöci9 (button) (small blind) collected ($11.76)
Seat 4: AzureCaper (big blind) folded on the Flop


PokerStars Hand #160288255137:  Hold'em Limit ($3/$6 USD) - 2016/10/22 13:53:23 ET
Table 'Vesta' 6-max Seat #4 is the button
Seat 3: pöci9 ($239.83 in chips)
Seat 4: AzureCaper ($335.32 in chips)
AzureCaper: posts small blind $1
pöci9: posts big blind $3
*** HOLE CARDS ***
AzureCaper: raises $3 to $6
pöci9: raises $3 to $9
AzureCaper: calls $3
*** FLOP *** [9s 6h 2s]
pöci9: bets $3
AzureCaper: raises $3 to $6
pöci9: raises $3 to $9
AzureCaper: raises $3 to $12
Betting is capped
pöci9: calls $3
*** TURN *** [9s 6h 2s] [6c]
pöci9: checks
AzureCaper: bets $6
pöci9: calls $6
*** RIVER *** [9s 6h 2s 6c] [5s]
pöci9: bets $6
AzureCaper: calls $6
*** SHOW DOWN ***
pöci9: shows [Kc 5c] (two pair, Sixes and Fives)
AzureCaper: shows [6s Js] (a flush, Jack high)
AzureCaper collected $65.50 from pot
*** SUMMARY ***
Total pot $66 | Rake $0.50
Board [9s 6h 2s 6c 5s]
Seat 3: pöci9 (big blind) showed [Kc 5c] and lost with two pair, Sixes and Fives
Seat 4: AzureCaper (button) (small blind) showed [6s Js] and won ($65.50) with a flush, Jack high


PokerStars Hand #160288226414:  Hold'em Limit ($3/$6 USD) - 2016/10/22 13:52:47 ET
Table 'Vesta' 6-max Seat #3 is the button
Seat 3: pöci9 ($273.07 in chips)
Seat 4: AzureCaper ($303.32 in chips)
pöci9: posts small blind $1
AzureCaper: posts big blind $3
*** HOLE CARDS ***
pöci9: raises $3 to $6
AzureCaper: raises $3 to $9
pöci9: calls $3
*** FLOP *** [Jh 8s Ts]
AzureCaper: bets $3
pöci9: calls $3
*** TURN *** [Jh 8s Ts] [Ks]
AzureCaper: bets $6
pöci9: calls $6
*** RIVER *** [Jh 8s Ts Ks] [5d]
AzureCaper: bets $6
pöci9: folds
Uncalled bet ($6) returned to AzureCaper
AzureCaper collected $35.50 from pot
AzureCaper: doesn't show hand
*** SUMMARY ***
Total pot $36 | Rake $0.50
Board [Jh 8s Ts Ks 5d]
Seat 3: pöci9 (button) (small blind) folded on the River
Seat 4: AzureCaper (big blind) collected ($35.50)


PokerStars Hand #160288292078:  Hold'em Limit ($3/$6 USD) - 2016/10/22 13:54:11 ET
Table 'Vesta' 6-max Seat #4 is the button
Seat 3: pöci9 ($224.33 in chips)
Seat 4: AzureCaper ($349.82 in chips)
AzureCaper: posts small blind $1
pöci9: posts big blind $3
*** HOLE CARDS ***
AzureCaper: folds
Uncalled bet ($2) returned to pöci9
pöci9 collected $2 from pot
pöci9: doesn't show hand
*** SUMMARY ***
Total pot $2 | Rake $0
Seat 3: pöci9 (big blind) collected ($2)
Seat 4: AzureCaper (button) (small blind) folded before Flop


PokerStars Hand #160288273342:  Hold'em Limit ($3/$6 USD) - 2016/10/22 13:53:46 ET
Table 'Vesta' 6-max Seat #3 is the button
Seat 3: pöci9 ($206.83 in chips)
Seat 4: AzureCaper ($367.82 in chips)
pöci9: posts small blind $1
AzureCaper: posts big blind $3
*** HOLE CARDS ***
pöci9: calls $2
AzureCaper: raises $3 to $6
pöci9: calls $3
*** FLOP *** [8s 3s 9h]
AzureCaper: bets $3
pöci9: raises $3 to $6
AzureCaper: calls $3
*** TURN *** [8s 3s 9h] [8h]
AzureCaper: checks
pöci9: bets $6
AzureCaper: calls $6
*** RIVER *** [8s 3s 9h 8h] [Kd]
AzureCaper: checks
pöci9: bets $6
AzureCaper: folds
Uncalled bet ($6) returned to pöci9
pöci9 collected $35.50 from pot
pöci9: doesn't show hand
*** SUMMARY ***
Total pot $36 | Rake $0.50
Board [8s 3s 9h 8h Kd]
Seat 3: pöci9 (button) (small blind) collected ($35.50)
Seat 4: AzureCaper (big blind) folded on the River


PokerStars Hand #160288295313:  Hold'em Limit ($3/$6 USD) - 2016/10/22 13:54:15 ET
Table 'Vesta' 6-max Seat #3 is the button
Seat 3: pöci9 ($225.33 in chips)
Seat 4: AzureCaper ($348.82 in chips)
pöci9: posts small blind $1
AzureCaper: posts big blind $3
*** HOLE CARDS ***
pöci9: raises $3 to $6
AzureCaper: calls $3
*** FLOP *** [Ts Kc Jc]
AzureCaper: checks
pöci9: checks
*** TURN *** [Ts Kc Jc] [3h]
AzureCaper: bets $6
pöci9: calls $6
*** RIVER *** [Ts Kc Jc 3h] [Js]
AzureCaper: bets $6
pöci9: calls $6
*** SHOW DOWN ***
AzureCaper: shows [6h 7h] (a pair of Jacks)
pöci9: shows [As 7d] (a pair of Jacks - Ace kicker)
pöci9 collected $35.50 from pot
*** SUMMARY ***
Total pot $36 | Rake $0.50
Board [Ts Kc Jc 3h Js]
Seat 3: pöci9 (button) (small blind) showed [As 7d] and won ($35.50) with a pair of Jacks
Seat 4: AzureCaper (big blind) showed [6h 7h] and lost with a pair of Jacks


PokerStars Hand #160288308093:  Hold'em Limit ($3/$6 USD) - 2016/10/22 13:54:31 ET
Table 'Vesta' 6-max Seat #3 is the button
Seat 3: pöci9 ($243.83 in chips)
Seat 4: AzureCaper ($329.82 in chips)
pöci9: posts small blind $1
AzureCaper: posts big blind $3
*** HOLE CARDS ***
pöci9: folds
Uncalled bet ($2) returned to AzureCaper
AzureCaper collected $2 from pot
AzureCaper: doesn't show hand
*** SUMMARY ***
Total pot $2 | Rake $0
Seat 3: pöci9 (button) (small blind) folded before Flop
Seat 4: AzureCaper (big blind) collected ($2)


PokerStars Hand #160288304269:  Hold'em Limit ($3/$6 USD) - 2016/10/22 13:54:26 ET
Table 'Vesta' 6-max Seat #4 is the button
Seat 3: pöci9 ($242.83 in chips)
Seat 4: AzureCaper ($330.82 in chips)
AzureCaper: posts small blind $1
pöci9: posts big blind $3
*** HOLE CARDS ***
AzureCaper: folds
Uncalled bet ($2) returned to pöci9
pöci9 collected $2 from pot
pöci9: doesn't show hand
*** SUMMARY ***
Total pot $2 | Rake $0
Seat 3: pöci9 (big blind) collected ($2)
Seat 4: AzureCaper (button) (small blind) folded before Flop


PokerStars Hand #160288320789:  Hold'em Limit ($3/$6 USD) - 2016/10/22 13:54:48 ET
Table 'Vesta' 6-max Seat #4 is the button
Seat 3: pöci9 ($246.83 in chips)
Seat 4: AzureCaper ($326.82 in chips)
AzureCaper: posts small blind $1
pöci9: posts big blind $3
*** HOLE CARDS ***
AzureCaper: raises $3 to $6
pöci9: folds
Uncalled bet ($3) returned to AzureCaper
AzureCaper collected $6 from pot
AzureCaper: doesn't show hand
*** SUMMARY ***
Total pot $6 | Rake $0
Seat 3: pöci9 (big blind) folded before Flop
Seat 4: AzureCaper (button) (small blind) collected ($6)


PokerStars Hand #160288314868:  Hold'em Limit ($3/$6 USD) - 2016/10/22 13:54:40 ET
Table 'Vesta' 6-max Seat #3 is the button
Seat 3: pöci9 ($243.83 in chips)
Seat 4: AzureCaper ($329.82 in chips)
pöci9: posts small blind $1
AzureCaper: posts big blind $3
*** HOLE CARDS ***
pöci9: raises $3 to $6
AzureCaper: folds
Uncalled bet ($3) returned to pöci9
pöci9 collected $6 from pot
*** SUMMARY ***
Total pot $6 | Rake $0
Seat 3: pöci9 (button) (small blind) collected ($6)
Seat 4: AzureCaper (big blind) folded before Flop


PokerStars Hand #160288311416:  Hold'em Limit ($3/$6 USD) - 2016/10/22 13:54:35 ET
Table 'Vesta' 6-max Seat #4 is the button
Seat 3: pöci9 ($242.83 in chips)
Seat 4: AzureCaper ($330.82 in chips)
AzureCaper: posts small blind $1
pöci9: posts big blind $3
*** HOLE CARDS ***
AzureCaper: folds
Uncalled bet ($2) returned to pöci9
pöci9 collected $2 from pot
pöci9: doesn't show hand
*** SUMMARY ***
Total pot $2 | Rake $0
Seat 3: pöci9 (big blind) collected ($2)
Seat 4: AzureCaper (button) (small blind) folded before Flop


PokerStars Hand #160288361850:  Hold'em Limit ($3/$6 USD) - 2016/10/22 13:55:50 ET
Table 'Vesta' 6-max Seat #3 is the button
Seat 3: pöci9 ($243.83 in chips)
Seat 4: AzureCaper ($329.46 in chips)
pöci9: posts small blind $1
AzureCaper: posts big blind $3
*** HOLE CARDS ***
pöci9: folds
Uncalled bet ($2) returned to AzureCaper
AzureCaper collected $2 from pot
AzureCaper: doesn't show hand
*** SUMMARY ***
Total pot $2 | Rake $0
Seat 3: pöci9 (button) (small blind) folded before Flop
Seat 4: AzureCaper (big blind) collected ($2)


PokerStars Hand #160288359342:  Hold'em Limit ($3/$6 USD) - 2016/10/22 13:55:46 ET
Table 'Vesta' 6-max Seat #4 is the button
Seat 3: pöci9 ($242.83 in chips)
Seat 4: AzureCaper ($330.46 in chips)
AzureCaper: posts small blind $1
pöci9: posts big blind $3
*** HOLE CARDS ***
AzureCaper: folds
Uncalled bet ($2) returned to pöci9
pöci9 collected $2 from pot
pöci9: doesn't show hand
*** SUMMARY ***
Total pot $2 | Rake $0
Seat 3: pöci9 (big blind) collected ($2)
Seat 4: AzureCaper (button) (small blind) folded before Flop


PokerStars Hand #160288355104:  Hold'em Limit ($3/$6 USD) - 2016/10/22 13:55:39 ET
Table 'Vesta' 6-max Seat #3 is the button
Seat 3: pöci9 ($239.83 in chips)
Seat 4: AzureCaper ($333.46 in chips)
pöci9: posts small blind $1
AzureCaper: posts big blind $3
*** HOLE CARDS ***
pöci9: raises $3 to $6
AzureCaper: folds
Uncalled bet ($3) returned to pöci9
pöci9 collected $6 from pot
pöci9: doesn't show hand
*** SUMMARY ***
Total pot $6 | Rake $0
Seat 3: pöci9 (button) (small blind) collected ($6)
Seat 4: AzureCaper (big blind) folded before Flop


PokerStars Hand #160288349586:  Hold'em Limit ($3/$6 USD) - 2016/10/22 13:55:29 ET
Table 'Vesta' 6-max Seat #4 is the button
Seat 3: pöci9 ($238.83 in chips)
Seat 4: AzureCaper ($334.46 in chips)
AzureCaper: posts small blind $1
pöci9: posts big blind $3
*** HOLE CARDS ***
AzureCaper: folds
Uncalled bet ($2) returned to pöci9
pöci9 collected $2 from pot
pöci9: doesn't show hand
*** SUMMARY ***
Total pot $2 | Rake $0
Seat 3: pöci9 (big blind) collected ($2)
Seat 4: AzureCaper (button) (small blind) folded before Flop


PokerStars Hand #160288345711:  Hold'em Limit ($3/$6 USD) - 2016/10/22 13:55:22 ET
Table 'Vesta' 6-max Seat #3 is the button
Seat 3: pöci9 ($235.83 in chips)
Seat 4: AzureCaper ($337.46 in chips)
pöci9: posts small blind $1
AzureCaper: posts big blind $3
*** HOLE CARDS ***
pöci9: raises $3 to $6
AzureCaper: folds
Uncalled bet ($3) returned to pöci9
pöci9 collected $6 from pot
pöci9: doesn't show hand
*** SUMMARY ***
Total pot $6 | Rake $0
Seat 3: pöci9 (button) (small blind) collected ($6)
Seat 4: AzureCaper (big blind) folded before Flop


PokerStars Hand #160288342375:  Hold'em Limit ($3/$6 USD) - 2016/10/22 13:55:16 ET
Table 'Vesta' 6-max Seat #4 is the button
Seat 3: pöci9 ($234.83 in chips)
Seat 4: AzureCaper ($338.46 in chips)
AzureCaper: posts small blind $1
pöci9: posts big blind $3
*** HOLE CARDS ***
AzureCaper: folds
Uncalled bet ($2) returned to pöci9
pöci9 collected $2 from pot
pöci9: doesn't show hand
*** SUMMARY ***
Total pot $2 | Rake $0
Seat 3: pöci9 (big blind) collected ($2)
Seat 4: AzureCaper (button) (small blind) folded before Flop


PokerStars Hand #160288338448:  Hold'em Limit ($3/$6 USD) - 2016/10/22 13:55:10 ET
Table 'Vesta' 6-max Seat #3 is the button
Seat 3: pöci9 ($235.83 in chips)
Seat 4: AzureCaper ($337.46 in chips)
pöci9: posts small blind $1
AzureCaper: posts big blind $3
*** HOLE CARDS ***
pöci9: folds
Uncalled bet ($2) returned to AzureCaper
AzureCaper collected $2 from pot
AzureCaper: doesn't show hand
*** SUMMARY ***
Total pot $2 | Rake $0
Seat 3: pöci9 (button) (small blind) folded before Flop
Seat 4: AzureCaper (big blind) collected ($2)


PokerStars Hand #160288335243:  Hold'em Limit ($3/$6 USD) - 2016/10/22 13:55:06 ET
Table 'Vesta' 6-max Seat #4 is the button
Seat 3: pöci9 ($234.83 in chips)
Seat 4: AzureCaper ($338.46 in chips)
AzureCaper: posts small blind $1
pöci9: posts big blind $3
*** HOLE CARDS ***
AzureCaper: folds
Uncalled bet ($2) returned to pöci9
pöci9 collected $2 from pot
*** SUMMARY ***
Total pot $2 | Rake $0
Seat 3: pöci9 (big blind) collected ($2)
Seat 4: AzureCaper (button) (small blind) folded before Flop


PokerStars Hand #160288325995:  Hold'em Limit ($3/$6 USD) - 2016/10/22 13:54:54 ET
Table 'Vesta' 6-max Seat #3 is the button
Seat 3: pöci9 ($243.83 in chips)
Seat 4: AzureCaper ($329.82 in chips)
pöci9: posts small blind $1
AzureCaper: posts big blind $3
*** HOLE CARDS ***
pöci9: raises $3 to $6
AzureCaper: calls $3
*** FLOP *** [9s Kd Qs]
AzureCaper: checks
pöci9: bets $3
AzureCaper: calls $3
*** TURN *** [9s Kd Qs] [Ad]
AzureCaper: checks
pöci9: checks
*** RIVER *** [9s Kd Qs Ad] [6d]
AzureCaper: checks
pöci9: checks
*** SHOW DOWN ***
AzureCaper: shows [7c Qc] (a pair of Queens)
pöci9: mucks hand
AzureCaper collected $17.64 from pot
*** SUMMARY ***
Total pot $18 | Rake $0.36
Board [9s Kd Qs Ad 6d]
Seat 3: pöci9 (button) (small blind) mucked
Seat 4: AzureCaper (big blind) showed [7c Qc] and won ($17.64) with a pair of Queens


PokerStars Hand #160288366970:  Hold'em Limit ($3/$6 USD) - 2016/10/22 13:55:59 ET
Table 'Vesta' 6-max Seat #3 is the button
Seat 3: pöci9 ($243.83 in chips)
Seat 4: AzureCaper ($329.46 in chips)
pöci9: posts small blind $1
AzureCaper: posts big blind $3
*** HOLE CARDS ***
pöci9: calls $2
AzureCaper: raises $3 to $6
pöci9: raises $3 to $9
AzureCaper: calls $3
*** FLOP *** [Jc 5d Kd]
AzureCaper: checks
pöci9: bets $3
AzureCaper: calls $3
*** TURN *** [Jc 5d Kd] [9d]
AzureCaper: checks
pöci9: bets $6
AzureCaper: calls $6
*** RIVER *** [Jc 5d Kd 9d] [2d]
AzureCaper: bets $6
pöci9: raises $6 to $12
AzureCaper: calls $6
*** SHOW DOWN ***
pöci9: shows [3c 7c] (high card King)
AzureCaper: shows [Td 9c] (a flush, King high)
AzureCaper collected $59.50 from pot
*** SUMMARY ***
Total pot $60 | Rake $0.50
Board [Jc 5d Kd 9d 2d]
Seat 3: pöci9 (button) (small blind) showed [3c 7c] and lost with high card King
Seat 4: AzureCaper (big blind) showed [Td 9c] and won ($59.50) with a flush, King high


PokerStars Hand #160288364484:  Hold'em Limit ($3/$6 USD) - 2016/10/22 13:55:55 ET
Table 'Vesta' 6-max Seat #4 is the button
Seat 3: pöci9 ($242.83 in chips)
Seat 4: AzureCaper ($330.46 in chips)
AzureCaper: posts small blind $1
pöci9: posts big blind $3
*** HOLE CARDS ***
AzureCaper: folds
Uncalled bet ($2) returned to pöci9
pöci9 collected $2 from pot
pöci9: doesn't show hand
sh13137 joins the table at seat #5
*** SUMMARY ***
Total pot $2 | Rake $0
Seat 3: pöci9 (big blind) collected ($2)
Seat 4: AzureCaper (button) (small blind) folded before Flop


PokerStars Hand #160293251718:  Hold'em Limit ($3/$6 USD) - 2016/10/22 15:39:36 ET
Table 'Vesta' 6-max Seat #6 is the button
Seat 1: kolaz03 ($100.62 in chips)
Seat 6: wingskid666 ($238.57 in chips)
wingskid666: posts small blind $1
kolaz03: posts big blind $3
*** HOLE CARDS ***
wingskid666: raises $3 to $6
kolaz03: folds
Uncalled bet ($3) returned to wingskid666
wingskid666 collected $6 from pot
wingskid666: doesn't show hand
*** SUMMARY ***
Total pot $6 | Rake $0
Seat 1: kolaz03 (big blind) folded before Flop
Seat 6: wingskid666 (button) (small blind) collected ($6)


PokerStars Hand #160293237246:  Hold'em Limit ($3/$6 USD) - 2016/10/22 15:39:18 ET
Table 'Vesta' 6-max Seat #1 is the button
Seat 1: kolaz03 ($101.62 in chips)
Seat 6: wingskid666 ($237.57 in chips)
kolaz03: posts small blind $1
Necromadx: is sitting out
Velbor107: is sitting out
wingskid666: posts big blind $3
*** HOLE CARDS ***
Velbor107 leaves the table
Velbor107 joins the table at seat #3
kolaz03: folds
Uncalled bet ($2) returned to wingskid666
wingskid666 collected $2 from pot
wingskid666: doesn't show hand
*** SUMMARY ***
Total pot $2 | Rake $0
Seat 1: kolaz03 (button) (small blind) folded before Flop
Seat 6: wingskid666 (big blind) collected ($2)


PokerStars Hand #160296459324:  Hold'em Limit ($3/$6 USD) - 2016/10/22 16:45:49 ET
Table 'Vesta' 6-max Seat #2 is the button
Seat 2: sokol-max-PS ($168.95 in chips)
Seat 6: I M GOIN OFF ($174.06 in chips)
sokol-max-PS: posts small blind $1
Kajind: is sitting out
Big_M: is sitting out
I M GOIN OFF: posts big blind $3
*** HOLE CARDS ***
sokol-max-PS: folds
Uncalled bet ($2) returned to I M GOIN OFF
I M GOIN OFF collected $2 from pot
I M GOIN OFF: doesn't show hand
*** SUMMARY ***
Total pot $2 | Rake $0
Seat 2: sokol-max-PS (button) (small blind) folded before Flop
Seat 6: I M GOIN OFF (big blind) collected ($2)


PokerStars Hand #160296464384:  Hold'em Limit ($3/$6 USD) - 2016/10/22 16:45:56 ET
Table 'Vesta' 6-max Seat #6 is the button
Seat 2: sokol-max-PS ($167.95 in chips)
Seat 6: I M GOIN OFF ($175.06 in chips)
I M GOIN OFF: posts small blind $1
sokol-max-PS: posts big blind $3
*** HOLE CARDS ***
Kajind leaves the table
I M GOIN OFF: folds
Uncalled bet ($2) returned to sokol-max-PS
sokol-max-PS collected $2 from pot
*** SUMMARY ***
Total pot $2 | Rake $0
Seat 2: sokol-max-PS (big blind) collected ($2)
Seat 6: I M GOIN OFF (button) (small blind) folded before Flop


