PokerStars Hand #150417386893:  Hold'em Limit ($3/$6 USD) - 2016/03/15 19:35:21 ET
Table 'Vesta II' 6-max Seat #4 is the button
Seat 3: Oxm0x ($97.91 in chips)
Seat 4: Pandakey ($75 in chips)
Pandakey: posts small blind $1
Oxm0x: posts big blind $3
*** HOLE CARDS ***
Pandakey: raises $3 to $6
Oxm0x: calls $3
*** FLOP *** [Kh 7h 9s]
Oxm0x: checks
Pandakey: bets $3
Oxm0x: calls $3
*** TURN *** [Kh 7h 9s] [9c]
Oxm0x: checks
Pandakey: checks
*** RIVER *** [Kh 7h 9s 9c] [6c]
Oxm0x: checks
Pandakey: checks
*** SHOW DOWN ***
Oxm0x: shows [Th Qc] (a pair of Nines)
Pandakey: shows [As 4h] (a pair of Nines - Ace kicker)
Pandakey collected $17.64 from pot
*** SUMMARY ***
Total pot $18 | Rake $0.36
Board [Kh 7h 9s 9c 6c]
Seat 3: Oxm0x (big blind) showed [Th Qc] and lost with a pair of Nines
Seat 4: Pandakey (button) (small blind) showed [As 4h] and won ($17.64) with a pair of Nines


PokerStars Hand #150417371755:  Hold'em Limit ($3/$6 USD) - 2016/03/15 19:35:01 ET
Table 'Vesta II' 6-max Seat #3 is the button
Seat 3: Oxm0x ($80.41 in chips)
Seat 4: Pandakey ($93 in chips)
Oxm0x: posts small blind $1
Pandakey: posts big blind $3
*** HOLE CARDS ***
Oxm0x: calls $2
Pandakey: checks
*** FLOP *** [2d 8d 6s]
Pandakey: bets $3
Oxm0x: calls $3
*** TURN *** [2d 8d 6s] [Qh]
Pandakey: bets $6
Oxm0x: calls $6
*** RIVER *** [2d 8d 6s Qh] [Kh]
Pandakey: bets $6
Oxm0x: calls $6
*** SHOW DOWN ***
Pandakey: shows [9s Jd] (high card King)
Oxm0x: shows [Ac 6d] (a pair of Sixes)
Oxm0x collected $35.50 from pot
*** SUMMARY ***
Total pot $36 | Rake $0.50
Board [2d 8d 6s Qh Kh]
Seat 3: Oxm0x (button) (small blind) showed [Ac 6d] and won ($35.50) with a pair of Sixes
Seat 4: Pandakey (big blind) showed [9s Jd] and lost with high card King


PokerStars Hand #150417368620:  Hold'em Limit ($3/$6 USD) - 2016/03/15 19:34:56 ET
Table 'Vesta II' 6-max Seat #4 is the button
Seat 3: Oxm0x ($79.41 in chips)
Seat 4: Pandakey ($94 in chips)
Pandakey: posts small blind $1
Oxm0x: posts big blind $3
*** HOLE CARDS ***
Pandakey: folds
Uncalled bet ($2) returned to Oxm0x
Oxm0x collected $2 from pot
Oxm0x: doesn't show hand
*** SUMMARY ***
Total pot $2 | Rake $0
Seat 3: Oxm0x (big blind) collected ($2)
Seat 4: Pandakey (button) (small blind) folded before Flop


PokerStars Hand #150417365269:  Hold'em Limit ($3/$6 USD) - 2016/03/15 19:34:52 ET
Table 'Vesta II' 6-max Seat #3 is the button
Seat 3: Oxm0x ($80.41 in chips)
Seat 4: Pandakey ($93 in chips)
Oxm0x: posts small blind $1
Pandakey: posts big blind $3
*** HOLE CARDS ***
Oxm0x: folds
Uncalled bet ($2) returned to Pandakey
Pandakey collected $2 from pot
Pandakey: doesn't show hand
*** SUMMARY ***
Total pot $2 | Rake $0
Seat 3: Oxm0x (button) (small blind) folded before Flop
Seat 4: Pandakey (big blind) collected ($2)


PokerStars Hand #150417346959:  Hold'em Limit ($3/$6 USD) - 2016/03/15 19:34:26 ET
Table 'Vesta II' 6-max Seat #4 is the button
Seat 3: Oxm0x ($59.91 in chips)
Seat 4: Pandakey ($114 in chips)
Pandakey: posts small blind $1
Oxm0x: posts big blind $3
*** HOLE CARDS ***
Pandakey: raises $3 to $6
Oxm0x: calls $3
*** FLOP *** [2d Qs 7h]
Oxm0x: checks
Pandakey: bets $3
Oxm0x: calls $3
*** TURN *** [2d Qs 7h] [8s]
Oxm0x: bets $6
Pandakey: calls $6
*** RIVER *** [2d Qs 7h 8s] [4d]
Oxm0x: bets $6
Pandakey: calls $6
*** SHOW DOWN ***
Oxm0x: shows [8h 9h] (a pair of Eights)
Pandakey: mucks hand
Oxm0x collected $41.50 from pot
*** SUMMARY ***
Total pot $42 | Rake $0.50
Board [2d Qs 7h 8s 4d]
Seat 3: Oxm0x (big blind) showed [8h 9h] and won ($41.50) with a pair of Eights
Seat 4: Pandakey (button) (small blind) mucked


PokerStars Hand #150417404508:  Hold'em Limit ($3/$6 USD) - 2016/03/15 19:35:46 ET
Table 'Vesta II' 6-max Seat #3 is the button
Seat 3: Oxm0x ($84.91 in chips)
Seat 4: Pandakey ($87.64 in chips)
Oxm0x: posts small blind $1
Pandakey: posts big blind $3
*** HOLE CARDS ***
Oxm0x has timed out
Oxm0x: folds
Uncalled bet ($2) returned to Pandakey
Pandakey collected $2 from pot
Pandakey: doesn't show hand
*** SUMMARY ***
Total pot $2 | Rake $0
Seat 3: Oxm0x (button) (small blind) folded before Flop
Seat 4: Pandakey (big blind) collected ($2)


PokerStars Hand #150417400206:  Hold'em Limit ($3/$6 USD) - 2016/03/15 19:35:40 ET
Table 'Vesta II' 6-max Seat #4 is the button
Seat 3: Oxm0x ($87.91 in chips)
Seat 4: Pandakey ($84.64 in chips)
Pandakey: posts small blind $1
Oxm0x: posts big blind $3
*** HOLE CARDS ***
Pandakey: raises $3 to $6
Oxm0x: folds
Uncalled bet ($3) returned to Pandakey
Pandakey collected $6 from pot
Pandakey: doesn't show hand
*** SUMMARY ***
Total pot $6 | Rake $0
Seat 3: Oxm0x (big blind) folded before Flop
Seat 4: Pandakey (button) (small blind) collected ($6)


PokerStars Hand #150417396921:  Hold'em Limit ($3/$6 USD) - 2016/03/15 19:35:35 ET
Table 'Vesta II' 6-max Seat #3 is the button
Seat 3: Oxm0x ($88.91 in chips)
Seat 4: Pandakey ($83.64 in chips)
Oxm0x: posts small blind $1
Pandakey: posts big blind $3
*** HOLE CARDS ***
Oxm0x: folds
Uncalled bet ($2) returned to Pandakey
Pandakey collected $2 from pot
Pandakey: doesn't show hand
*** SUMMARY ***
Total pot $2 | Rake $0
Seat 3: Oxm0x (button) (small blind) folded before Flop
Seat 4: Pandakey (big blind) collected ($2)


PokerStars Hand #150417589523:  Hold'em Limit ($3/$6 USD) - 2016/03/15 19:40:02 ET
Table 'Vesta II' 6-max Seat #5 is the button
Seat 4: Pandakey ($103.14 in chips)
Seat 5: Krazy90 ($120 in chips)
Krazy90: posts small blind $1
Pandakey: posts big blind $3
*** HOLE CARDS ***
Krazy90: raises $3 to $6
Pandakey: raises $3 to $9
Krazy90: calls $3
*** FLOP *** [9c 8c Jh]
Pandakey: bets $3
Krazy90: calls $3
*** TURN *** [9c 8c Jh] [3d]
Pandakey: checks
Krazy90: checks
*** RIVER *** [9c 8c Jh 3d] [5s]
Pandakey: checks
Krazy90: checks
*** SHOW DOWN ***
Pandakey: shows [7d Ac] (high card Ace)
Krazy90: mucks hand
Pandakey collected $23.52 from pot
*** SUMMARY ***
Total pot $24 | Rake $0.48
Board [9c 8c Jh 3d 5s]
Seat 4: Pandakey (big blind) showed [7d Ac] and won ($23.52) with high card Ace
Seat 5: Krazy90 (button) (small blind) mucked


PokerStars Hand #150417575603:  Hold'em Limit ($3/$6 USD) - 2016/03/15 19:39:42 ET
Table 'Vesta II' 6-max Seat #4 is the button
Seat 4: Pandakey ($88.64 in chips)
Seat 5: Krazy90 ($120 in chips)
Pandakey: posts small blind $1
Krazy90: posts big blind $3
*** HOLE CARDS ***
Pandakey: raises $3 to $6
Krazy90: calls $3
*** FLOP *** [3c Tc Qd]
Krazy90: checks
Pandakey: bets $3
Krazy90: calls $3
*** TURN *** [3c Tc Qd] [8h]
Krazy90: checks
Pandakey: checks
*** RIVER *** [3c Tc Qd 8h] [7d]
Krazy90: bets $6
Pandakey: calls $6
*** SHOW DOWN ***
Krazy90: shows [6c Ah] (high card Ace)
Pandakey: shows [Jc Ac] (high card Ace - Queen+Jack kicker)
Pandakey collected $29.50 from pot
*** SUMMARY ***
Total pot $30 | Rake $0.50
Board [3c Tc Qd 8h 7d]
Seat 4: Pandakey (button) (small blind) showed [Jc Ac] and won ($29.50) with high card Ace
Seat 5: Krazy90 (big blind) showed [6c Ah] and lost with high card Ace


PokerStars Hand #150417604233:  Hold'em Limit ($3/$6 USD) - 2016/03/15 19:40:23 ET
Table 'Vesta II' 6-max Seat #4 is the button
Seat 4: Pandakey ($114.66 in chips)
Seat 5: Krazy90 ($120 in chips)
Pandakey: posts small blind $1
Krazy90: posts big blind $3
*** HOLE CARDS ***
Pandakey: raises $3 to $6
Krazy90: calls $3
*** FLOP *** [Qs 5s 5c]
Krazy90: checks
Pandakey: bets $3
Krazy90: raises $3 to $6
Pandakey: folds
Uncalled bet ($3) returned to Krazy90
Krazy90 collected $17.64 from pot
Krazy90: doesn't show hand
*** SUMMARY ***
Total pot $18 | Rake $0.36
Board [Qs 5s 5c]
Seat 4: Pandakey (button) (small blind) folded on the Flop
Seat 5: Krazy90 (big blind) collected ($17.64)


PokerStars Hand #150417844639:  Hold'em Limit ($3/$6 USD) - 2016/03/15 19:46:03 ET
Table 'Vesta II' 6-max Seat #5 is the button
Seat 4: Pandakey ($151.61 in chips)
Seat 5: Krazy90 ($120 in chips)
Krazy90: posts small blind $1
Pandakey: posts big blind $3
*** HOLE CARDS ***
Krazy90: raises $3 to $6
Pandakey: raises $3 to $9
Krazy90: calls $3
*** FLOP *** [Td 2h 6s]
Pandakey: checks
Krazy90: bets $3
Pandakey: calls $3
*** TURN *** [Td 2h 6s] [Ac]
Pandakey: bets $6
$i1ver joins the table at seat #3
Krazy90: folds
Uncalled bet ($6) returned to Pandakey
Pandakey collected $23.52 from pot
Pandakey: doesn't show hand
*** SUMMARY ***
Total pot $24 | Rake $0.48
Board [Td 2h 6s Ac]
Seat 4: Pandakey (big blind) collected ($23.52)
Seat 5: Krazy90 (button) (small blind) folded on the Turn


PokerStars Hand #150417865616:  Hold'em Limit ($3/$6 USD) - 2016/03/15 19:46:32 ET
Table 'Vesta II' 6-max Seat #4 is the button
Seat 4: Pandakey ($163.13 in chips)
Seat 5: Krazy90 ($120 in chips)
Pandakey: posts small blind $1
Krazy90: posts big blind $3
*** HOLE CARDS ***
Pandakey: raises $3 to $6
Krazy90: calls $3
*** FLOP *** [Jh 4h Qs]
Krazy90: checks
Pandakey: bets $3
Krazy90: calls $3
*** TURN *** [Jh 4h Qs] [Jd]
Krazy90: checks
Pandakey: bets $6
Krazy90: folds
Uncalled bet ($6) returned to Pandakey
Pandakey collected $17.64 from pot
Pandakey: doesn't show hand
*** SUMMARY ***
Total pot $18 | Rake $0.36
Board [Jh 4h Qs Jd]
Seat 4: Pandakey (button) (small blind) collected ($17.64)
Seat 5: Krazy90 (big blind) folded on the Turn


PokerStars Hand #150417907130:  Hold'em Limit ($3/$6 USD) - 2016/03/15 19:47:31 ET
Table 'Vesta II' 6-max Seat #5 is the button
Seat 4: Pandakey ($171.77 in chips)
Seat 5: Krazy90 ($121 in chips)
Krazy90: posts small blind $1
Pandakey: posts big blind $3
*** HOLE CARDS ***
Krazy90: raises $3 to $6
Pandakey: calls $3
*** FLOP *** [4s Kh Qh]
Pandakey: checks
Krazy90: bets $3
Pandakey: raises $3 to $6
Krazy90: folds
Uncalled bet ($3) returned to Pandakey
Pandakey collected $17.64 from pot
Pandakey: doesn't show hand
*** SUMMARY ***
Total pot $18 | Rake $0.36
Board [4s Kh Qh]
Seat 4: Pandakey (big blind) collected ($17.64)
Seat 5: Krazy90 (button) (small blind) folded on the Flop


