PokerStars Hand #165336494296:  Hold'em Limit ($3/$6 USD) - 2017/01/29 2:42:31 ET
Table 'Veteraniya' 6-max Seat #3 is the button
Seat 3: sim5sim5 ($72 in chips)
Seat 5: buddhasway ($104 in chips)
AzureCaper joins the table at seat #6
sim5sim5: posts small blind $1
buddhasway: posts big blind $3
*** HOLE CARDS ***
sim5sim5: raises $3 to $6
buddhasway: calls $3
*** FLOP *** [6c 3h 5c]
buddhasway: checks
Bonkman05 joins the table at seat #1
sim5sim5: bets $3
buddhasway: calls $3
*** TURN *** [6c 3h 5c] [4c]
buddhasway: checks
sim5sim5: bets $6
buddhasway: raises $6 to $12
sim5sim5: raises $6 to $18
buddhasway: calls $6
*** RIVER *** [6c 3h 5c 4c] [2c]
buddhasway: checks
sim5sim5: checks
*** SHOW DOWN ***
buddhasway: shows [7d Jh] (a straight, Three to Seven)
sim5sim5: shows [6s 7c] (a flush, Seven high)
sim5sim5 collected $53.50 from pot
*** SUMMARY ***
Total pot $54 | Rake $0.50
Board [6c 3h 5c 4c 2c]
Seat 3: sim5sim5 (button) (small blind) showed [6s 7c] and won ($53.50) with a flush, Seven high
Seat 5: buddhasway (big blind) showed [7d Jh] and lost with a straight, Three to Seven


PokerStars Hand #165337394247:  Hold'em Limit ($3/$6 USD) - 2017/01/29 3:29:20 ET
Table 'Veteraniya' 6-max Seat #4 is the button
Seat 1: Bonkman05 ($181.20 in chips)
Seat 4: Scratch-X ($136.62 in chips)
Scratch-X: posts small blind $1
RockKillerTY: is sitting out
Bonkman05: posts big blind $3
*** HOLE CARDS ***
Scratch-X: folds
Uncalled bet ($2) returned to Bonkman05
Bonkman05 collected $2 from pot
Bonkman05: doesn't show hand
*** SUMMARY ***
Total pot $2 | Rake $0
Seat 1: Bonkman05 (big blind) collected ($2)
Seat 4: Scratch-X (button) (small blind) folded before Flop


