PokerStars Hand #176270105525:  Hold'em Limit ($3/$6 USD) - 2017/09/29 12:03:30 ET
Table 'Veteraniya' 6-max Seat #5 is the button
Seat 3: libaikang ($116.50 in chips)
Seat 5: vestimokrec ($122.02 in chips)
vestimokrec: posts small blind $1
libaikang: posts big blind $3
*** HOLE CARDS ***
vestimokrec: raises $3 to $6
libaikang: raises $3 to $9
vestimokrec: calls $3
*** FLOP *** [Tc Ad 2c]
libaikang: bets $3
vestimokrec: folds
Uncalled bet ($3) returned to libaikang
libaikang collected $17.64 from pot
libaikang: doesn't show hand
*** SUMMARY ***
Total pot $18 | Rake $0.36
Board [Tc Ad 2c]
Seat 3: libaikang (big blind) collected ($17.64)
Seat 5: vestimokrec (button) (small blind) folded on the Flop


PokerStars Hand #176270084146:  Hold'em Limit ($3/$6 USD) - 2017/09/29 12:02:58 ET
Table 'Veteraniya' 6-max Seat #3 is the button
Seat 3: libaikang ($84 in chips)
Seat 5: vestimokrec ($155.02 in chips)
libaikang: posts small blind $1
vestimokrec: posts big blind $3
*** HOLE CARDS ***
libaikang: raises $3 to $6
vestimokrec: calls $3
*** FLOP *** [3h 2h 5d]
vestimokrec: checks
libaikang: bets $3
vestimokrec: calls $3
*** TURN *** [3h 2h 5d] [7h]
vestimokrec: checks
libaikang: bets $6
vestimokrec: raises $6 to $12
libaikang: calls $6
*** RIVER *** [3h 2h 5d 7h] [9d]
vestimokrec: bets $6
libaikang: raises $6 to $12
vestimokrec: calls $6
*** SHOW DOWN ***
libaikang: shows [Ac 9h] (a pair of Nines)
vestimokrec: mucks hand
libaikang collected $65.50 from pot
*** SUMMARY ***
Total pot $66 | Rake $0.50
Board [3h 2h 5d 7h 9d]
Seat 3: libaikang (button) (small blind) showed [Ac 9h] and won ($65.50) with a pair of Nines
Seat 5: vestimokrec (big blind) mucked


PokerStars Hand #176270117076:  Hold'em Limit ($3/$6 USD) - 2017/09/29 12:03:47 ET
Table 'Veteraniya' 6-max Seat #3 is the button
Seat 3: libaikang ($125.14 in chips)
Seat 5: vestimokrec ($113.02 in chips)
libaikang: posts small blind $1
vestimokrec: posts big blind $3
*** HOLE CARDS ***
libaikang: raises $3 to $6
LouisB joins the table at seat #4
vestimokrec: calls $3
*** FLOP *** [Ts 4h 8s]
vestimokrec: checks
libaikang: bets $3
vestimokrec: raises $3 to $6
libaikang: calls $3
*** TURN *** [Ts 4h 8s] [Ad]
vestimokrec: bets $6
libaikang: folds
Uncalled bet ($6) returned to vestimokrec
vestimokrec collected $23.52 from pot
vestimokrec: doesn't show hand
*** SUMMARY ***
Total pot $24 | Rake $0.48
Board [Ts 4h 8s Ad]
Seat 3: libaikang (button) (small blind) folded on the Turn
Seat 5: vestimokrec (big blind) collected ($23.52)


PokerStars Hand #176270146226:  Hold'em Limit ($3/$6 USD) - 2017/09/29 12:04:30 ET
Table 'Veteraniya' 6-max Seat #5 is the button
Seat 3: libaikang ($113.14 in chips)
Seat 5: vestimokrec ($124.54 in chips)
vestimokrec: posts small blind $1
libaikang: posts big blind $3
*** HOLE CARDS ***
vestimokrec: raises $3 to $6
libaikang: calls $3
*** FLOP *** [2c Jd 6c]
libaikang: checks
vestimokrec: checks
*** TURN *** [2c Jd 6c] [5c]
libaikang: bets $6
vestimokrec: raises $6 to $12
libaikang: calls $6
*** RIVER *** [2c Jd 6c 5c] [5s]
libaikang: checks
vestimokrec: bets $6
libaikang: folds
Uncalled bet ($6) returned to vestimokrec
vestimokrec collected $35.50 from pot
vestimokrec: doesn't show hand
*** SUMMARY ***
Total pot $36 | Rake $0.50
Board [2c Jd 6c 5c 5s]
Seat 3: libaikang (big blind) folded on the River
Seat 5: vestimokrec (button) (small blind) collected ($35.50)


