PokerStars Hand #146184390278:  Hold'em Limit ($3/$6 USD) - 2015/12/30 14:18:34 ET
Table 'Vibeke II' 2-max Seat #2 is the button
Seat 1: partyalex92 ($60.23 in chips)
Seat 2: josch2001 ($146.64 in chips)
josch2001: posts small blind $1
partyalex92: posts big blind $3
*** HOLE CARDS ***
josch2001: raises $3 to $6
partyalex92: folds
Uncalled bet ($3) returned to josch2001
josch2001 collected $6 from pot
josch2001: doesn't show hand
*** SUMMARY ***
Total pot $6 | Rake $0
Seat 1: partyalex92 (big blind) folded before Flop
Seat 2: josch2001 (button) (small blind) collected ($6)


PokerStars Hand #146184394764:  Hold'em Limit ($3/$6 USD) - 2015/12/30 14:18:38 ET
Table 'Vibeke II' 2-max Seat #1 is the button
Seat 1: partyalex92 ($57.23 in chips)
Seat 2: josch2001 ($149.64 in chips)
partyalex92: posts small blind $1
josch2001: posts big blind $3
*** HOLE CARDS ***
partyalex92: folds
Uncalled bet ($2) returned to josch2001
josch2001 collected $2 from pot
josch2001: doesn't show hand
*** SUMMARY ***
Total pot $2 | Rake $0
Seat 1: partyalex92 (button) (small blind) folded before Flop
Seat 2: josch2001 (big blind) collected ($2)


PokerStars Hand #146184399554:  Hold'em Limit ($3/$6 USD) - 2015/12/30 14:18:43 ET
Table 'Vibeke II' 2-max Seat #2 is the button
Seat 1: partyalex92 ($56.23 in chips)
Seat 2: josch2001 ($150.64 in chips)
josch2001: posts small blind $1
partyalex92: posts big blind $3
*** HOLE CARDS ***
josch2001: raises $3 to $6
partyalex92: calls $3
*** FLOP *** [7h 6h 3d]
partyalex92: checks
josch2001: checks
*** TURN *** [7h 6h 3d] [Ad]
partyalex92: bets $6
josch2001: folds
Uncalled bet ($6) returned to partyalex92
partyalex92 collected $11.76 from pot
partyalex92: doesn't show hand
*** SUMMARY ***
Total pot $12 | Rake $0.24
Board [7h 6h 3d Ad]
Seat 1: partyalex92 (big blind) collected ($11.76)
Seat 2: josch2001 (button) (small blind) folded on the Turn


PokerStars Hand #146184414248:  Hold'em Limit ($3/$6 USD) - 2015/12/30 14:18:58 ET
Table 'Vibeke II' 2-max Seat #1 is the button
Seat 1: partyalex92 ($61.99 in chips)
Seat 2: josch2001 ($144.64 in chips)
partyalex92: posts small blind $1
josch2001: posts big blind $3
*** HOLE CARDS ***
partyalex92: calls $2
josch2001: checks
*** FLOP *** [Jd 6h 8d]
josch2001: checks
partyalex92: checks
*** TURN *** [Jd 6h 8d] [Ks]
josch2001: bets $6
partyalex92: calls $6
*** RIVER *** [Jd 6h 8d Ks] [Qc]
josch2001: checks
partyalex92: bets $6
josch2001: folds
Uncalled bet ($6) returned to partyalex92
partyalex92 collected $17.64 from pot
partyalex92: doesn't show hand
*** SUMMARY ***
Total pot $18 | Rake $0.36
Board [Jd 6h 8d Ks Qc]
Seat 1: partyalex92 (button) (small blind) collected ($17.64)
Seat 2: josch2001 (big blind) folded on the River


PokerStars Hand #146184440161:  Hold'em Limit ($3/$6 USD) - 2015/12/30 14:19:24 ET
Table 'Vibeke II' 2-max Seat #2 is the button
Seat 1: partyalex92 ($70.63 in chips)
Seat 2: josch2001 ($135.64 in chips)
josch2001: posts small blind $1
partyalex92: posts big blind $3
*** HOLE CARDS ***
josch2001: raises $3 to $6
partyalex92: calls $3
*** FLOP *** [5h 9d 5c]
partyalex92: bets $3
josch2001: calls $3
*** TURN *** [5h 9d 5c] [Ad]
partyalex92: checks
josch2001: checks
*** RIVER *** [5h 9d 5c Ad] [3s]
partyalex92: checks
josch2001: checks
*** SHOW DOWN ***
partyalex92: shows [Kh 6d] (a pair of Fives)
josch2001: shows [Ks 7d] (a pair of Fives)
partyalex92 collected $8.82 from pot
josch2001 collected $8.82 from pot
*** SUMMARY ***
Total pot $18 | Rake $0.36
Board [5h 9d 5c Ad 3s]
Seat 1: partyalex92 (big blind) showed [Kh 6d] and won ($8.82) with a pair of Fives
Seat 2: josch2001 (button) (small blind) showed [Ks 7d] and won ($8.82) with a pair of Fives


PokerStars Hand #146184464833:  Hold'em Limit ($3/$6 USD) - 2015/12/30 14:19:49 ET
Table 'Vibeke II' 2-max Seat #1 is the button
Seat 1: partyalex92 ($70.45 in chips)
Seat 2: josch2001 ($135.46 in chips)
partyalex92: posts small blind $1
josch2001: posts big blind $3
*** HOLE CARDS ***
partyalex92: calls $2
josch2001: checks
*** FLOP *** [Kh 6h As]
josch2001: bets $3
partyalex92: calls $3
*** TURN *** [Kh 6h As] [Ts]
josch2001: checks
partyalex92: bets $6
josch2001: folds
Uncalled bet ($6) returned to partyalex92
partyalex92 collected $11.76 from pot
partyalex92: doesn't show hand
*** SUMMARY ***
Total pot $12 | Rake $0.24
Board [Kh 6h As Ts]
Seat 1: partyalex92 (button) (small blind) collected ($11.76)
Seat 2: josch2001 (big blind) folded on the Turn


PokerStars Hand #146184485928:  Hold'em Limit ($3/$6 USD) - 2015/12/30 14:20:11 ET
Table 'Vibeke II' 2-max Seat #2 is the button
Seat 1: partyalex92 ($76.21 in chips)
Seat 2: josch2001 ($129.46 in chips)
josch2001: posts small blind $1
partyalex92: posts big blind $3
*** HOLE CARDS ***
josch2001: raises $3 to $6
partyalex92: calls $3
*** FLOP *** [4c 6s 3d]
partyalex92: bets $3
josch2001: calls $3
*** TURN *** [4c 6s 3d] [Jh]
partyalex92: checks
josch2001: bets $6
partyalex92: calls $6
*** RIVER *** [4c 6s 3d Jh] [Ad]
partyalex92: bets $6
josch2001: calls $6
*** SHOW DOWN ***
partyalex92: shows [Kh 8c] (high card Ace)
josch2001: shows [Kd 4d] (a pair of Fours)
josch2001 collected $41.50 from pot
*** SUMMARY ***
Total pot $42 | Rake $0.50
Board [4c 6s 3d Jh Ad]
Seat 1: partyalex92 (big blind) showed [Kh 8c] and lost with high card Ace
Seat 2: josch2001 (button) (small blind) showed [Kd 4d] and won ($41.50) with a pair of Fours


PokerStars Hand #146184509401:  Hold'em Limit ($3/$6 USD) - 2015/12/30 14:20:35 ET
Table 'Vibeke II' 2-max Seat #1 is the button
Seat 1: partyalex92 ($55.21 in chips)
Seat 2: josch2001 ($149.96 in chips)
partyalex92: posts small blind $1
josch2001: posts big blind $3
*** HOLE CARDS ***
partyalex92: calls $2
josch2001: checks
*** FLOP *** [Qh Ks Jd]
josch2001: bets $3
partyalex92: folds
Uncalled bet ($3) returned to josch2001
josch2001 collected $5.88 from pot
josch2001: doesn't show hand
*** SUMMARY ***
Total pot $6 | Rake $0.12
Board [Qh Ks Jd]
Seat 1: partyalex92 (button) (small blind) folded on the Flop
Seat 2: josch2001 (big blind) collected ($5.88)


PokerStars Hand #146184520759:  Hold'em Limit ($3/$6 USD) - 2015/12/30 14:20:47 ET
Table 'Vibeke II' 2-max Seat #2 is the button
Seat 1: partyalex92 ($52.21 in chips)
Seat 2: josch2001 ($152.84 in chips)
josch2001: posts small blind $1
partyalex92: posts big blind $3
*** HOLE CARDS ***
josch2001: raises $3 to $6
partyalex92: raises $3 to $9
josch2001: calls $3
*** FLOP *** [4h 5d Ks]
partyalex92: checks
josch2001: bets $3
partyalex92: calls $3
*** TURN *** [4h 5d Ks] [Jc]
partyalex92: checks
josch2001: bets $6
partyalex92: calls $6
*** RIVER *** [4h 5d Ks Jc] [3h]
partyalex92: bets $6
josch2001: calls $6
*** SHOW DOWN ***
partyalex92: shows [As Kd] (a pair of Kings)
josch2001: shows [4s 5s] (two pair, Fives and Fours)
josch2001 collected $47.50 from pot
*** SUMMARY ***
Total pot $48 | Rake $0.50
Board [4h 5d Ks Jc 3h]
Seat 1: partyalex92 (big blind) showed [As Kd] and lost with a pair of Kings
Seat 2: josch2001 (button) (small blind) showed [4s 5s] and won ($47.50) with two pair, Fives and Fours


PokerStars Hand #146184548853:  Hold'em Limit ($3/$6 USD) - 2015/12/30 14:21:15 ET
Table 'Vibeke II' 2-max Seat #2 is the button
Seat 1: partyalex92 ($27.21 in chips)
Seat 2: josch2001 ($177.34 in chips)
josch2001: posts small blind $1
partyalex92: posts big blind $3
*** HOLE CARDS ***
josch2001: folds
Uncalled bet ($2) returned to partyalex92
partyalex92 collected $2 from pot
partyalex92: doesn't show hand
*** SUMMARY ***
Total pot $2 | Rake $0
Seat 1: partyalex92 (big blind) collected ($2)
Seat 2: josch2001 (button) (small blind) folded before Flop


PokerStars Hand #146184543909:  Hold'em Limit ($3/$6 USD) - 2015/12/30 14:21:10 ET
Table 'Vibeke II' 2-max Seat #1 is the button
Seat 1: partyalex92 ($28.21 in chips)
Seat 2: josch2001 ($176.34 in chips)
partyalex92: posts small blind $1
josch2001: posts big blind $3
*** HOLE CARDS ***
partyalex92: folds
Uncalled bet ($2) returned to josch2001
josch2001 collected $2 from pot
josch2001: doesn't show hand
*** SUMMARY ***
Total pot $2 | Rake $0
Seat 1: partyalex92 (button) (small blind) folded before Flop
Seat 2: josch2001 (big blind) collected ($2)


PokerStars Hand #146184553367:  Hold'em Limit ($3/$6 USD) - 2015/12/30 14:21:20 ET
Table 'Vibeke II' 2-max Seat #1 is the button
Seat 1: partyalex92 ($28.21 in chips)
Seat 2: josch2001 ($176.34 in chips)
partyalex92: posts small blind $1
josch2001: posts big blind $3
*** HOLE CARDS ***
partyalex92: folds
Uncalled bet ($2) returned to josch2001
josch2001 collected $2 from pot
josch2001: doesn't show hand
*** SUMMARY ***
Total pot $2 | Rake $0
Seat 1: partyalex92 (button) (small blind) folded before Flop
Seat 2: josch2001 (big blind) collected ($2)


PokerStars Hand #146184557771:  Hold'em Limit ($3/$6 USD) - 2015/12/30 14:21:24 ET
Table 'Vibeke II' 2-max Seat #2 is the button
Seat 1: partyalex92 ($27.21 in chips)
Seat 2: josch2001 ($177.34 in chips)
josch2001: posts small blind $1
partyalex92: posts big blind $3
*** HOLE CARDS ***
josch2001: raises $3 to $6
partyalex92: calls $3
*** FLOP *** [9d 2s Jh]
partyalex92: bets $3
josch2001: calls $3
*** TURN *** [9d 2s Jh] [9s]
partyalex92: bets $6
josch2001: calls $6
*** RIVER *** [9d 2s Jh 9s] [8d]
partyalex92: checks
josch2001: checks
*** SHOW DOWN ***
partyalex92: shows [Jd Th] (two pair, Jacks and Nines)
josch2001: mucks hand
partyalex92 collected $29.50 from pot
*** SUMMARY ***
Total pot $30 | Rake $0.50
Board [9d 2s Jh 9s 8d]
Seat 1: partyalex92 (big blind) showed [Jd Th] and won ($29.50) with two pair, Jacks and Nines
Seat 2: josch2001 (button) (small blind) mucked


PokerStars Hand #146184575454:  Hold'em Limit ($3/$6 USD) - 2015/12/30 14:21:42 ET
Table 'Vibeke II' 2-max Seat #1 is the button
Seat 1: partyalex92 ($41.71 in chips)
Seat 2: josch2001 ($162.34 in chips)
partyalex92: posts small blind $1
josch2001: posts big blind $3
*** HOLE CARDS ***
partyalex92: calls $2
josch2001: checks
*** FLOP *** [Jc 9s 6s]
josch2001: bets $3
partyalex92: folds
Uncalled bet ($3) returned to josch2001
josch2001 collected $5.88 from pot
josch2001: doesn't show hand
*** SUMMARY ***
Total pot $6 | Rake $0.12
Board [Jc 9s 6s]
Seat 1: partyalex92 (button) (small blind) folded on the Flop
Seat 2: josch2001 (big blind) collected ($5.88)


PokerStars Hand #146184585345:  Hold'em Limit ($3/$6 USD) - 2015/12/30 14:21:52 ET
Table 'Vibeke II' 2-max Seat #2 is the button
Seat 1: partyalex92 ($38.71 in chips)
Seat 2: josch2001 ($165.22 in chips)
josch2001: posts small blind $1
partyalex92: posts big blind $3
*** HOLE CARDS ***
josch2001: raises $3 to $6
partyalex92: calls $3
*** FLOP *** [6s 7h 2c]
partyalex92: bets $3
josch2001: raises $3 to $6
partyalex92: calls $3
*** TURN *** [6s 7h 2c] [8s]
partyalex92: bets $6
josch2001: calls $6
*** RIVER *** [6s 7h 2c 8s] [8c]
partyalex92: bets $6
josch2001: calls $6
*** SHOW DOWN ***
partyalex92: shows [Js 9d] (a pair of Eights)
josch2001: shows [Td 6d] (two pair, Eights and Sixes)
josch2001 collected $47.50 from pot
*** SUMMARY ***
Total pot $48 | Rake $0.50
Board [6s 7h 2c 8s 8c]
Seat 1: partyalex92 (big blind) showed [Js 9d] and lost with a pair of Eights
Seat 2: josch2001 (button) (small blind) showed [Td 6d] and won ($47.50) with two pair, Eights and Sixes


PokerStars Hand #146184611086:  Hold'em Limit ($3/$6 USD) - 2015/12/30 14:22:19 ET
Table 'Vibeke II' 2-max Seat #1 is the button
Seat 1: partyalex92 ($14.71 in chips)
Seat 2: josch2001 ($188.72 in chips)
partyalex92: posts small blind $1
josch2001: posts big blind $3
*** HOLE CARDS ***
partyalex92: raises $3 to $6
josch2001: raises $3 to $9
partyalex92: raises $3 to $12
Betting is capped
josch2001: calls $3
*** FLOP *** [7s 3s Ad]
josch2001: checks
partyalex92: bets $2.71 and is all-in
josch2001: calls $2.71
*** TURN *** [7s 3s Ad] [5c]
*** RIVER *** [7s 3s Ad 5c] [8d]
*** SHOW DOWN ***
josch2001: shows [Ks Kc] (a pair of Kings)
partyalex92: shows [9c Ac] (a pair of Aces)
partyalex92 collected $28.92 from pot
*** SUMMARY ***
Total pot $29.42 | Rake $0.50
Board [7s 3s Ad 5c 8d]
Seat 1: partyalex92 (button) (small blind) showed [9c Ac] and won ($28.92) with a pair of Aces
Seat 2: josch2001 (big blind) showed [Ks Kc] and lost with a pair of Kings


PokerStars Hand #146184630727:  Hold'em Limit ($3/$6 USD) - 2015/12/30 14:22:39 ET
Table 'Vibeke II' 2-max Seat #2 is the button
Seat 1: partyalex92 ($28.92 in chips)
Seat 2: josch2001 ($174.01 in chips)
josch2001: posts small blind $1
partyalex92: posts big blind $3
*** HOLE CARDS ***
josch2001: raises $3 to $6
partyalex92: calls $3
*** FLOP *** [Ad 7d 3c]
partyalex92: checks
josch2001: bets $3
partyalex92: folds
Uncalled bet ($3) returned to josch2001
josch2001 collected $11.76 from pot
josch2001: doesn't show hand
*** SUMMARY ***
Total pot $12 | Rake $0.24
Board [Ad 7d 3c]
Seat 1: partyalex92 (big blind) folded on the Flop
Seat 2: josch2001 (button) (small blind) collected ($11.76)


PokerStars Hand #146184644585:  Hold'em Limit ($3/$6 USD) - 2015/12/30 14:22:53 ET
Table 'Vibeke II' 2-max Seat #1 is the button
Seat 1: partyalex92 ($22.92 in chips)
Seat 2: josch2001 ($179.77 in chips)
partyalex92: posts small blind $1
josch2001: posts big blind $3
*** HOLE CARDS ***
partyalex92: folds
Uncalled bet ($2) returned to josch2001
josch2001 collected $2 from pot
josch2001: doesn't show hand
*** SUMMARY ***
Total pot $2 | Rake $0
Seat 1: partyalex92 (button) (small blind) folded before Flop
Seat 2: josch2001 (big blind) collected ($2)


PokerStars Hand #146184649293:  Hold'em Limit ($3/$6 USD) - 2015/12/30 14:22:57 ET
Table 'Vibeke II' 2-max Seat #2 is the button
Seat 1: partyalex92 ($21.92 in chips)
Seat 2: josch2001 ($180.77 in chips)
josch2001: posts small blind $1
partyalex92: posts big blind $3
*** HOLE CARDS ***
josch2001: raises $3 to $6
partyalex92: calls $3
*** FLOP *** [4h Jc 7h]
partyalex92: bets $3
josch2001: calls $3
*** TURN *** [4h Jc 7h] [8h]
partyalex92: checks
josch2001: bets $6
partyalex92: calls $6
*** RIVER *** [4h Jc 7h 8h] [9h]
partyalex92: checks
josch2001: checks
*** SHOW DOWN ***
partyalex92: shows [Kh 5d] (a flush, King high)
josch2001: mucks hand
partyalex92 collected $29.50 from pot
*** SUMMARY ***
Total pot $30 | Rake $0.50
Board [4h Jc 7h 8h 9h]
Seat 1: partyalex92 (big blind) showed [Kh 5d] and won ($29.50) with a flush, King high
Seat 2: josch2001 (button) (small blind) mucked


PokerStars Hand #146184688835:  Hold'em Limit ($3/$6 USD) - 2015/12/30 14:23:37 ET
Table 'Vibeke II' 2-max Seat #2 is the button
Seat 1: partyalex92 ($9.42 in chips)
Seat 2: josch2001 ($192.27 in chips)
josch2001: posts small blind $1
partyalex92: posts big blind $3
*** HOLE CARDS ***
josch2001: raises $3 to $6
partyalex92: folds
Uncalled bet ($3) returned to josch2001
josch2001 collected $6 from pot
josch2001: doesn't show hand
*** SUMMARY ***
Total pot $6 | Rake $0
Seat 1: partyalex92 (big blind) folded before Flop
Seat 2: josch2001 (button) (small blind) collected ($6)


PokerStars Hand #146184667149:  Hold'em Limit ($3/$6 USD) - 2015/12/30 14:23:15 ET
Table 'Vibeke II' 2-max Seat #1 is the button
Seat 1: partyalex92 ($36.42 in chips)
Seat 2: josch2001 ($165.77 in chips)
partyalex92: posts small blind $1
josch2001: posts big blind $3
*** HOLE CARDS ***
partyalex92: raises $3 to $6
josch2001: calls $3
*** FLOP *** [9h Kd Jh]
josch2001: checks
partyalex92: bets $3
josch2001: raises $3 to $6
partyalex92: raises $3 to $9
josch2001: calls $3
*** TURN *** [9h Kd Jh] [6c]
josch2001: bets $6
partyalex92: raises $6 to $12
josch2001: calls $6
*** RIVER *** [9h Kd Jh 6c] [Qc]
josch2001: checks
partyalex92: checks
*** SHOW DOWN ***
josch2001: shows [7s Ks] (a pair of Kings)
partyalex92: mucks hand
josch2001 collected $53.50 from pot
*** SUMMARY ***
Total pot $54 | Rake $0.50
Board [9h Kd Jh 6c Qc]
Seat 1: partyalex92 (button) (small blind) mucked
Seat 2: josch2001 (big blind) showed [7s Ks] and won ($53.50) with a pair of Kings


PokerStars Hand #146184719348:  Hold'em Limit ($3/$6 USD) - 2015/12/30 14:24:08 ET
Table 'Vibeke II' 2-max Seat #1 is the button
Seat 1: partyalex92 ($9.58 in chips)
Seat 2: josch2001 ($191.85 in chips)
partyalex92: posts small blind $1
josch2001: posts big blind $3
*** HOLE CARDS ***
partyalex92: folds
Uncalled bet ($2) returned to josch2001
josch2001 collected $2 from pot
josch2001: doesn't show hand
*** SUMMARY ***
Total pot $2 | Rake $0
Seat 1: partyalex92 (button) (small blind) folded before Flop
Seat 2: josch2001 (big blind) collected ($2)


PokerStars Hand #146184709525:  Hold'em Limit ($3/$6 USD) - 2015/12/30 14:23:58 ET
Table 'Vibeke II' 2-max Seat #2 is the button
Seat 1: partyalex92 ($12.58 in chips)
Seat 2: josch2001 ($188.85 in chips)
josch2001: posts small blind $1
partyalex92: posts big blind $3
*** HOLE CARDS ***
josch2001: raises $3 to $6
partyalex92: folds
Uncalled bet ($3) returned to josch2001
josch2001 collected $6 from pot
josch2001: doesn't show hand
*** SUMMARY ***
Total pot $6 | Rake $0
Seat 1: partyalex92 (big blind) folded before Flop
Seat 2: josch2001 (button) (small blind) collected ($6)


PokerStars Hand #146184695445:  Hold'em Limit ($3/$6 USD) - 2015/12/30 14:23:44 ET
Table 'Vibeke II' 2-max Seat #1 is the button
Seat 1: partyalex92 ($6.42 in chips)
Seat 2: josch2001 ($195.27 in chips)
partyalex92: posts small blind $1
josch2001: posts big blind $3
*** HOLE CARDS ***
partyalex92: raises $3 to $6
josch2001: raises $3 to $9
partyalex92: calls $0.42 and is all-in
Uncalled bet ($2.58) returned to josch2001
*** FLOP *** [As 5d 3h]
*** TURN *** [As 5d 3h] [Ad]
*** RIVER *** [As 5d 3h Ad] [9d]
*** SHOW DOWN ***
josch2001: shows [4h Ts] (a pair of Aces)
partyalex92: shows [Tc Ks] (a pair of Aces - King kicker)
partyalex92 collected $12.58 from pot
*** SUMMARY ***
Total pot $12.84 | Rake $0.26
Board [As 5d 3h Ad 9d]
Seat 1: partyalex92 (button) (small blind) showed [Tc Ks] and won ($12.58) with a pair of Aces
Seat 2: josch2001 (big blind) showed [4h Ts] and lost with a pair of Aces


PokerStars Hand #146184723953:  Hold'em Limit ($3/$6 USD) - 2015/12/30 14:24:13 ET
Table 'Vibeke II' 2-max Seat #2 is the button
Seat 1: partyalex92 ($8.58 in chips)
Seat 2: josch2001 ($192.85 in chips)
josch2001: posts small blind $1
partyalex92: posts big blind $3
*** HOLE CARDS ***
josch2001: raises $3 to $6
partyalex92: raises $2.58 to $8.58 and is all-in
josch2001: calls $2.58
*** FLOP *** [3h Jc 9s]
*** TURN *** [3h Jc 9s] [8s]
*** RIVER *** [3h Jc 9s 8s] [7d]
*** SHOW DOWN ***
partyalex92: shows [As Ah] (a pair of Aces)
josch2001: shows [Qh Tc] (a straight, Eight to Queen)
josch2001 collected $16.82 from pot
*** SUMMARY ***
Total pot $17.16 | Rake $0.34
Board [3h Jc 9s 8s 7d]
Seat 1: partyalex92 (big blind) showed [As Ah] and lost with a pair of Aces
Seat 2: josch2001 (button) (small blind) showed [Qh Tc] and won ($16.82) with a straight, Eight to Queen


