PokerStars Hand #153909472963:  Hold'em Limit ($3/$6 USD) - 2016/05/27 9:50:28 ET
Table 'Vibilia II' 6-max Seat #3 is the button
Seat 3: partyalex92 ($109.72 in chips)
Seat 4: TbIP-TbIP 88 ($72 in chips)
partyalex92: posts small blind $1
TbIP-TbIP 88: posts big blind $3
*** HOLE CARDS ***
partyalex92: calls $2
TbIP-TbIP 88: checks
*** FLOP *** [2c 3c 3h]
TbIP-TbIP 88: checks
partyalex92: bets $3
Ale4o joins the table at seat #5
TbIP-TbIP 88: folds
Uncalled bet ($3) returned to partyalex92
partyalex92 collected $5.88 from pot
*** SUMMARY ***
Total pot $6 | Rake $0.12
Board [2c 3c 3h]
Seat 3: partyalex92 (button) (small blind) collected ($5.88)
Seat 4: TbIP-TbIP 88 (big blind) folded on the Flop


PokerStars Hand #153909638190:  Hold'em Limit ($3/$6 USD) - 2016/05/27 9:55:34 ET
Table 'Vibilia II' 6-max Seat #3 is the button
Seat 3: partyalex92 ($22.31 in chips)
Seat 5: Ale4o ($242.78 in chips)
partyalex92: posts small blind $1
Ale4o: posts big blind $3
*** HOLE CARDS ***
partyalex92: calls $2
Ale4o: checks
*** FLOP *** [Qd Qh 7c]
Ale4o: checks
partyalex92: checks
*** TURN *** [Qd Qh 7c] [4h]
Ale4o: checks
partyalex92: bets $6
Ale4o: folds
Uncalled bet ($6) returned to partyalex92
partyalex92 collected $5.88 from pot
*** SUMMARY ***
Total pot $6 | Rake $0.12
Board [Qd Qh 7c 4h]
Seat 3: partyalex92 (button) (small blind) collected ($5.88)
Seat 5: Ale4o (big blind) folded on the Turn


PokerStars Hand #153909634295:  Hold'em Limit ($3/$6 USD) - 2016/05/27 9:55:25 ET
Table 'Vibilia II' 6-max Seat #5 is the button
Seat 3: partyalex92 ($28.31 in chips)
Seat 5: Ale4o ($237.02 in chips)
Ale4o: posts small blind $1
partyalex92: posts big blind $3
*** HOLE CARDS ***
Ale4o: raises $3 to $6
partyalex92: calls $3
*** FLOP *** [3c 5d Qh]
partyalex92: checks
Ale4o: bets $3
partyalex92: folds
Uncalled bet ($3) returned to Ale4o
Ale4o collected $11.76 from pot
Ale4o: doesn't show hand
*** SUMMARY ***
Total pot $12 | Rake $0.24
Board [3c 5d Qh]
Seat 3: partyalex92 (big blind) folded on the Flop
Seat 5: Ale4o (button) (small blind) collected ($11.76)


PokerStars Hand #153909632055:  Hold'em Limit ($3/$6 USD) - 2016/05/27 9:55:21 ET
Table 'Vibilia II' 6-max Seat #3 is the button
Seat 3: partyalex92 ($29.31 in chips)
Seat 5: Ale4o ($236.02 in chips)
partyalex92: posts small blind $1
TbIP-TbIP 88: is sitting out
Ale4o: posts big blind $3
*** HOLE CARDS ***
partyalex92: folds
Uncalled bet ($2) returned to Ale4o
Ale4o collected $2 from pot
Ale4o: doesn't show hand
*** SUMMARY ***
Total pot $2 | Rake $0
Seat 3: partyalex92 (button) (small blind) folded before Flop
Seat 5: Ale4o (big blind) collected ($2)


PokerStars Hand #153909675890:  Hold'em Limit ($3/$6 USD) - 2016/05/27 9:56:53 ET
Table 'Vibilia II' 6-max Seat #5 is the button
Seat 3: partyalex92 ($26.89 in chips)
Seat 5: Ale4o ($237.11 in chips)
Ale4o: posts small blind $1
partyalex92: posts big blind $3
*** HOLE CARDS ***
Ale4o: raises $3 to $6
partyalex92: folds
Uncalled bet ($3) returned to Ale4o
Ale4o collected $6 from pot
Ale4o: doesn't show hand
*** SUMMARY ***
Total pot $6 | Rake $0
Seat 3: partyalex92 (big blind) folded before Flop
Seat 5: Ale4o (button) (small blind) collected ($6)


PokerStars Hand #153909672945:  Hold'em Limit ($3/$6 USD) - 2016/05/27 9:56:47 ET
Table 'Vibilia II' 6-max Seat #3 is the button
Seat 3: partyalex92 ($23.89 in chips)
Seat 5: Ale4o ($240.11 in chips)
partyalex92: posts small blind $1
Ale4o: posts big blind $3
*** HOLE CARDS ***
partyalex92: raises $3 to $6
Ale4o: folds
Uncalled bet ($3) returned to partyalex92
partyalex92 collected $6 from pot
*** SUMMARY ***
Total pot $6 | Rake $0
Seat 3: partyalex92 (button) (small blind) collected ($6)
Seat 5: Ale4o (big blind) folded before Flop


PokerStars Hand #153909664618:  Hold'em Limit ($3/$6 USD) - 2016/05/27 9:56:30 ET
Table 'Vibilia II' 6-max Seat #5 is the button
Seat 3: partyalex92 ($12.19 in chips)
Seat 5: Ale4o ($252.30 in chips)
Ale4o: posts small blind $1
partyalex92: posts big blind $3
*** HOLE CARDS ***
Ale4o: raises $3 to $6
partyalex92: calls $3
*** FLOP *** [6s Ts Td]
partyalex92: checks
Ale4o: bets $3
partyalex92: calls $3
*** TURN *** [6s Ts Td] [7d]
partyalex92: checks
Ale4o: bets $6
partyalex92: calls $3.19 and is all-in
Uncalled bet ($2.81) returned to Ale4o
*** RIVER *** [6s Ts Td 7d] [Kh]
*** SHOW DOWN ***
partyalex92: shows [8s 7s] (two pair, Tens and Sevens)
Ale4o: mucks hand
partyalex92 collected $23.89 from pot
*** SUMMARY ***
Total pot $24.38 | Rake $0.49
Board [6s Ts Td 7d Kh]
Seat 3: partyalex92 (big blind) showed [8s 7s] and won ($23.89) with two pair, Tens and Sevens
Seat 5: Ale4o (button) (small blind) mucked


PokerStars Hand #153909662545:  Hold'em Limit ($3/$6 USD) - 2016/05/27 9:56:25 ET
Table 'Vibilia II' 6-max Seat #3 is the button
Seat 3: partyalex92 ($13.19 in chips)
Seat 5: Ale4o ($251.30 in chips)
partyalex92: posts small blind $1
Ale4o: posts big blind $3
*** HOLE CARDS ***
partyalex92: folds
Uncalled bet ($2) returned to Ale4o
Ale4o collected $2 from pot
Ale4o: doesn't show hand
*** SUMMARY ***
Total pot $2 | Rake $0
Seat 3: partyalex92 (button) (small blind) folded before Flop
Seat 5: Ale4o (big blind) collected ($2)


PokerStars Hand #153909658658:  Hold'em Limit ($3/$6 USD) - 2016/05/27 9:56:17 ET
Table 'Vibilia II' 6-max Seat #5 is the button
Seat 3: partyalex92 ($12.19 in chips)
Seat 5: Ale4o ($252.30 in chips)
Ale4o: posts small blind $1
partyalex92: posts big blind $3
*** HOLE CARDS ***
Ale4o: folds
Uncalled bet ($2) returned to partyalex92
partyalex92 collected $2 from pot
*** SUMMARY ***
Total pot $2 | Rake $0
Seat 3: partyalex92 (big blind) collected ($2)
Seat 5: Ale4o (button) (small blind) folded before Flop


PokerStars Hand #153909656632:  Hold'em Limit ($3/$6 USD) - 2016/05/27 9:56:13 ET
Table 'Vibilia II' 6-max Seat #3 is the button
Seat 3: partyalex92 ($13.19 in chips)
Seat 5: Ale4o ($251.30 in chips)
partyalex92: posts small blind $1
Ale4o: posts big blind $3
*** HOLE CARDS ***
partyalex92: folds
Uncalled bet ($2) returned to Ale4o
Ale4o collected $2 from pot
Ale4o: doesn't show hand
*** SUMMARY ***
Total pot $2 | Rake $0
Seat 3: partyalex92 (button) (small blind) folded before Flop
Seat 5: Ale4o (big blind) collected ($2)


PokerStars Hand #153909646150:  Hold'em Limit ($3/$6 USD) - 2016/05/27 9:55:51 ET
Table 'Vibilia II' 6-max Seat #5 is the button
Seat 3: partyalex92 ($25.19 in chips)
Seat 5: Ale4o ($239.78 in chips)
Ale4o: posts small blind $1
partyalex92: posts big blind $3
*** HOLE CARDS ***
Ale4o: raises $3 to $6
partyalex92: calls $3
*** FLOP *** [4c 8d 5c]
partyalex92: bets $3
Ale4o: raises $3 to $6
partyalex92: calls $3
*** TURN *** [4c 8d 5c] [7c]
partyalex92: checks
Ale4o: checks
*** RIVER *** [4c 8d 5c 7c] [3s]
partyalex92: checks
TbIP-TbIP 88 leaves the table
Ale4o: checks
*** SHOW DOWN ***
partyalex92: shows [7h Kd] (a pair of Sevens)
Ale4o: shows [8s Jc] (a pair of Eights)
Ale4o collected $23.52 from pot
*** SUMMARY ***
Total pot $24 | Rake $0.48
Board [4c 8d 5c 7c 3s]
Seat 3: partyalex92 (big blind) showed [7h Kd] and lost with a pair of Sevens
Seat 5: Ale4o (button) (small blind) showed [8s Jc] and won ($23.52) with a pair of Eights


PokerStars Hand #153909709195:  Hold'em Limit ($3/$6 USD) - 2016/05/27 9:58:03 ET
Table 'Vibilia II' 6-max Seat #3 is the button
Seat 3: partyalex92 ($17.07 in chips)
Seat 5: Ale4o ($245.62 in chips)
partyalex92: posts small blind $1
Ale4o: posts big blind $3
*** HOLE CARDS ***
partyalex92: folds
Uncalled bet ($2) returned to Ale4o
Ale4o collected $2 from pot
Ale4o: doesn't show hand
*** SUMMARY ***
Total pot $2 | Rake $0
Seat 3: partyalex92 (button) (small blind) folded before Flop
Seat 5: Ale4o (big blind) collected ($2)


PokerStars Hand #153909702253:  Hold'em Limit ($3/$6 USD) - 2016/05/27 9:57:49 ET
Table 'Vibilia II' 6-max Seat #5 is the button
Seat 3: partyalex92 ($8.71 in chips)
Seat 5: Ale4o ($254.33 in chips)
Ale4o: posts small blind $1
partyalex92: posts big blind $3
*** HOLE CARDS ***
Ale4o: raises $3 to $6
partyalex92: calls $3
*** FLOP *** [2s 8c Jh]
partyalex92: bets $2.71 and is all-in
Ale4o: calls $2.71
*** TURN *** [2s 8c Jh] [5c]
*** RIVER *** [2s 8c Jh 5c] [Kh]
*** SHOW DOWN ***
partyalex92: shows [Jc 8s] (two pair, Jacks and Eights)
Ale4o: mucks hand
partyalex92 collected $17.07 from pot
*** SUMMARY ***
Total pot $17.42 | Rake $0.35
Board [2s 8c Jh 5c Kh]
Seat 3: partyalex92 (big blind) showed [Jc 8s] and won ($17.07) with two pair, Jacks and Eights
Seat 5: Ale4o (button) (small blind) mucked


PokerStars Hand #153909696558:  Hold'em Limit ($3/$6 USD) - 2016/05/27 9:57:37 ET
Table 'Vibilia II' 6-max Seat #3 is the button
Seat 3: partyalex92 ($8.89 in chips)
Seat 5: Ale4o ($254.51 in chips)
partyalex92: posts small blind $1
Ale4o: posts big blind $3
*** HOLE CARDS ***
partyalex92: raises $3 to $6
Ale4o: raises $3 to $9
partyalex92: calls $2.89 and is all-in
Uncalled bet ($0.11) returned to Ale4o
*** FLOP *** [Th 7d Jd]
*** TURN *** [Th 7d Jd] [6c]
*** RIVER *** [Th 7d Jd 6c] [6d]
*** SHOW DOWN ***
Ale4o: shows [Ks 4d] (a pair of Sixes)
partyalex92: shows [Kh 2c] (a pair of Sixes)
Ale4o collected $8.71 from pot
partyalex92 collected $8.71 from pot
*** SUMMARY ***
Total pot $17.78 | Rake $0.36
Board [Th 7d Jd 6c 6d]
Seat 3: partyalex92 (button) (small blind) showed [Kh 2c] and won ($8.71) with a pair of Sixes
Seat 5: Ale4o (big blind) showed [Ks 4d] and won ($8.71) with a pair of Sixes


PokerStars Hand #153909687051:  Hold'em Limit ($3/$6 USD) - 2016/05/27 9:57:17 ET
Table 'Vibilia II' 6-max Seat #5 is the button
Seat 3: partyalex92 ($14.89 in chips)
Seat 5: Ale4o ($248.75 in chips)
Ale4o: posts small blind $1
partyalex92: posts big blind $3
*** HOLE CARDS ***
Ale4o: raises $3 to $6
partyalex92: calls $3
*** FLOP *** [3h Kd 8d]
partyalex92: checks
Ale4o: checks
*** TURN *** [3h Kd 8d] [4c]
partyalex92: checks
Ale4o: bets $6
partyalex92: folds
Uncalled bet ($6) returned to Ale4o
Ale4o collected $11.76 from pot
Ale4o: doesn't show hand
*** SUMMARY ***
Total pot $12 | Rake $0.24
Board [3h Kd 8d 4c]
Seat 3: partyalex92 (big blind) folded on the Turn
Seat 5: Ale4o (button) (small blind) collected ($11.76)


PokerStars Hand #153909678678:  Hold'em Limit ($3/$6 USD) - 2016/05/27 9:56:59 ET
Table 'Vibilia II' 6-max Seat #3 is the button
Seat 3: partyalex92 ($23.89 in chips)
Seat 5: Ale4o ($240.11 in chips)
partyalex92: posts small blind $1
Ale4o: posts big blind $3
*** HOLE CARDS ***
partyalex92: raises $3 to $6
Ale4o: raises $3 to $9
partyalex92: calls $3
*** FLOP *** [8h 3s Qh]
Ale4o: bets $3
partyalex92: folds
Uncalled bet ($3) returned to Ale4o
Ale4o collected $17.64 from pot
Ale4o: doesn't show hand
*** SUMMARY ***
Total pot $18 | Rake $0.36
Board [8h 3s Qh]
Seat 3: partyalex92 (button) (small blind) folded on the Flop
Seat 5: Ale4o (big blind) collected ($17.64)


PokerStars Hand #153909735120:  Hold'em Limit ($3/$6 USD) - 2016/05/27 9:58:58 ET
Table 'Vibilia II' 6-max Seat #5 is the button
Seat 3: partyalex92 ($33.35 in chips)
Seat 5: Ale4o ($228.62 in chips)
Ale4o: posts small blind $1
partyalex92: posts big blind $3
*** HOLE CARDS ***
Ale4o: raises $3 to $6
partyalex92: calls $3
*** FLOP *** [5d 2h 3s]
partyalex92: bets $3
Ale4o: folds
Uncalled bet ($3) returned to partyalex92
partyalex92 collected $11.76 from pot
*** SUMMARY ***
Total pot $12 | Rake $0.24
Board [5d 2h 3s]
Seat 3: partyalex92 (big blind) collected ($11.76)
Seat 5: Ale4o (button) (small blind) folded on the Flop


PokerStars Hand #153909727762:  Hold'em Limit ($3/$6 USD) - 2016/05/27 9:58:43 ET
Table 'Vibilia II' 6-max Seat #3 is the button
Seat 3: partyalex92 ($24.71 in chips)
Seat 5: Ale4o ($237.62 in chips)
partyalex92: posts small blind $1
Ale4o: posts big blind $3
*** HOLE CARDS ***
partyalex92: calls $2
Ale4o: checks
*** FLOP *** [5s 4d 9h]
Ale4o: checks
partyalex92: checks
*** TURN *** [5s 4d 9h] [Td]
Ale4o: checks
partyalex92: checks
*** RIVER *** [5s 4d 9h Td] [Jh]
Ale4o: checks
partyalex92: bets $6
Ale4o: calls $6
*** SHOW DOWN ***
partyalex92: shows [Kd Jc] (a pair of Jacks)
Ale4o: mucks hand
partyalex92 collected $17.64 from pot
*** SUMMARY ***
Total pot $18 | Rake $0.36
Board [5s 4d 9h Td Jh]
Seat 3: partyalex92 (button) (small blind) showed [Kd Jc] and won ($17.64) with a pair of Jacks
Seat 5: Ale4o (big blind) mucked


PokerStars Hand #153909725941:  Hold'em Limit ($3/$6 USD) - 2016/05/27 9:58:39 ET
Table 'Vibilia II' 6-max Seat #5 is the button
Seat 3: partyalex92 ($23.71 in chips)
Seat 5: Ale4o ($238.62 in chips)
Ale4o: posts small blind $1
partyalex92: posts big blind $3
*** HOLE CARDS ***
Ale4o: folds
Uncalled bet ($2) returned to partyalex92
partyalex92 collected $2 from pot
*** SUMMARY ***
Total pot $2 | Rake $0
Seat 3: partyalex92 (big blind) collected ($2)
Seat 5: Ale4o (button) (small blind) folded before Flop


PokerStars Hand #153909723446:  Hold'em Limit ($3/$6 USD) - 2016/05/27 9:58:33 ET
Table 'Vibilia II' 6-max Seat #3 is the button
Seat 3: partyalex92 ($24.71 in chips)
Seat 5: Ale4o ($237.62 in chips)
partyalex92: posts small blind $1
Ale4o: posts big blind $3
*** HOLE CARDS ***
partyalex92: folds
Uncalled bet ($2) returned to Ale4o
Ale4o collected $2 from pot
Ale4o: doesn't show hand
*** SUMMARY ***
Total pot $2 | Rake $0
Seat 3: partyalex92 (button) (small blind) folded before Flop
Seat 5: Ale4o (big blind) collected ($2)


PokerStars Hand #153909721510:  Hold'em Limit ($3/$6 USD) - 2016/05/27 9:58:29 ET
Table 'Vibilia II' 6-max Seat #5 is the button
Seat 3: partyalex92 ($23.71 in chips)
Seat 5: Ale4o ($238.62 in chips)
Ale4o: posts small blind $1
partyalex92: posts big blind $3
*** HOLE CARDS ***
Ale4o: folds
Uncalled bet ($2) returned to partyalex92
partyalex92 collected $2 from pot
*** SUMMARY ***
Total pot $2 | Rake $0
Seat 3: partyalex92 (big blind) collected ($2)
Seat 5: Ale4o (button) (small blind) folded before Flop


PokerStars Hand #153909719550:  Hold'em Limit ($3/$6 USD) - 2016/05/27 9:58:25 ET
Table 'Vibilia II' 6-max Seat #3 is the button
Seat 3: partyalex92 ($24.71 in chips)
Seat 5: Ale4o ($237.62 in chips)
partyalex92: posts small blind $1
Ale4o: posts big blind $3
*** HOLE CARDS ***
partyalex92: folds
Uncalled bet ($2) returned to Ale4o
Ale4o collected $2 from pot
Ale4o: doesn't show hand
*** SUMMARY ***
Total pot $2 | Rake $0
Seat 3: partyalex92 (button) (small blind) folded before Flop
Seat 5: Ale4o (big blind) collected ($2)


PokerStars Hand #153909711192:  Hold'em Limit ($3/$6 USD) - 2016/05/27 9:58:07 ET
Table 'Vibilia II' 6-max Seat #5 is the button
Seat 3: partyalex92 ($16.07 in chips)
Seat 5: Ale4o ($246.62 in chips)
Ale4o: posts small blind $1
partyalex92: posts big blind $3
*** HOLE CARDS ***
Ale4o: raises $3 to $6
partyalex92: calls $3
*** FLOP *** [Kd 7c 9d]
partyalex92: bets $3
Ale4o: calls $3
*** TURN *** [Kd 7c 9d] [3s]
partyalex92: bets $6
Ale4o: folds
Uncalled bet ($6) returned to partyalex92
partyalex92 collected $17.64 from pot
*** SUMMARY ***
Total pot $18 | Rake $0.36
Board [Kd 7c 9d 3s]
Seat 3: partyalex92 (big blind) collected ($17.64)
Seat 5: Ale4o (button) (small blind) folded on the Turn


PokerStars Hand #153909766583:  Hold'em Limit ($3/$6 USD) - 2016/05/27 10:00:04 ET
Table 'Vibilia II' 6-max Seat #5 is the button
Seat 3: partyalex92 ($13.11 in chips)
Seat 5: Ale4o ($247.78 in chips)
Ale4o: posts small blind $1
partyalex92: posts big blind $3
*** HOLE CARDS ***
Ale4o: raises $3 to $6
partyalex92: folds
Uncalled bet ($3) returned to Ale4o
Ale4o collected $6 from pot
Ale4o: doesn't show hand
*** SUMMARY ***
Total pot $6 | Rake $0
Seat 3: partyalex92 (big blind) folded before Flop
Seat 5: Ale4o (button) (small blind) collected ($6)


PokerStars Hand #153909764318:  Hold'em Limit ($3/$6 USD) - 2016/05/27 9:59:59 ET
Table 'Vibilia II' 6-max Seat #3 is the button
Seat 3: partyalex92 ($14.11 in chips)
Seat 5: Ale4o ($246.78 in chips)
partyalex92: posts small blind $1
Ale4o: posts big blind $3
*** HOLE CARDS ***
partyalex92: folds
Uncalled bet ($2) returned to Ale4o
Ale4o collected $2 from pot
Ale4o: doesn't show hand
*** SUMMARY ***
Total pot $2 | Rake $0
Seat 3: partyalex92 (button) (small blind) folded before Flop
Seat 5: Ale4o (big blind) collected ($2)


PokerStars Hand #153909762578:  Hold'em Limit ($3/$6 USD) - 2016/05/27 9:59:55 ET
Table 'Vibilia II' 6-max Seat #5 is the button
Seat 3: partyalex92 ($13.11 in chips)
Seat 5: Ale4o ($247.78 in chips)
Ale4o: posts small blind $1
partyalex92: posts big blind $3
*** HOLE CARDS ***
Ale4o: folds
Uncalled bet ($2) returned to partyalex92
partyalex92 collected $2 from pot
*** SUMMARY ***
Total pot $2 | Rake $0
Seat 3: partyalex92 (big blind) collected ($2)
Seat 5: Ale4o (button) (small blind) folded before Flop


PokerStars Hand #153909753833:  Hold'em Limit ($3/$6 USD) - 2016/05/27 9:59:37 ET
Table 'Vibilia II' 6-max Seat #3 is the button
Seat 3: partyalex92 ($25.11 in chips)
Seat 5: Ale4o ($236.26 in chips)
partyalex92: posts small blind $1
Ale4o: posts big blind $3
*** HOLE CARDS ***
partyalex92: calls $2
Ale4o: raises $3 to $6
partyalex92: calls $3
*** FLOP *** [Qc Tc 9c]
Ale4o: checks
partyalex92: checks
*** TURN *** [Qc Tc 9c] [Ts]
Ale4o: checks
partyalex92: checks
*** RIVER *** [Qc Tc 9c Ts] [7h]
Ale4o: checks
partyalex92: bets $6
Ale4o: calls $6
*** SHOW DOWN ***
partyalex92: shows [8s Ac] (a pair of Tens)
Ale4o: shows [6s 7s] (two pair, Tens and Sevens)
Ale4o collected $23.52 from pot
*** SUMMARY ***
Total pot $24 | Rake $0.48
Board [Qc Tc 9c Ts 7h]
Seat 3: partyalex92 (button) (small blind) showed [8s Ac] and lost with a pair of Tens
Seat 5: Ale4o (big blind) showed [6s 7s] and won ($23.52) with two pair, Tens and Sevens


PokerStars Hand #153909751752:  Hold'em Limit ($3/$6 USD) - 2016/05/27 9:59:33 ET
Table 'Vibilia II' 6-max Seat #5 is the button
Seat 3: partyalex92 ($28.11 in chips)
Seat 5: Ale4o ($233.26 in chips)
Ale4o: posts small blind $1
partyalex92: posts big blind $3
*** HOLE CARDS ***
Ale4o: raises $3 to $6
partyalex92: folds
Uncalled bet ($3) returned to Ale4o
Ale4o collected $6 from pot
Ale4o: doesn't show hand
*** SUMMARY ***
Total pot $6 | Rake $0
Seat 3: partyalex92 (big blind) folded before Flop
Seat 5: Ale4o (button) (small blind) collected ($6)


PokerStars Hand #153909749762:  Hold'em Limit ($3/$6 USD) - 2016/05/27 9:59:28 ET
Table 'Vibilia II' 6-max Seat #3 is the button
Seat 3: partyalex92 ($29.11 in chips)
Seat 5: Ale4o ($232.26 in chips)
partyalex92: posts small blind $1
Ale4o: posts big blind $3
*** HOLE CARDS ***
partyalex92: folds
Uncalled bet ($2) returned to Ale4o
Ale4o collected $2 from pot
Ale4o: doesn't show hand
*** SUMMARY ***
Total pot $2 | Rake $0
Seat 3: partyalex92 (button) (small blind) folded before Flop
Seat 5: Ale4o (big blind) collected ($2)


PokerStars Hand #153909742254:  Hold'em Limit ($3/$6 USD) - 2016/05/27 9:59:13 ET
Table 'Vibilia II' 6-max Seat #5 is the button
Seat 3: partyalex92 ($38.11 in chips)
Seat 5: Ale4o ($223.62 in chips)
Ale4o: posts small blind $1
partyalex92: posts big blind $3
*** HOLE CARDS ***
Ale4o: raises $3 to $6
partyalex92: calls $3
*** FLOP *** [2d Js 9d]
partyalex92: checks
Ale4o: bets $3
partyalex92: calls $3
*** TURN *** [2d Js 9d] [8c]
partyalex92: checks
Ale4o: checks
*** RIVER *** [2d Js 9d 8c] [As]
partyalex92: checks
Ale4o: checks
*** SHOW DOWN ***
partyalex92: shows [Ks 4s] (high card Ace)
Ale4o: shows [5s 2s] (a pair of Deuces)
Ale4o collected $17.64 from pot
*** SUMMARY ***
Total pot $18 | Rake $0.36
Board [2d Js 9d 8c As]
Seat 3: partyalex92 (big blind) showed [Ks 4s] and lost with high card Ace
Seat 5: Ale4o (button) (small blind) showed [5s 2s] and won ($17.64) with a pair of Deuces


PokerStars Hand #153909739812:  Hold'em Limit ($3/$6 USD) - 2016/05/27 9:59:08 ET
Table 'Vibilia II' 6-max Seat #3 is the button
Seat 3: partyalex92 ($39.11 in chips)
Seat 5: Ale4o ($222.62 in chips)
partyalex92: posts small blind $1
Ale4o: posts big blind $3
*** HOLE CARDS ***
partyalex92: folds
Uncalled bet ($2) returned to Ale4o
Ale4o collected $2 from pot
Ale4o: doesn't show hand
*** SUMMARY ***
Total pot $2 | Rake $0
Seat 3: partyalex92 (button) (small blind) folded before Flop
Seat 5: Ale4o (big blind) collected ($2)


PokerStars Hand #153909788896:  Hold'em Limit ($3/$6 USD) - 2016/05/27 10:00:48 ET
Table 'Vibilia II' 6-max Seat #3 is the button
Seat 3: partyalex92 ($20.75 in chips)
Seat 5: Ale4o ($239.78 in chips)
partyalex92: posts small blind $1
Ale4o: posts big blind $3
*** HOLE CARDS ***
partyalex92: folds
Uncalled bet ($2) returned to Ale4o
Ale4o collected $2 from pot
Ale4o: doesn't show hand
*** SUMMARY ***
Total pot $2 | Rake $0
Seat 3: partyalex92 (button) (small blind) folded before Flop
Seat 5: Ale4o (big blind) collected ($2)


PokerStars Hand #153909785493:  Hold'em Limit ($3/$6 USD) - 2016/05/27 10:00:41 ET
Table 'Vibilia II' 6-max Seat #5 is the button
Seat 3: partyalex92 ($19.75 in chips)
Seat 5: Ale4o ($240.78 in chips)
Ale4o: posts small blind $1
partyalex92: posts big blind $3
*** HOLE CARDS ***
Ale4o: folds
Uncalled bet ($2) returned to partyalex92
partyalex92 collected $2 from pot
*** SUMMARY ***
Total pot $2 | Rake $0
Seat 3: partyalex92 (big blind) collected ($2)
Seat 5: Ale4o (button) (small blind) folded before Flop


PokerStars Hand #153909778483:  Hold'em Limit ($3/$6 USD) - 2016/05/27 10:00:28 ET
Table 'Vibilia II' 6-max Seat #3 is the button
Seat 3: partyalex92 ($16.87 in chips)
Seat 5: Ale4o ($243.78 in chips)
partyalex92: posts small blind $1
Ale4o: posts big blind $3
*** HOLE CARDS ***
partyalex92: calls $2
Ale4o: checks
*** FLOP *** [Jh 4d Tc]
Ale4o: checks
partyalex92: checks
*** TURN *** [Jh 4d Tc] [6c]
Ale4o: checks
partyalex92: checks
*** RIVER *** [Jh 4d Tc 6c] [7h]
Ale4o: checks
partyalex92: checks
*** SHOW DOWN ***
Ale4o: shows [Qs 2d] (high card Queen)
partyalex92: shows [9c Kd] (high card King)
partyalex92 collected $5.88 from pot
*** SUMMARY ***
Total pot $6 | Rake $0.12
Board [Jh 4d Tc 6c 7h]
Seat 3: partyalex92 (button) (small blind) showed [9c Kd] and won ($5.88) with high card King
Seat 5: Ale4o (big blind) showed [Qs 2d] and lost with high card Queen


PokerStars Hand #153909775999:  Hold'em Limit ($3/$6 USD) - 2016/05/27 10:00:23 ET
Table 'Vibilia II' 6-max Seat #5 is the button
Seat 3: partyalex92 ($15.87 in chips)
Seat 5: Ale4o ($244.78 in chips)
Ale4o: posts small blind $1
partyalex92: posts big blind $3
*** HOLE CARDS ***
Ale4o: folds
Uncalled bet ($2) returned to partyalex92
partyalex92 collected $2 from pot
*** SUMMARY ***
Total pot $2 | Rake $0
Seat 3: partyalex92 (big blind) collected ($2)
Seat 5: Ale4o (button) (small blind) folded before Flop


PokerStars Hand #153909769055:  Hold'em Limit ($3/$6 USD) - 2016/05/27 10:00:08 ET
Table 'Vibilia II' 6-max Seat #3 is the button
Seat 3: partyalex92 ($10.11 in chips)
Seat 5: Ale4o ($250.78 in chips)
partyalex92: posts small blind $1
Ale4o: posts big blind $3
*** HOLE CARDS ***
partyalex92: raises $3 to $6
Ale4o: calls $3
*** FLOP *** [Tc 6h 8s]
Ale4o: checks
partyalex92: bets $3
Ale4o: folds
Uncalled bet ($3) returned to partyalex92
partyalex92 collected $11.76 from pot
*** SUMMARY ***
Total pot $12 | Rake $0.24
Board [Tc 6h 8s]
Seat 3: partyalex92 (button) (small blind) collected ($11.76)
Seat 5: Ale4o (big blind) folded on the Flop


PokerStars Hand #153909791378:  Hold'em Limit ($3/$6 USD) - 2016/05/27 10:00:53 ET
Table 'Vibilia II' 6-max Seat #5 is the button
Seat 3: partyalex92 ($19.75 in chips)
Seat 5: Ale4o ($240.78 in chips)
Ale4o: posts small blind $1
partyalex92: posts big blind $3
*** HOLE CARDS ***
Ale4o: raises $3 to $6
partyalex92: calls $3
*** FLOP *** [4c 5s 3d]
partyalex92: checks
Ale4o: bets $3
partyalex92: calls $3
*** TURN *** [4c 5s 3d] [6c]
partyalex92: checks
Ale4o: bets $6
partyalex92: calls $6
*** RIVER *** [4c 5s 3d 6c] [Ts]
partyalex92: checks
Ale4o: bets $6
partyalex92: calls $4.75 and is all-in
Uncalled bet ($1.25) returned to Ale4o
*** SHOW DOWN ***
Ale4o: shows [7h 6h] (a straight, Three to Seven)
partyalex92: mucks hand
Ale4o collected $39 from pot
*** SUMMARY ***
Total pot $39.50 | Rake $0.50
Board [4c 5s 3d 6c Ts]
Seat 3: partyalex92 (big blind) mucked
Seat 5: Ale4o (button) (small blind) showed [7h 6h] and won ($39) with a straight, Three to Seven


