PokerStars Hand #145805519394:  Hold'em Limit ($3/$6 USD) - 2015/12/23 14:19:54 ET
Table 'Vibilia III' 6-max Seat #3 is the button
Seat 2: Plot0077 ($30 in chips)
Seat 3: ChOfW ($66 in chips)
ChOfW: posts small blind $1
Azrarn: is sitting out
Plot0077: posts big blind $3
*** HOLE CARDS ***
Azrarn leaves the table
ChOfW: raises $3 to $6
Plot0077: calls $3
*** FLOP *** [Ks 5h Tc]
Plot0077: checks
ChOfW: bets $3
Plot0077: folds
Uncalled bet ($3) returned to ChOfW
ChOfW collected $11.76 from pot
ChOfW: doesn't show hand
*** SUMMARY ***
Total pot $12 | Rake $0.24
Board [Ks 5h Tc]
Seat 2: Plot0077 (big blind) folded on the Flop
Seat 3: ChOfW (button) (small blind) collected ($11.76)


PokerStars Hand #145805534578:  Hold'em Limit ($3/$6 USD) - 2015/12/23 14:20:10 ET
Table 'Vibilia III' 6-max Seat #2 is the button
Seat 2: Plot0077 ($24 in chips)
Seat 3: ChOfW ($71.76 in chips)
Plot0077: posts small blind $1
ChOfW: posts big blind $3
*** HOLE CARDS ***
Plot0077: raises $3 to $6
ChOfW: calls $3
*** FLOP *** [9s Ks 2d]
ChOfW: checks
Plot0077: bets $3
ChOfW: raises $3 to $6
Plot0077: folds
Uncalled bet ($3) returned to ChOfW
ChOfW collected $17.64 from pot
ChOfW: doesn't show hand
*** SUMMARY ***
Total pot $18 | Rake $0.36
Board [9s Ks 2d]
Seat 2: Plot0077 (button) (small blind) folded on the Flop
Seat 3: ChOfW (big blind) collected ($17.64)


PokerStars Hand #145805543760:  Hold'em Limit ($3/$6 USD) - 2015/12/23 14:20:20 ET
Table 'Vibilia III' 6-max Seat #3 is the button
Seat 2: Plot0077 ($15 in chips)
Seat 3: ChOfW ($80.40 in chips)
ChOfW: posts small blind $1
Plot0077: posts big blind $3
*** HOLE CARDS ***
ChOfW: raises $3 to $6
Plot0077: calls $3
*** FLOP *** [5h Ts 8s]
Plot0077: bets $3
ChOfW: calls $3
*** TURN *** [5h Ts 8s] [7c]
Plot0077: bets $6 and is all-in
ChOfW: calls $6
*** RIVER *** [5h Ts 8s 7c] [3c]
*** SHOW DOWN ***
Plot0077: shows [6d 9h] (a straight, Six to Ten)
ChOfW: shows [5c 8h] (two pair, Eights and Fives)
Plot0077 collected $29.50 from pot
*** SUMMARY ***
Total pot $30 | Rake $0.50
Board [5h Ts 8s 7c 3c]
Seat 2: Plot0077 (big blind) showed [6d 9h] and won ($29.50) with a straight, Six to Ten
Seat 3: ChOfW (button) (small blind) showed [5c 8h] and lost with two pair, Eights and Fives


PokerStars Hand #145805564258:  Hold'em Limit ($3/$6 USD) - 2015/12/23 14:20:41 ET
Table 'Vibilia III' 6-max Seat #3 is the button
Seat 2: Plot0077 ($46.50 in chips)
Seat 3: ChOfW ($67 in chips)
ChOfW: posts small blind $1
Plot0077: posts big blind $3
*** HOLE CARDS ***
ChOfW: raises $3 to $6
Plot0077: folds
Uncalled bet ($3) returned to ChOfW
ChOfW collected $6 from pot
ChOfW: doesn't show hand
*** SUMMARY ***
Total pot $6 | Rake $0
Seat 2: Plot0077 (big blind) folded before Flop
Seat 3: ChOfW (button) (small blind) collected ($6)


PokerStars Hand #145805559752:  Hold'em Limit ($3/$6 USD) - 2015/12/23 14:20:36 ET
Table 'Vibilia III' 6-max Seat #2 is the button
Seat 2: Plot0077 ($47.50 in chips)
Seat 3: ChOfW ($66 in chips)
Plot0077: posts small blind $1
ChOfW: posts big blind $3
*** HOLE CARDS ***
Plot0077: folds
Uncalled bet ($2) returned to ChOfW
ChOfW collected $2 from pot
ChOfW: doesn't show hand
*** SUMMARY ***
Total pot $2 | Rake $0
Seat 2: Plot0077 (button) (small blind) folded before Flop
Seat 3: ChOfW (big blind) collected ($2)


PokerStars Hand #145805570527:  Hold'em Limit ($3/$6 USD) - 2015/12/23 14:20:48 ET
Table 'Vibilia III' 6-max Seat #2 is the button
Seat 2: Plot0077 ($43.50 in chips)
Seat 3: ChOfW ($70 in chips)
Plot0077: posts small blind $1
ChOfW: posts big blind $3
*** HOLE CARDS ***
Plot0077: raises $3 to $6
ChOfW: calls $3
*** FLOP *** [Th 3d 4h]
ChOfW: checks
Plot0077: bets $3
ChOfW: folds
Uncalled bet ($3) returned to Plot0077
Plot0077 collected $11.76 from pot
Plot0077: doesn't show hand
*** SUMMARY ***
Total pot $12 | Rake $0.24
Board [Th 3d 4h]
Seat 2: Plot0077 (button) (small blind) collected ($11.76)
Seat 3: ChOfW (big blind) folded on the Flop


PokerStars Hand #145805626326:  Hold'em Limit ($3/$6 USD) - 2015/12/23 14:21:46 ET
Table 'Vibilia III' 6-max Seat #3 is the button
Seat 2: Plot0077 ($69.30 in chips)
Seat 3: ChOfW ($66 in chips)
ChOfW: posts small blind $1
Plot0077: posts big blind $3
*** HOLE CARDS ***
ChOfW: raises $3 to $6
Plot0077: folds
Uncalled bet ($3) returned to ChOfW
ChOfW collected $6 from pot
ChOfW: doesn't show hand
*** SUMMARY ***
Total pot $6 | Rake $0
Seat 2: Plot0077 (big blind) folded before Flop
Seat 3: ChOfW (button) (small blind) collected ($6)


PokerStars Hand #145805613676:  Hold'em Limit ($3/$6 USD) - 2015/12/23 14:21:32 ET
Table 'Vibilia III' 6-max Seat #2 is the button
Seat 2: Plot0077 ($60.66 in chips)
Seat 3: ChOfW ($69 in chips)
Plot0077: posts small blind $1
ChOfW: posts big blind $3
*** HOLE CARDS ***
Plot0077: raises $3 to $6
ChOfW: calls $3
*** FLOP *** [Ah 4d 3s]
ChOfW: checks
Plot0077: bets $3
ChOfW: calls $3
*** TURN *** [Ah 4d 3s] [Jc]
ChOfW: checks
Plot0077: bets $6
ChOfW: folds
Uncalled bet ($6) returned to Plot0077
Plot0077 collected $17.64 from pot
Plot0077: doesn't show hand
*** SUMMARY ***
Total pot $18 | Rake $0.36
Board [Ah 4d 3s Jc]
Seat 2: Plot0077 (button) (small blind) collected ($17.64)
Seat 3: ChOfW (big blind) folded on the Turn


PokerStars Hand #145805607853:  Hold'em Limit ($3/$6 USD) - 2015/12/23 14:21:26 ET
Table 'Vibilia III' 6-max Seat #3 is the button
Seat 2: Plot0077 ($63.66 in chips)
Seat 3: ChOfW ($66 in chips)
ChOfW: posts small blind $1
Plot0077: posts big blind $3
*** HOLE CARDS ***
ChOfW: raises $3 to $6
Plot0077: folds
Uncalled bet ($3) returned to ChOfW
ChOfW collected $6 from pot
ChOfW: doesn't show hand
*** SUMMARY ***
Total pot $6 | Rake $0
Seat 2: Plot0077 (big blind) folded before Flop
Seat 3: ChOfW (button) (small blind) collected ($6)


PokerStars Hand #145805599718:  Hold'em Limit ($3/$6 USD) - 2015/12/23 14:21:18 ET
Table 'Vibilia III' 6-max Seat #2 is the button
Seat 2: Plot0077 ($57.90 in chips)
Seat 3: ChOfW ($66 in chips)
Plot0077: posts small blind $1
ChOfW: posts big blind $3
*** HOLE CARDS ***
Plot0077: raises $3 to $6
ChOfW: calls $3
*** FLOP *** [3h Ad 6d]
ChOfW: checks
Plot0077: bets $3
ChOfW: folds
Uncalled bet ($3) returned to Plot0077
Plot0077 collected $11.76 from pot
Plot0077: doesn't show hand
*** SUMMARY ***
Total pot $12 | Rake $0.24
Board [3h Ad 6d]
Seat 2: Plot0077 (button) (small blind) collected ($11.76)
Seat 3: ChOfW (big blind) folded on the Flop


PokerStars Hand #145805595685:  Hold'em Limit ($3/$6 USD) - 2015/12/23 14:21:14 ET
Table 'Vibilia III' 6-max Seat #3 is the button
Seat 2: Plot0077 ($56.90 in chips)
Seat 3: ChOfW ($67 in chips)
ChOfW: posts small blind $1
Plot0077: posts big blind $3
*** HOLE CARDS ***
ChOfW: folds
Uncalled bet ($2) returned to Plot0077
Plot0077 collected $2 from pot
Plot0077: doesn't show hand
*** SUMMARY ***
Total pot $2 | Rake $0
Seat 2: Plot0077 (big blind) collected ($2)
Seat 3: ChOfW (button) (small blind) folded before Flop


PokerStars Hand #145805591304:  Hold'em Limit ($3/$6 USD) - 2015/12/23 14:21:09 ET
Table 'Vibilia III' 6-max Seat #2 is the button
Seat 2: Plot0077 ($57.90 in chips)
Seat 3: ChOfW ($66 in chips)
Plot0077: posts small blind $1
ChOfW: posts big blind $3
*** HOLE CARDS ***
Plot0077: folds
Uncalled bet ($2) returned to ChOfW
ChOfW collected $2 from pot
ChOfW: doesn't show hand
*** SUMMARY ***
Total pot $2 | Rake $0
Seat 2: Plot0077 (button) (small blind) folded before Flop
Seat 3: ChOfW (big blind) collected ($2)


PokerStars Hand #145805578821:  Hold'em Limit ($3/$6 USD) - 2015/12/23 14:20:56 ET
Table 'Vibilia III' 6-max Seat #3 is the button
Seat 2: Plot0077 ($49.26 in chips)
Seat 3: ChOfW ($66 in chips)
ChOfW: posts small blind $1
Plot0077: posts big blind $3
*** HOLE CARDS ***
ChOfW: raises $3 to $6
Plot0077: calls $3
*** FLOP *** [4s Ah 5s]
Plot0077: checks
ChOfW: bets $3
Plot0077: raises $3 to $6
ChOfW: folds
Uncalled bet ($3) returned to Plot0077
Plot0077 collected $17.64 from pot
Plot0077: doesn't show hand
*** SUMMARY ***
Total pot $18 | Rake $0.36
Board [4s Ah 5s]
Seat 2: Plot0077 (big blind) collected ($17.64)
Seat 3: ChOfW (button) (small blind) folded on the Flop


PokerStars Hand #145805631328:  Hold'em Limit ($3/$6 USD) - 2015/12/23 14:21:51 ET
Table 'Vibilia III' 6-max Seat #2 is the button
Seat 2: Plot0077 ($66.30 in chips)
Seat 3: ChOfW ($69 in chips)
Plot0077: posts small blind $1
ChOfW: posts big blind $3
*** HOLE CARDS ***
Plot0077: raises $3 to $6
ChOfW: folds
Uncalled bet ($3) returned to Plot0077
Plot0077 collected $6 from pot
Plot0077: doesn't show hand
*** SUMMARY ***
Total pot $6 | Rake $0
Seat 2: Plot0077 (button) (small blind) collected ($6)
Seat 3: ChOfW (big blind) folded before Flop


PokerStars Hand #145805669391:  Hold'em Limit ($3/$6 USD) - 2015/12/23 14:22:31 ET
Table 'Vibilia III' 6-max Seat #2 is the button
Seat 2: Plot0077 ($51.06 in chips)
Seat 3: ChOfW ($83.50 in chips)
Plot0077: posts small blind $1
ChOfW: posts big blind $3
*** HOLE CARDS ***
Plot0077: raises $3 to $6
ChOfW: calls $3
*** FLOP *** [6d 2s Js]
ChOfW: checks
Plot0077: bets $3
ChOfW: raises $3 to $6
Plot0077: folds
Uncalled bet ($3) returned to ChOfW
ChOfW collected $17.64 from pot
ChOfW: doesn't show hand
*** SUMMARY ***
Total pot $18 | Rake $0.36
Board [6d 2s Js]
Seat 2: Plot0077 (button) (small blind) folded on the Flop
Seat 3: ChOfW (big blind) collected ($17.64)


PokerStars Hand #145805661453:  Hold'em Limit ($3/$6 USD) - 2015/12/23 14:22:22 ET
Table 'Vibilia III' 6-max Seat #3 is the button
Seat 2: Plot0077 ($54.06 in chips)
Seat 3: ChOfW ($80.50 in chips)
ChOfW: posts small blind $1
Plot0077: posts big blind $3
*** HOLE CARDS ***
Miele104 joins the table at seat #4
ChOfW: raises $3 to $6
Plot0077: folds
Uncalled bet ($3) returned to ChOfW
ChOfW collected $6 from pot
ChOfW: doesn't show hand
*** SUMMARY ***
Total pot $6 | Rake $0
Seat 2: Plot0077 (big blind) folded before Flop
Seat 3: ChOfW (button) (small blind) collected ($6)


PokerStars Hand #145805652821:  Hold'em Limit ($3/$6 USD) - 2015/12/23 14:22:13 ET
Table 'Vibilia III' 6-max Seat #2 is the button
Seat 2: Plot0077 ($48.30 in chips)
Seat 3: ChOfW ($86.50 in chips)
Plot0077: posts small blind $1
ChOfW: posts big blind $3
*** HOLE CARDS ***
Plot0077: raises $3 to $6
ChOfW: calls $3
*** FLOP *** [7s Js 4c]
ChOfW: checks
Plot0077: bets $3
ChOfW: folds
Uncalled bet ($3) returned to Plot0077
Plot0077 collected $11.76 from pot
Plot0077: doesn't show hand
*** SUMMARY ***
Total pot $12 | Rake $0.24
Board [7s Js 4c]
Seat 2: Plot0077 (button) (small blind) collected ($11.76)
Seat 3: ChOfW (big blind) folded on the Flop


PokerStars Hand #145805638352:  Hold'em Limit ($3/$6 USD) - 2015/12/23 14:21:58 ET
Table 'Vibilia III' 6-max Seat #3 is the button
Seat 2: Plot0077 ($69.30 in chips)
Seat 3: ChOfW ($66 in chips)
ChOfW: posts small blind $1
Plot0077: posts big blind $3
*** HOLE CARDS ***
ChOfW: raises $3 to $6
Plot0077: calls $3
*** FLOP *** [6s 5c 7c]
Plot0077: bets $3
ChOfW: calls $3
*** TURN *** [6s 5c 7c] [3d]
Plot0077: bets $6
ChOfW: calls $6
*** RIVER *** [6s 5c 7c 3d] [Jh]
Plot0077: bets $6
ChOfW: calls $6
*** SHOW DOWN ***
Plot0077: shows [8h 6h] (a pair of Sixes)
ChOfW: shows [7d Ks] (a pair of Sevens)
ChOfW collected $41.50 from pot
*** SUMMARY ***
Total pot $42 | Rake $0.50
Board [6s 5c 7c 3d Jh]
Seat 2: Plot0077 (big blind) showed [8h 6h] and lost with a pair of Sixes
Seat 3: ChOfW (button) (small blind) showed [7d Ks] and won ($41.50) with a pair of Sevens


PokerStars Hand #145805853609:  Hold'em Limit ($3/$6 USD) - 2015/12/23 14:25:43 ET
Table 'Vibilia III' 6-max Seat #2 is the button
Seat 2: Plot0077 ($50.17 in chips)
Seat 3: ChOfW ($106.83 in chips)
Plot0077: posts small blind $1
ChOfW: posts big blind $3
*** HOLE CARDS ***
Plot0077: raises $3 to $6
ChOfW: folds
Uncalled bet ($3) returned to Plot0077
Plot0077 collected $6 from pot
Plot0077: doesn't show hand
*** SUMMARY ***
Total pot $6 | Rake $0
Seat 2: Plot0077 (button) (small blind) collected ($6)
Seat 3: ChOfW (big blind) folded before Flop


PokerStars Hand #145805841779:  Hold'em Limit ($3/$6 USD) - 2015/12/23 14:25:31 ET
Table 'Vibilia III' 6-max Seat #3 is the button
Seat 2: Plot0077 ($56.17 in chips)
Seat 3: ChOfW ($101.07 in chips)
ChOfW: posts small blind $1
Plot0077: posts big blind $3
*** HOLE CARDS ***
ChOfW: raises $3 to $6
Plot0077: calls $3
*** FLOP *** [Js 3c 4s]
Plot0077: checks
ChOfW: bets $3
Plot0077: folds
Uncalled bet ($3) returned to ChOfW
ChOfW collected $11.76 from pot
ChOfW: doesn't show hand
*** SUMMARY ***
Total pot $12 | Rake $0.24
Board [Js 3c 4s]
Seat 2: Plot0077 (big blind) folded on the Flop
Seat 3: ChOfW (button) (small blind) collected ($11.76)


PokerStars Hand #145805809137:  Hold'em Limit ($3/$6 USD) - 2015/12/23 14:24:56 ET
Table 'Vibilia III' 6-max Seat #3 is the button
Seat 2: Plot0077 ($38.67 in chips)
Seat 3: ChOfW ($119.07 in chips)
ChOfW: posts small blind $1
SashaYuvelir: is sitting out
Plot0077: posts big blind $3
*** HOLE CARDS ***
SashaYuvelir leaves the table
ChOfW: raises $3 to $6
Plot0077: folds
Uncalled bet ($3) returned to ChOfW
ChOfW collected $6 from pot
*** SUMMARY ***
Total pot $6 | Rake $0
Seat 2: Plot0077 (big blind) folded before Flop
Seat 3: ChOfW (button) (small blind) collected ($6)


PokerStars Hand #145805874083:  Hold'em Limit ($3/$6 USD) - 2015/12/23 14:26:05 ET
Table 'Vibilia III' 6-max Seat #2 is the button
Seat 2: Plot0077 ($61.81 in chips)
Seat 3: ChOfW ($94.83 in chips)
Plot0077: posts small blind $1
ChOfW: posts big blind $3
*** HOLE CARDS ***
Plot0077: raises $3 to $6
ChOfW: calls $3
*** FLOP *** [7s Ac 2c]
ChOfW: checks
Plot0077: bets $3
ChOfW: folds
Uncalled bet ($3) returned to Plot0077
Plot0077 collected $11.76 from pot
Plot0077: doesn't show hand
*** SUMMARY ***
Total pot $12 | Rake $0.24
Board [7s Ac 2c]
Seat 2: Plot0077 (button) (small blind) collected ($11.76)
Seat 3: ChOfW (big blind) folded on the Flop


PokerStars Hand #145805860061:  Hold'em Limit ($3/$6 USD) - 2015/12/23 14:25:50 ET
Table 'Vibilia III' 6-max Seat #3 is the button
Seat 2: Plot0077 ($53.17 in chips)
Seat 3: ChOfW ($103.83 in chips)
ChOfW: posts small blind $1
Plot0077: posts big blind $3
*** HOLE CARDS ***
ChOfW: raises $3 to $6
Plot0077: calls $3
*** FLOP *** [8s 9h 9d]
Plot0077: checks
ChOfW: bets $3
Plot0077: calls $3
*** TURN *** [8s 9h 9d] [Js]
Plot0077: checks
ChOfW: checks
*** RIVER *** [8s 9h 9d Js] [2c]
Plot0077: bets $6
ChOfW: folds
Uncalled bet ($6) returned to Plot0077
Plot0077 collected $17.64 from pot
Plot0077: doesn't show hand
*** SUMMARY ***
Total pot $18 | Rake $0.36
Board [8s 9h 9d Js 2c]
Seat 2: Plot0077 (big blind) collected ($17.64)
Seat 3: ChOfW (button) (small blind) folded on the River


PokerStars Hand #145805823809:  Hold'em Limit ($3/$6 USD) - 2015/12/23 14:25:12 ET
Table 'Vibilia III' 6-max Seat #2 is the button
Seat 2: Plot0077 ($35.67 in chips)
Seat 3: ChOfW ($122.07 in chips)
Plot0077: posts small blind $1
ChOfW: posts big blind $3
*** HOLE CARDS ***
Plot0077: raises $3 to $6
ChOfW: calls $3
*** FLOP *** [Ah Ks 6d]
ChOfW: checks
Plot0077: bets $3
ChOfW: calls $3
*** TURN *** [Ah Ks 6d] [Qs]
ChOfW: checks
Plot0077: bets $6
ChOfW: calls $6
*** RIVER *** [Ah Ks 6d Qs] [6h]
ChOfW: checks
Plot0077: bets $6
ChOfW: calls $6
*** SHOW DOWN ***
Plot0077: shows [4h 6c] (three of a kind, Sixes)
ChOfW: mucks hand
Plot0077 collected $41.50 from pot
*** SUMMARY ***
Total pot $42 | Rake $0.50
Board [Ah Ks 6d Qs 6h]
Seat 2: Plot0077 (button) (small blind) showed [4h 6c] and won ($41.50) with three of a kind, Sixes
Seat 3: ChOfW (big blind) mucked


PokerStars Hand #145805907994:  Hold'em Limit ($3/$6 USD) - 2015/12/23 14:26:40 ET
Table 'Vibilia III' 6-max Seat #2 is the button
Seat 2: Plot0077 ($88.07 in chips)
Seat 3: ChOfW ($67.83 in chips)
Plot0077: posts small blind $1
ChOfW: posts big blind $3
*** HOLE CARDS ***
B_loJkl joins the table at seat #4
Plot0077: folds
Uncalled bet ($2) returned to ChOfW
ChOfW collected $2 from pot
ChOfW: doesn't show hand
*** SUMMARY ***
Total pot $2 | Rake $0
Seat 2: Plot0077 (button) (small blind) folded before Flop
Seat 3: ChOfW (big blind) collected ($2)


PokerStars Hand #145805903697:  Hold'em Limit ($3/$6 USD) - 2015/12/23 14:26:36 ET
Table 'Vibilia III' 6-max Seat #3 is the button
Seat 2: Plot0077 ($87.07 in chips)
Seat 3: ChOfW ($68.83 in chips)
ChOfW: posts small blind $1
Plot0077: posts big blind $3
*** HOLE CARDS ***
ChOfW: folds
Uncalled bet ($2) returned to Plot0077
Plot0077 collected $2 from pot
Plot0077: doesn't show hand
*** SUMMARY ***
Total pot $2 | Rake $0
Seat 2: Plot0077 (big blind) collected ($2)
Seat 3: ChOfW (button) (small blind) folded before Flop


PokerStars Hand #145805896813:  Hold'em Limit ($3/$6 USD) - 2015/12/23 14:26:28 ET
Table 'Vibilia III' 6-max Seat #2 is the button
Seat 2: Plot0077 ($88.07 in chips)
Seat 3: ChOfW ($67.83 in chips)
Plot0077: posts small blind $1
ChOfW: posts big blind $3
*** HOLE CARDS ***
Plot0077: folds
Uncalled bet ($2) returned to ChOfW
ChOfW collected $2 from pot
ChOfW: doesn't show hand
*** SUMMARY ***
Total pot $2 | Rake $0
Seat 2: Plot0077 (button) (small blind) folded before Flop
Seat 3: ChOfW (big blind) collected ($2)


PokerStars Hand #145805882198:  Hold'em Limit ($3/$6 USD) - 2015/12/23 14:26:13 ET
Table 'Vibilia III' 6-max Seat #3 is the button
Seat 2: Plot0077 ($67.57 in chips)
Seat 3: ChOfW ($88.83 in chips)
ChOfW: posts small blind $1
Plot0077: posts big blind $3
*** HOLE CARDS ***
ChOfW: raises $3 to $6
Plot0077: calls $3
*** FLOP *** [9c 4d 5h]
Plot0077: checks
ChOfW: bets $3
Plot0077: calls $3
*** TURN *** [9c 4d 5h] [Ad]
Plot0077: checks
ChOfW: bets $6
Plot0077: raises $6 to $12
ChOfW: calls $6
*** RIVER *** [9c 4d 5h Ad] [Td]
Plot0077: bets $6
ChOfW: folds
Uncalled bet ($6) returned to Plot0077
Plot0077 collected $41.50 from pot
Plot0077: doesn't show hand
*** SUMMARY ***
Total pot $42 | Rake $0.50
Board [9c 4d 5h Ad Td]
Seat 2: Plot0077 (big blind) collected ($41.50)
Seat 3: ChOfW (button) (small blind) folded on the River


PokerStars Hand #145805983272:  Hold'em Limit ($3/$6 USD) - 2015/12/23 14:28:00 ET
Table 'Vibilia III' 6-max Seat #4 is the button
Seat 3: ChOfW ($66 in chips)
Seat 4: B_loJkl ($177.93 in chips)
B_loJkl: posts small blind $1
Plot0077: is sitting out
ChOfW: posts big blind $3
*** HOLE CARDS ***
B_loJkl: raises $3 to $6
ChOfW: calls $3
*** FLOP *** [Kc 8c As]
ChOfW: checks
Plot0077 leaves the table
B_loJkl: bets $3
ChOfW: raises $3 to $6
B_loJkl: calls $3
*** TURN *** [Kc 8c As] [Ks]
ChOfW: bets $6
B_loJkl: calls $6
*** RIVER *** [Kc 8c As Ks] [4s]
ChOfW: bets $6
B_loJkl: calls $6
*** SHOW DOWN ***
ChOfW: shows [Ad 4c] (two pair, Aces and Kings)
B_loJkl: mucks hand
ChOfW collected $47.50 from pot
*** SUMMARY ***
Total pot $48 | Rake $0.50
Board [Kc 8c As Ks 4s]
Seat 3: ChOfW (big blind) showed [Ad 4c] and won ($47.50) with two pair, Aces and Kings
Seat 4: B_loJkl (button) (small blind) mucked


