PokerStars Hand #168941340795:  Hold'em Limit ($3/$6 USD) - 2017/04/12 13:43:27 ET
Table 'Vibilia' 6-max Seat #3 is the button
Seat 3: gabiruboy ($34.76 in chips)
Seat 4: Agrotait ($67 in chips)
gabiruboy: posts small blind $1
Agrotait: posts big blind $3
*** HOLE CARDS ***
gabiruboy: folds
Uncalled bet ($2) returned to Agrotait
Agrotait collected $2 from pot
Agrotait: doesn't show hand
*** SUMMARY ***
Total pot $2 | Rake $0
Seat 3: gabiruboy (button) (small blind) folded before Flop
Seat 4: Agrotait (big blind) collected ($2)


PokerStars Hand #168941323100:  Hold'em Limit ($3/$6 USD) - 2017/04/12 13:43:04 ET
Table 'Vibilia' 6-max Seat #4 is the button
Seat 3: gabiruboy ($29 in chips)
Seat 4: Agrotait ($73 in chips)
Agrotait: posts small blind $1
gabiruboy: posts big blind $3
*** HOLE CARDS ***
Agrotait: raises $3 to $6
gabiruboy: calls $3
*** FLOP *** [6d 2s 9d]
gabiruboy: checks
Agrotait: checks
*** TURN *** [6d 2s 9d] [Ts]
gabiruboy: bets $6
Agrotait: folds
Uncalled bet ($6) returned to gabiruboy
gabiruboy collected $11.76 from pot
gabiruboy: doesn't show hand
*** SUMMARY ***
Total pot $12 | Rake $0.24
Board [6d 2s 9d Ts]
Seat 3: gabiruboy (big blind) collected ($11.76)
Seat 4: Agrotait (button) (small blind) folded on the Turn


PokerStars Hand #168941350828:  Hold'em Limit ($3/$6 USD) - 2017/04/12 13:43:40 ET
Table 'Vibilia' 6-max Seat #3 is the button
Seat 3: gabiruboy ($30.76 in chips)
Seat 4: Agrotait ($71 in chips)
gabiruboy: posts small blind $1
Agrotait: posts big blind $3
*** HOLE CARDS ***
gabiruboy: raises $3 to $6
Agrotait: calls $3
*** FLOP *** [Ah Qc 4h]
Agrotait: bets $3
gabiruboy: calls $3
*** TURN *** [Ah Qc 4h] [2h]
Agrotait: checks
gabiruboy: checks
*** RIVER *** [Ah Qc 4h 2h] [3h]
Agrotait: bets $6
gabiruboy: calls $6
*** SHOW DOWN ***
Agrotait: shows [5h Qs] (a straight flush, Ace to Five)
gabiruboy: mucks hand
Agrotait collected $29.50 from pot
*** SUMMARY ***
Total pot $30 | Rake $0.50
Board [Ah Qc 4h 2h 3h]
Seat 3: gabiruboy (button) (small blind) mucked
Seat 4: Agrotait (big blind) showed [5h Qs] and won ($29.50) with a straight flush, Ace to Five


PokerStars Hand #168941345333:  Hold'em Limit ($3/$6 USD) - 2017/04/12 13:43:33 ET
Table 'Vibilia' 6-max Seat #4 is the button
Seat 3: gabiruboy ($33.76 in chips)
Seat 4: Agrotait ($68 in chips)
Agrotait: posts small blind $1
gabiruboy: posts big blind $3
*** HOLE CARDS ***
Agrotait: raises $3 to $6
gabiruboy: folds
Uncalled bet ($3) returned to Agrotait
Agrotait collected $6 from pot
Agrotait: doesn't show hand
*** SUMMARY ***
Total pot $6 | Rake $0
Seat 3: gabiruboy (big blind) folded before Flop
Seat 4: Agrotait (button) (small blind) collected ($6)


PokerStars Hand #168941377594:  Hold'em Limit ($3/$6 USD) - 2017/04/12 13:44:14 ET
Table 'Vibilia' 6-max Seat #4 is the button
Seat 3: gabiruboy ($15.76 in chips)
Seat 4: Agrotait ($85.50 in chips)
Agrotait: posts small blind $1
gabiruboy: posts big blind $3
*** HOLE CARDS ***
Agrotait: raises $3 to $6
gabiruboy: calls $3
*** FLOP *** [3h As Ks]
gabiruboy: checks
Agrotait: bets $3
gabiruboy: raises $3 to $6
Agrotait: calls $3
*** TURN *** [3h As Ks] [9s]
gabiruboy: bets $3.76 and is all-in
Agrotait: calls $3.76
*** RIVER *** [3h As Ks 9s] [Tc]
*** SHOW DOWN ***
gabiruboy: shows [Jd 9c] (a pair of Nines)
Agrotait: shows [Qs 5s] (a flush, Ace high)
Agrotait collected $31.02 from pot
*** SUMMARY ***
Total pot $31.52 | Rake $0.50
Board [3h As Ks 9s Tc]
Seat 3: gabiruboy (big blind) showed [Jd 9c] and lost with a pair of Nines
Seat 4: Agrotait (button) (small blind) showed [Qs 5s] and won ($31.02) with a flush, Ace high


