PokerStars Hand #155796006307:  Hold'em Limit ($3/$6 USD) - 2016/07/10 11:05:32 ET
Table 'Vibilia III' 6-max Seat #4 is the button
Seat 1: kumarmoh ($65.20 in chips)
Seat 4: VolkovDmitri ($120 in chips)
VolkovDmitri: posts small blind $1
kumarmoh: posts big blind $3
*** HOLE CARDS ***
VolkovDmitri: raises $3 to $6
kumarmoh: folds
Uncalled bet ($3) returned to VolkovDmitri
VolkovDmitri collected $6 from pot
VolkovDmitri: doesn't show hand
*** SUMMARY ***
Total pot $6 | Rake $0
Seat 1: kumarmoh (big blind) folded before Flop
Seat 4: VolkovDmitri (button) (small blind) collected ($6)


PokerStars Hand #155795991552:  Hold'em Limit ($3/$6 USD) - 2016/07/10 11:05:09 ET
Table 'Vibilia III' 6-max Seat #1 is the button
Seat 1: kumarmoh ($47.70 in chips)
Seat 4: VolkovDmitri ($120 in chips)
kumarmoh: posts small blind $1
VolkovDmitri: posts big blind $3
*** HOLE CARDS ***
kumarmoh: raises $3 to $6
VolkovDmitri: calls $3
*** FLOP *** [4h Jh 7d]
VolkovDmitri: checks
kumarmoh: checks
*** TURN *** [4h Jh 7d] [2s]
VolkovDmitri: bets $6
kumarmoh: calls $6
*** RIVER *** [4h Jh 7d 2s] [9h]
VolkovDmitri: bets $6
kumarmoh: calls $6
*** SHOW DOWN ***
VolkovDmitri: shows [5d 8h] (high card Jack)
kumarmoh: shows [Qc Ks] (high card King)
kumarmoh collected $35.50 from pot
*** SUMMARY ***
Total pot $36 | Rake $0.50
Board [4h Jh 7d 2s 9h]
Seat 1: kumarmoh (button) (small blind) showed [Qc Ks] and won ($35.50) with high card King
Seat 4: VolkovDmitri (big blind) showed [5d 8h] and lost with high card Jack


PokerStars Hand #155795980034:  Hold'em Limit ($3/$6 USD) - 2016/07/10 11:04:52 ET
Table 'Vibilia III' 6-max Seat #4 is the button
Seat 1: kumarmoh ($39.06 in chips)
Seat 4: VolkovDmitri ($121 in chips)
VolkovDmitri: posts small blind $1
kumarmoh: posts big blind $3
*** HOLE CARDS ***
VolkovDmitri: raises $3 to $6
kumarmoh: raises $3 to $9
VolkovDmitri: calls $3
*** FLOP *** [As Js Ad]
kumarmoh: bets $3
VolkovDmitri: folds
Uncalled bet ($3) returned to kumarmoh
kumarmoh collected $17.64 from pot
kumarmoh: doesn't show hand
*** SUMMARY ***
Total pot $18 | Rake $0.36
Board [As Js Ad]
Seat 1: kumarmoh (big blind) collected ($17.64)
Seat 4: VolkovDmitri (button) (small blind) folded on the Flop


PokerStars Hand #155795973289:  Hold'em Limit ($3/$6 USD) - 2016/07/10 11:04:41 ET
Table 'Vibilia III' 6-max Seat #1 is the button
Seat 1: kumarmoh ($40.06 in chips)
Seat 4: VolkovDmitri ($120 in chips)
kumarmoh: posts small blind $1
VolkovDmitri: posts big blind $3
*** HOLE CARDS ***
kumarmoh: folds
Uncalled bet ($2) returned to VolkovDmitri
VolkovDmitri collected $2 from pot
VolkovDmitri: doesn't show hand
*** SUMMARY ***
Total pot $2 | Rake $0
Seat 1: kumarmoh (button) (small blind) folded before Flop
Seat 4: VolkovDmitri (big blind) collected ($2)


PokerStars Hand #155796012106:  Hold'em Limit ($3/$6 USD) - 2016/07/10 11:05:41 ET
Table 'Vibilia III' 6-max Seat #1 is the button
Seat 1: kumarmoh ($62.20 in chips)
Seat 4: VolkovDmitri ($123 in chips)
kumarmoh: posts small blind $1
VolkovDmitri: posts big blind $3
*** HOLE CARDS ***
kumarmoh: calls $2
VolkovDmitri: raises $3 to $6
kumarmoh: calls $3
*** FLOP *** [Tc 6s 3s]
patrikskjold joins the table at seat #5
VolkovDmitri: bets $3
kumarmoh: raises $3 to $6
VolkovDmitri: raises $3 to $9
kumarmoh: calls $3
*** TURN *** [Tc 6s 3s] [4s]
VolkovDmitri: bets $6
kumarmoh: calls $6
*** RIVER *** [Tc 6s 3s 4s] [6d]
VolkovDmitri: checks
kumarmoh: checks
*** SHOW DOWN ***
VolkovDmitri: shows [Ts 7c] (two pair, Tens and Sixes)
kumarmoh: mucks hand
VolkovDmitri collected $41.50 from pot
*** SUMMARY ***
Total pot $42 | Rake $0.50
Board [Tc 6s 3s 4s 6d]
Seat 1: kumarmoh (button) (small blind) mucked
Seat 4: VolkovDmitri (big blind) showed [Ts 7c] and won ($41.50) with two pair, Tens and Sixes


PokerStars Hand #155798454330:  Hold'em Limit ($3/$6 USD) - 2016/07/10 12:08:08 ET
Table 'Vibilia III' 6-max Seat #4 is the button
Seat 4: VolkovDmitri ($120 in chips)
Seat 6: JoeBlack1982 ($198 in chips)
VolkovDmitri: posts small blind $1
JoeBlack1982: posts big blind $3
*** HOLE CARDS ***
VolkovDmitri: raises $3 to $6
JoeBlack1982: calls $3
*** FLOP *** [9h 3s 3d]
JoeBlack1982: checks
VolkovDmitri: bets $3
JoeBlack1982: calls $3
*** TURN *** [9h 3s 3d] [7c]
JoeBlack1982: checks
VolkovDmitri: bets $6
vestimokrec joins the table at seat #1
JoeBlack1982: raises $6 to $12
VolkovDmitri: calls $6
*** RIVER *** [9h 3s 3d 7c] [Qc]
JoeBlack1982: bets $6
VolkovDmitri: calls $6
*** SHOW DOWN ***
JoeBlack1982: shows [7h Th] (two pair, Sevens and Threes)
VolkovDmitri: mucks hand
JoeBlack1982 collected $53.50 from pot
*** SUMMARY ***
Total pot $54 | Rake $0.50
Board [9h 3s 3d 7c Qc]
Seat 4: VolkovDmitri (button) (small blind) mucked
Seat 6: JoeBlack1982 (big blind) showed [7h Th] and won ($53.50) with two pair, Sevens and Threes


PokerStars Hand #155798707844:  Hold'em Limit ($3/$6 USD) - 2016/07/10 12:14:17 ET
Table 'Vibilia III' 6-max Seat #4 is the button
Seat 4: VolkovDmitri ($120 in chips)
Seat 6: JoeBlack1982 ($257.63 in chips)
VolkovDmitri: posts small blind $1
JoeBlack1982: posts big blind $3
*** HOLE CARDS ***
VolkovDmitri: raises $3 to $6
JoeBlack1982: folds
Uncalled bet ($3) returned to VolkovDmitri
VolkovDmitri collected $6 from pot
VolkovDmitri: doesn't show hand
JoeBlack1982 leaves the table
*** SUMMARY ***
Total pot $6 | Rake $0
Seat 4: VolkovDmitri (button) (small blind) collected ($6)
Seat 6: JoeBlack1982 (big blind) folded before Flop


PokerStars Hand #155798681867:  Hold'em Limit ($3/$6 USD) - 2016/07/10 12:13:39 ET
Table 'Vibilia III' 6-max Seat #6 is the button
Seat 4: VolkovDmitri ($136.89 in chips)
Seat 6: JoeBlack1982 ($240.13 in chips)
JoeBlack1982: posts small blind $1
vestimokrec: is sitting out
VolkovDmitri: posts big blind $3
*** HOLE CARDS ***
JoeBlack1982: raises $3 to $6
VolkovDmitri: raises $3 to $9
JoeBlack1982: calls $3
*** FLOP *** [3h Kd 7c]
VolkovDmitri: bets $3
JoeBlack1982: calls $3
*** TURN *** [3h Kd 7c] [Kc]
vestimokrec leaves the table
VolkovDmitri: checks
JoeBlack1982: bets $6
VolkovDmitri: calls $6
*** RIVER *** [3h Kd 7c Kc] [Ts]
VolkovDmitri: checks
JoeBlack1982: checks
*** SHOW DOWN ***
VolkovDmitri: shows [Ah 8h] (a pair of Kings)
JoeBlack1982: shows [2c 2s] (two pair, Kings and Deuces)
JoeBlack1982 collected $35.50 from pot
*** SUMMARY ***
Total pot $36 | Rake $0.50
Board [3h Kd 7c Kc Ts]
Seat 4: VolkovDmitri (big blind) showed [Ah 8h] and lost with a pair of Kings
Seat 6: JoeBlack1982 (button) (small blind) showed [2c 2s] and won ($35.50) with two pair, Kings and Deuces


