PokerStars Hand #158082060929:  Hold'em Limit ($3/$6 USD) - 2016/09/02 19:30:25 ET
Table 'Vibilia' 6-max Seat #3 is the button
Seat 3: simper11 ($124 in chips)
Seat 4: Actionni13 ($150 in chips)
simper11: posts small blind $1
Actionni13: posts big blind $3
*** HOLE CARDS ***
simper11: folds
Uncalled bet ($2) returned to Actionni13
Actionni13 collected $2 from pot
Actionni13: doesn't show hand
*** SUMMARY ***
Total pot $2 | Rake $0
Seat 3: simper11 (button) (small blind) folded before Flop
Seat 4: Actionni13 (big blind) collected ($2)


PokerStars Hand #158082057264:  Hold'em Limit ($3/$6 USD) - 2016/09/02 19:30:19 ET
Table 'Vibilia' 6-max Seat #4 is the button
Seat 3: simper11 ($123 in chips)
Seat 4: Actionni13 ($150 in chips)
Actionni13: posts small blind $1
simper11: posts big blind $3
*** HOLE CARDS ***
Actionni13: folds
Uncalled bet ($2) returned to simper11
simper11 collected $2 from pot
simper11: doesn't show hand
*** SUMMARY ***
Total pot $2 | Rake $0
Seat 3: simper11 (big blind) collected ($2)
Seat 4: Actionni13 (button) (small blind) folded before Flop


PokerStars Hand #158082063959:  Hold'em Limit ($3/$6 USD) - 2016/09/02 19:30:30 ET
Table 'Vibilia' 6-max Seat #4 is the button
Seat 3: simper11 ($123 in chips)
Seat 4: Actionni13 ($151 in chips)
Actionni13: posts small blind $1
simper11: posts big blind $3
*** HOLE CARDS ***
Actionni13: folds
Uncalled bet ($2) returned to simper11
simper11 collected $2 from pot
simper11: doesn't show hand
*** SUMMARY ***
Total pot $2 | Rake $0
Seat 3: simper11 (big blind) collected ($2)
Seat 4: Actionni13 (button) (small blind) folded before Flop


PokerStars Hand #158082069162:  Hold'em Limit ($3/$6 USD) - 2016/09/02 19:30:39 ET
Table 'Vibilia' 6-max Seat #3 is the button
Seat 3: simper11 ($124 in chips)
Seat 4: Actionni13 ($150 in chips)
simper11: posts small blind $1
Actionni13: posts big blind $3
*** HOLE CARDS ***
simper11: raises $3 to $6
Actionni13: raises $3 to $9
simper11: calls $3
*** FLOP *** [Td Js 6c]
Actionni13: bets $3
simper11: calls $3
*** TURN *** [Td Js 6c] [2c]
Actionni13: bets $6
simper11: raises $6 to $12
Actionni13: calls $6
*** RIVER *** [Td Js 6c 2c] [7c]
Actionni13: checks
simper11: bets $6
Actionni13: calls $6
*** SHOW DOWN ***
simper11: shows [Kc Ks] (a pair of Kings)
Actionni13: mucks hand
simper11 collected $59.50 from pot
*** SUMMARY ***
Total pot $60 | Rake $0.50
Board [Td Js 6c 2c 7c]
Seat 3: simper11 (button) (small blind) showed [Kc Ks] and won ($59.50) with a pair of Kings
Seat 4: Actionni13 (big blind) mucked


PokerStars Hand #158082083822:  Hold'em Limit ($3/$6 USD) - 2016/09/02 19:31:05 ET
Table 'Vibilia' 6-max Seat #4 is the button
Seat 3: simper11 ($153.50 in chips)
Seat 4: Actionni13 ($150 in chips)
Actionni13: posts small blind $1
simper11: posts big blind $3
*** HOLE CARDS ***
Actionni13: raises $3 to $6
simper11: raises $3 to $9
Actionni13: calls $3
*** FLOP *** [4h 2h Td]
simper11: bets $3
Actionni13: raises $3 to $6
simper11: calls $3
*** TURN *** [4h 2h Td] [6d]
simper11: checks
Actionni13: bets $6
simper11: calls $6
*** RIVER *** [4h 2h Td 6d] [Jh]
simper11: checks
Actionni13: bets $6
simper11: calls $6
*** SHOW DOWN ***
Actionni13: shows [Ts 5d] (a pair of Tens)
simper11: mucks hand
Actionni13 collected $53.50 from pot
*** SUMMARY ***
Total pot $54 | Rake $0.50
Board [4h 2h Td 6d Jh]
Seat 3: simper11 (big blind) mucked
Seat 4: Actionni13 (button) (small blind) showed [Ts 5d] and won ($53.50) with a pair of Tens


PokerStars Hand #158082098722:  Hold'em Limit ($3/$6 USD) - 2016/09/02 19:31:31 ET
Table 'Vibilia' 6-max Seat #3 is the button
Seat 3: simper11 ($126.50 in chips)
Seat 4: Actionni13 ($176.50 in chips)
simper11: posts small blind $1
Actionni13: posts big blind $3
*** HOLE CARDS ***
simper11: raises $3 to $6
Actionni13: calls $3
*** FLOP *** [8d 9s Ac]
Actionni13: checks
simper11: bets $3
Actionni13: raises $3 to $6
simper11: folds
Uncalled bet ($3) returned to Actionni13
Actionni13 collected $17.64 from pot
Actionni13: doesn't show hand
*** SUMMARY ***
Total pot $18 | Rake $0.36
Board [8d 9s Ac]
Seat 3: simper11 (button) (small blind) folded on the Flop
Seat 4: Actionni13 (big blind) collected ($17.64)


PokerStars Hand #158082115149:  Hold'em Limit ($3/$6 USD) - 2016/09/02 19:32:00 ET
Table 'Vibilia' 6-max Seat #4 is the button
Seat 3: simper11 ($120 in chips)
Seat 4: Actionni13 ($185.14 in chips)
Actionni13: posts small blind $1
simper11: posts big blind $3
*** HOLE CARDS ***
Actionni13: raises $3 to $6
simper11: folds
Uncalled bet ($3) returned to Actionni13
Actionni13 collected $6 from pot
Actionni13: doesn't show hand
*** SUMMARY ***
Total pot $6 | Rake $0
Seat 3: simper11 (big blind) folded before Flop
Seat 4: Actionni13 (button) (small blind) collected ($6)


PokerStars Hand #158082111660:  Hold'em Limit ($3/$6 USD) - 2016/09/02 19:31:54 ET
Table 'Vibilia' 6-max Seat #3 is the button
Seat 3: simper11 ($121 in chips)
Seat 4: Actionni13 ($184.14 in chips)
simper11: posts small blind $1
Actionni13: posts big blind $3
*** HOLE CARDS ***
simper11: folds
Uncalled bet ($2) returned to Actionni13
Actionni13 collected $2 from pot
Actionni13: doesn't show hand
*** SUMMARY ***
Total pot $2 | Rake $0
Seat 3: simper11 (button) (small blind) folded before Flop
Seat 4: Actionni13 (big blind) collected ($2)


PokerStars Hand #158082108247:  Hold'em Limit ($3/$6 USD) - 2016/09/02 19:31:48 ET
Table 'Vibilia' 6-max Seat #4 is the button
Seat 3: simper11 ($120 in chips)
Seat 4: Actionni13 ($185.14 in chips)
Actionni13: posts small blind $1
simper11: posts big blind $3
*** HOLE CARDS ***
Actionni13: folds
Uncalled bet ($2) returned to simper11
simper11 collected $2 from pot
simper11: doesn't show hand
*** SUMMARY ***
Total pot $2 | Rake $0
Seat 3: simper11 (big blind) collected ($2)
Seat 4: Actionni13 (button) (small blind) folded before Flop


PokerStars Hand #158082119690:  Hold'em Limit ($3/$6 USD) - 2016/09/02 19:32:08 ET
Table 'Vibilia' 6-max Seat #3 is the button
Seat 3: simper11 ($120 in chips)
Seat 4: Actionni13 ($188.14 in chips)
simper11: posts small blind $1
Actionni13: posts big blind $3
*** HOLE CARDS ***
simper11: raises $3 to $6
Actionni13: calls $3
*** FLOP *** [4d 9d Ks]
Actionni13: checks
simper11: bets $3
Actionni13: raises $3 to $6
simper11: calls $3
*** TURN *** [4d 9d Ks] [Jc]
Actionni13: bets $6
simper11: raises $6 to $12
Actionni13: calls $6
*** RIVER *** [4d 9d Ks Jc] [Kc]
Actionni13: checks
simper11: bets $6
Actionni13: calls $6
*** SHOW DOWN ***
simper11: shows [Kd Td] (three of a kind, Kings)
Actionni13: mucks hand
simper11 collected $59.50 from pot
*** SUMMARY ***
Total pot $60 | Rake $0.50
Board [4d 9d Ks Jc Kc]
Seat 3: simper11 (button) (small blind) showed [Kd Td] and won ($59.50) with three of a kind, Kings
Seat 4: Actionni13 (big blind) mucked


PokerStars Hand #158082147564:  Hold'em Limit ($3/$6 USD) - 2016/09/02 19:32:57 ET
Table 'Vibilia' 6-max Seat #4 is the button
Seat 3: simper11 ($145.50 in chips)
Seat 4: Actionni13 ($162.14 in chips)
Actionni13: posts small blind $1
simper11: posts big blind $3
*** HOLE CARDS ***
Actionni13: raises $3 to $6
simper11: calls $3
*** FLOP *** [Qd Td 7d]
simper11: checks
Actionni13: bets $3
simper11: raises $3 to $6
Actionni13: calls $3
*** TURN *** [Qd Td 7d] [Qs]
simper11: bets $6
Actionni13: calls $6
*** RIVER *** [Qd Td 7d Qs] [Qh]
simper11: bets $6
Actionni13: calls $6
*** SHOW DOWN ***
simper11: shows [Qc 6d] (four of a kind, Queens)
Actionni13: mucks hand
simper11 collected $47.50 from pot
*** SUMMARY ***
Total pot $48 | Rake $0.50
Board [Qd Td 7d Qs Qh]
Seat 3: simper11 (big blind) showed [Qc 6d] and won ($47.50) with four of a kind, Queens
Seat 4: Actionni13 (button) (small blind) mucked


PokerStars Hand #158082144081:  Hold'em Limit ($3/$6 USD) - 2016/09/02 19:32:51 ET
Table 'Vibilia' 6-max Seat #3 is the button
Seat 3: simper11 ($146.50 in chips)
Seat 4: Actionni13 ($161.14 in chips)
simper11: posts small blind $1
Actionni13: posts big blind $3
*** HOLE CARDS ***
simper11: folds
Uncalled bet ($2) returned to Actionni13
Actionni13 collected $2 from pot
Actionni13: doesn't show hand
*** SUMMARY ***
Total pot $2 | Rake $0
Seat 3: simper11 (button) (small blind) folded before Flop
Seat 4: Actionni13 (big blind) collected ($2)


PokerStars Hand #158082133299:  Hold'em Limit ($3/$6 USD) - 2016/09/02 19:32:32 ET
Table 'Vibilia' 6-max Seat #4 is the button
Seat 3: simper11 ($149.50 in chips)
Seat 4: Actionni13 ($158.14 in chips)
Actionni13: posts small blind $1
simper11: posts big blind $3
*** HOLE CARDS ***
Actionni13: raises $3 to $6
simper11: folds
Uncalled bet ($3) returned to Actionni13
Actionni13 collected $6 from pot
Actionni13: doesn't show hand
*** SUMMARY ***
Total pot $6 | Rake $0
Seat 3: simper11 (big blind) folded before Flop
Seat 4: Actionni13 (button) (small blind) collected ($6)


PokerStars Hand #158082140900:  Hold'em Limit ($3/$6 USD) - 2016/09/02 19:32:45 ET
Table 'Vibilia' 6-max Seat #4 is the button
Seat 3: simper11 ($149.50 in chips)
Seat 4: Actionni13 ($158.14 in chips)
Actionni13: posts small blind $1
simper11: posts big blind $3
*** HOLE CARDS ***
Actionni13: raises $3 to $6
simper11: folds
Uncalled bet ($3) returned to Actionni13
Actionni13 collected $6 from pot
Actionni13: doesn't show hand
*** SUMMARY ***
Total pot $6 | Rake $0
Seat 3: simper11 (big blind) folded before Flop
Seat 4: Actionni13 (button) (small blind) collected ($6)


PokerStars Hand #158082136663:  Hold'em Limit ($3/$6 USD) - 2016/09/02 19:32:38 ET
Table 'Vibilia' 6-max Seat #3 is the button
Seat 3: simper11 ($146.50 in chips)
Seat 4: Actionni13 ($161.14 in chips)
simper11: posts small blind $1
Actionni13: posts big blind $3
*** HOLE CARDS ***
simper11: raises $3 to $6
Actionni13: folds
Uncalled bet ($3) returned to simper11
simper11 collected $6 from pot
simper11: doesn't show hand
*** SUMMARY ***
Total pot $6 | Rake $0
Seat 3: simper11 (button) (small blind) collected ($6)
Seat 4: Actionni13 (big blind) folded before Flop


PokerStars Hand #158082173776:  Hold'em Limit ($3/$6 USD) - 2016/09/02 19:33:44 ET
Table 'Vibilia' 6-max Seat #4 is the button
Seat 3: simper11 ($189.50 in chips)
Seat 4: Actionni13 ($150 in chips)
Actionni13: posts small blind $1
simper11: posts big blind $3
*** HOLE CARDS ***
Actionni13: raises $3 to $6
simper11: calls $3
*** FLOP *** [7h Qd 6h]
simper11: checks
Actionni13: bets $3
simper11: folds
Uncalled bet ($3) returned to Actionni13
Actionni13 collected $11.76 from pot
Actionni13: doesn't show hand
*** SUMMARY ***
Total pot $12 | Rake $0.24
Board [7h Qd 6h]
Seat 3: simper11 (big blind) folded on the Flop
Seat 4: Actionni13 (button) (small blind) collected ($11.76)


PokerStars Hand #158082159420:  Hold'em Limit ($3/$6 USD) - 2016/09/02 19:33:18 ET
Table 'Vibilia' 6-max Seat #3 is the button
Seat 3: simper11 ($169 in chips)
Seat 4: Actionni13 ($150 in chips)
simper11: posts small blind $1
Actionni13: posts big blind $3
*** HOLE CARDS ***
simper11: raises $3 to $6
Actionni13: calls $3
*** FLOP *** [9h 6d 4c]
Actionni13: checks
simper11: bets $3
Actionni13: calls $3
*** TURN *** [9h 6d 4c] [Kh]
Actionni13: checks
simper11: bets $6
Actionni13: raises $6 to $12
simper11: raises $6 to $18
Actionni13: folds
Uncalled bet ($6) returned to simper11
simper11 collected $41.50 from pot
simper11: doesn't show hand
*** SUMMARY ***
Total pot $42 | Rake $0.50
Board [9h 6d 4c Kh]
Seat 3: simper11 (button) (small blind) collected ($41.50)
Seat 4: Actionni13 (big blind) folded on the Turn


PokerStars Hand #158082181899:  Hold'em Limit ($3/$6 USD) - 2016/09/02 19:33:58 ET
Table 'Vibilia' 6-max Seat #3 is the button
Seat 3: simper11 ($183.50 in chips)
Seat 4: Actionni13 ($155.76 in chips)
simper11: posts small blind $1
Actionni13: posts big blind $3
*** HOLE CARDS ***
simper11: raises $3 to $6
Actionni13: calls $3
*** FLOP *** [Th Jh 4d]
Actionni13: checks
simper11: bets $3
Actionni13: folds
Uncalled bet ($3) returned to simper11
simper11 collected $11.76 from pot
simper11: doesn't show hand
*** SUMMARY ***
Total pot $12 | Rake $0.24
Board [Th Jh 4d]
Seat 3: simper11 (button) (small blind) collected ($11.76)
Seat 4: Actionni13 (big blind) folded on the Flop


PokerStars Hand #158082209046:  Hold'em Limit ($3/$6 USD) - 2016/09/02 19:34:47 ET
Table 'Vibilia' 6-max Seat #3 is the button
Seat 3: simper11 ($168.26 in chips)
Seat 4: Actionni13 ($170.50 in chips)
simper11: posts small blind $1
Actionni13: posts big blind $3
*** HOLE CARDS ***
simper11: folds
Uncalled bet ($2) returned to Actionni13
Actionni13 collected $2 from pot
Actionni13: doesn't show hand
*** SUMMARY ***
Total pot $2 | Rake $0
Seat 3: simper11 (button) (small blind) folded before Flop
Seat 4: Actionni13 (big blind) collected ($2)


PokerStars Hand #158082192035:  Hold'em Limit ($3/$6 USD) - 2016/09/02 19:34:16 ET
Table 'Vibilia' 6-max Seat #4 is the button
Seat 3: simper11 ($189.26 in chips)
Seat 4: Actionni13 ($150 in chips)
Actionni13: posts small blind $1
simper11: posts big blind $3
*** HOLE CARDS ***
Actionni13: raises $3 to $6
simper11: calls $3
*** FLOP *** [Ks 3h Kd]
simper11: checks
Actionni13: bets $3
simper11: calls $3
*** TURN *** [Ks 3h Kd] [2c]
simper11: checks
Actionni13: bets $6
simper11: calls $6
*** RIVER *** [Ks 3h Kd 2c] [Td]
simper11: checks
Actionni13: bets $6
simper11: calls $6
*** SHOW DOWN ***
Actionni13: shows [Kh Ac] (three of a kind, Kings)
simper11: mucks hand
Actionni13 collected $41.50 from pot
*** SUMMARY ***
Total pot $42 | Rake $0.50
Board [Ks 3h Kd 2c Td]
Seat 3: simper11 (big blind) mucked
Seat 4: Actionni13 (button) (small blind) showed [Kh Ac] and won ($41.50) with three of a kind, Kings


PokerStars Hand #158082224865:  Hold'em Limit ($3/$6 USD) - 2016/09/02 19:35:15 ET
Table 'Vibilia' 6-max Seat #3 is the button
Seat 3: simper11 ($164.26 in chips)
Seat 4: Actionni13 ($174.50 in chips)
simper11: posts small blind $1
Actionni13: posts big blind $3
*** HOLE CARDS ***
simper11: folds
Uncalled bet ($2) returned to Actionni13
Actionni13 collected $2 from pot
Actionni13: doesn't show hand
*** SUMMARY ***
Total pot $2 | Rake $0
Seat 3: simper11 (button) (small blind) folded before Flop
Seat 4: Actionni13 (big blind) collected ($2)


PokerStars Hand #158082221433:  Hold'em Limit ($3/$6 USD) - 2016/09/02 19:35:09 ET
Table 'Vibilia' 6-max Seat #4 is the button
Seat 3: simper11 ($167.26 in chips)
Seat 4: Actionni13 ($171.50 in chips)
Actionni13: posts small blind $1
simper11: posts big blind $3
*** HOLE CARDS ***
Actionni13: raises $3 to $6
simper11: folds
Uncalled bet ($3) returned to Actionni13
Actionni13 collected $6 from pot
Actionni13: doesn't show hand
*** SUMMARY ***
Total pot $6 | Rake $0
Seat 3: simper11 (big blind) folded before Flop
Seat 4: Actionni13 (button) (small blind) collected ($6)


PokerStars Hand #158082212070:  Hold'em Limit ($3/$6 USD) - 2016/09/02 19:34:52 ET
Table 'Vibilia' 6-max Seat #4 is the button
Seat 3: simper11 ($167.26 in chips)
Seat 4: Actionni13 ($171.50 in chips)
Actionni13: posts small blind $1
simper11: posts big blind $3
*** HOLE CARDS ***
Actionni13: raises $3 to $6
simper11: folds
Uncalled bet ($3) returned to Actionni13
Actionni13 collected $6 from pot
Actionni13: doesn't show hand
*** SUMMARY ***
Total pot $6 | Rake $0
Seat 3: simper11 (big blind) folded before Flop
Seat 4: Actionni13 (button) (small blind) collected ($6)


PokerStars Hand #158082217309:  Hold'em Limit ($3/$6 USD) - 2016/09/02 19:35:01 ET
Table 'Vibilia' 6-max Seat #3 is the button
Seat 3: simper11 ($164.26 in chips)
Seat 4: Actionni13 ($174.50 in chips)
simper11: posts small blind $1
Actionni13: posts big blind $3
*** HOLE CARDS ***
simper11: raises $3 to $6
Actionni13: folds
Uncalled bet ($3) returned to simper11
simper11 collected $6 from pot
simper11: doesn't show hand
*** SUMMARY ***
Total pot $6 | Rake $0
Seat 3: simper11 (button) (small blind) collected ($6)
Seat 4: Actionni13 (big blind) folded before Flop


PokerStars Hand #158082244062:  Hold'em Limit ($3/$6 USD) - 2016/09/02 19:35:49 ET
Table 'Vibilia' 6-max Seat #3 is the button
Seat 3: simper11 ($174.78 in chips)
Seat 4: Actionni13 ($163.50 in chips)
simper11: posts small blind $1
Actionni13: posts big blind $3
*** HOLE CARDS ***
simper11: raises $3 to $6
Actionni13: calls $3
*** FLOP *** [Th 6s Jc]
Actionni13: checks
simper11: bets $3
Actionni13: folds
Uncalled bet ($3) returned to simper11
simper11 collected $11.76 from pot
simper11: doesn't show hand
*** SUMMARY ***
Total pot $12 | Rake $0.24
Board [Th 6s Jc]
Seat 3: simper11 (button) (small blind) collected ($11.76)
Seat 4: Actionni13 (big blind) folded on the Flop


PokerStars Hand #158082228492:  Hold'em Limit ($3/$6 USD) - 2016/09/02 19:35:21 ET
Table 'Vibilia' 6-max Seat #4 is the button
Seat 3: simper11 ($163.26 in chips)
Seat 4: Actionni13 ($175.50 in chips)
Actionni13: posts small blind $1
simper11: posts big blind $3
*** HOLE CARDS ***
Actionni13: raises $3 to $6
simper11: calls $3
*** FLOP *** [6s 2c 4d]
simper11: checks
Actionni13: checks
*** TURN *** [6s 2c 4d] [2d]
simper11: bets $6
Actionni13: calls $6
*** RIVER *** [6s 2c 4d 2d] [5s]
simper11: bets $6
Actionni13: folds
Uncalled bet ($6) returned to simper11
simper11 collected $23.52 from pot
simper11: doesn't show hand
*** SUMMARY ***
Total pot $24 | Rake $0.48
Board [6s 2c 4d 2d 5s]
Seat 3: simper11 (big blind) collected ($23.52)
Seat 4: Actionni13 (button) (small blind) folded on the River


PokerStars Hand #158082272070:  Hold'em Limit ($3/$6 USD) - 2016/09/02 19:36:39 ET
Table 'Vibilia' 6-max Seat #3 is the button
Seat 3: simper11 ($174.54 in chips)
Seat 4: Actionni13 ($163.26 in chips)
simper11: posts small blind $1
Actionni13: posts big blind $3
*** HOLE CARDS ***
simper11: folds
Uncalled bet ($2) returned to Actionni13
Actionni13 collected $2 from pot
Actionni13: doesn't show hand
*** SUMMARY ***
Total pot $2 | Rake $0
Seat 3: simper11 (button) (small blind) folded before Flop
Seat 4: Actionni13 (big blind) collected ($2)


PokerStars Hand #158082255901:  Hold'em Limit ($3/$6 USD) - 2016/09/02 19:36:11 ET
Table 'Vibilia' 6-max Seat #4 is the button
Seat 3: simper11 ($180.54 in chips)
Seat 4: Actionni13 ($157.50 in chips)
Actionni13: posts small blind $1
simper11: posts big blind $3
*** HOLE CARDS ***
Actionni13: raises $3 to $6
simper11: calls $3
*** FLOP *** [3s Jd 4h]
simper11: checks
Actionni13: checks
*** TURN *** [3s Jd 4h] [9c]
simper11: checks
ToDaFelt joins the table at seat #5
Actionni13: bets $6
simper11: folds
Uncalled bet ($6) returned to Actionni13
Actionni13 collected $11.76 from pot
Actionni13: doesn't show hand
*** SUMMARY ***
Total pot $12 | Rake $0.24
Board [3s Jd 4h 9c]
Seat 3: simper11 (big blind) folded on the Turn
Seat 4: Actionni13 (button) (small blind) collected ($11.76)


PokerStars Hand #158082389746:  Hold'em Limit ($3/$6 USD) - 2016/09/02 19:40:13 ET
Table 'Vibilia' 6-max Seat #3 is the button
Seat 3: simper11 ($136.17 in chips)
Seat 5: ToDaFelt ($205.38 in chips)
simper11: posts small blind $1
ToDaFelt: posts big blind $3
*** HOLE CARDS ***
simper11: folds
Uncalled bet ($2) returned to ToDaFelt
ToDaFelt collected $2 from pot
ToDaFelt: doesn't show hand
*** SUMMARY ***
Total pot $2 | Rake $0
Seat 3: simper11 (button) (small blind) folded before Flop
Seat 5: ToDaFelt (big blind) collected ($2)


PokerStars Hand #158082396001:  Hold'em Limit ($3/$6 USD) - 2016/09/02 19:40:25 ET
Table 'Vibilia' 6-max Seat #3 is the button
Seat 3: simper11 ($132.17 in chips)
Seat 5: ToDaFelt ($209.38 in chips)
simper11: posts small blind $1
ToDaFelt: posts big blind $3
*** HOLE CARDS ***
simper11: raises $3 to $6
ToDaFelt: raises $3 to $9
simper11: calls $3
*** FLOP *** [7s 2s Js]
ToDaFelt: bets $3
simper11: calls $3
*** TURN *** [7s 2s Js] [3c]
ToDaFelt: bets $6
simper11: folds
Uncalled bet ($6) returned to ToDaFelt
ToDaFelt collected $23.52 from pot
ToDaFelt: doesn't show hand
*** SUMMARY ***
Total pot $24 | Rake $0.48
Board [7s 2s Js 3c]
Seat 3: simper11 (button) (small blind) folded on the Turn
Seat 5: ToDaFelt (big blind) collected ($23.52)


PokerStars Hand #158082392564:  Hold'em Limit ($3/$6 USD) - 2016/09/02 19:40:18 ET
Table 'Vibilia' 6-max Seat #5 is the button
Seat 3: simper11 ($135.17 in chips)
Seat 5: ToDaFelt ($206.38 in chips)
ToDaFelt: posts small blind $1
simper11: posts big blind $3
*** HOLE CARDS ***
ToDaFelt: raises $3 to $6
simper11: folds
Uncalled bet ($3) returned to ToDaFelt
ToDaFelt collected $6 from pot
ToDaFelt: doesn't show hand
*** SUMMARY ***
Total pot $6 | Rake $0
Seat 3: simper11 (big blind) folded before Flop
Seat 5: ToDaFelt (button) (small blind) collected ($6)


PokerStars Hand #158082403522:  Hold'em Limit ($3/$6 USD) - 2016/09/02 19:40:39 ET
Table 'Vibilia' 6-max Seat #5 is the button
Seat 3: simper11 ($120.17 in chips)
Seat 5: ToDaFelt ($220.90 in chips)
ToDaFelt: posts small blind $1
simper11: posts big blind $3
*** HOLE CARDS ***
ToDaFelt: folds
Uncalled bet ($2) returned to simper11
simper11 collected $2 from pot
simper11: doesn't show hand
*** SUMMARY ***
Total pot $2 | Rake $0
Seat 3: simper11 (big blind) collected ($2)
Seat 5: ToDaFelt (button) (small blind) folded before Flop


PokerStars Hand #158082439381:  Hold'em Limit ($3/$6 USD) - 2016/09/02 19:41:46 ET
Table 'Vibilia' 6-max Seat #3 is the button
Seat 3: simper11 ($142.67 in chips)
Seat 5: ToDaFelt ($197.90 in chips)
simper11: posts small blind $1
ToDaFelt: posts big blind $3
*** HOLE CARDS ***
simper11: folds
Uncalled bet ($2) returned to ToDaFelt
ToDaFelt collected $2 from pot
ToDaFelt: doesn't show hand
*** SUMMARY ***
Total pot $2 | Rake $0
Seat 3: simper11 (button) (small blind) folded before Flop
Seat 5: ToDaFelt (big blind) collected ($2)


PokerStars Hand #158082436532:  Hold'em Limit ($3/$6 USD) - 2016/09/02 19:41:41 ET
Table 'Vibilia' 6-max Seat #5 is the button
Seat 3: simper11 ($141.67 in chips)
Seat 5: ToDaFelt ($198.90 in chips)
ToDaFelt: posts small blind $1
simper11: posts big blind $3
*** HOLE CARDS ***
ToDaFelt: folds
Uncalled bet ($2) returned to simper11
simper11 collected $2 from pot
simper11: doesn't show hand
*** SUMMARY ***
Total pot $2 | Rake $0
Seat 3: simper11 (big blind) collected ($2)
Seat 5: ToDaFelt (button) (small blind) folded before Flop


PokerStars Hand #158082406829:  Hold'em Limit ($3/$6 USD) - 2016/09/02 19:40:45 ET
Table 'Vibilia' 6-max Seat #3 is the button
Seat 3: simper11 ($121.17 in chips)
Seat 5: ToDaFelt ($219.90 in chips)
simper11: posts small blind $1
ToDaFelt: posts big blind $3
*** HOLE CARDS ***
simper11: raises $3 to $6
ToDaFelt: calls $3
*** FLOP *** [4c 3s Jh]
ToDaFelt: checks
simper11: bets $3
ToDaFelt: calls $3
*** TURN *** [4c 3s Jh] [Jd]
ToDaFelt: checks
simper11: bets $6
ToDaFelt: calls $6
*** RIVER *** [4c 3s Jh Jd] [9c]
ToDaFelt: checks
simper11: bets $6
ToDaFelt: calls $6
*** SHOW DOWN ***
simper11: shows [Tc Th] (two pair, Jacks and Tens)
ToDaFelt: mucks hand
simper11 collected $41.50 from pot
*** SUMMARY ***
Total pot $42 | Rake $0.50
Board [4c 3s Jh Jd 9c]
Seat 3: simper11 (button) (small blind) showed [Tc Th] and won ($41.50) with two pair, Jacks and Tens
Seat 5: ToDaFelt (big blind) mucked


PokerStars Hand #158082442010:  Hold'em Limit ($3/$6 USD) - 2016/09/02 19:41:51 ET
Table 'Vibilia' 6-max Seat #5 is the button
Seat 3: simper11 ($141.67 in chips)
Seat 5: ToDaFelt ($198.90 in chips)
ToDaFelt: posts small blind $1
simper11: posts big blind $3
*** HOLE CARDS ***
ToDaFelt: raises $3 to $6
simper11: calls $3
*** FLOP *** [2s Th 5c]
simper11: checks
ToDaFelt: bets $3
simper11: calls $3
*** TURN *** [2s Th 5c] [9c]
simper11: checks
elmani111 joins the table at seat #4
ToDaFelt: checks
*** RIVER *** [2s Th 5c 9c] [2h]
simper11: checks
ToDaFelt: checks
*** SHOW DOWN ***
simper11: shows [Qs 3s] (a pair of Deuces)
ToDaFelt: shows [4c Qd] (a pair of Deuces)
simper11 collected $8.82 from pot
ToDaFelt collected $8.82 from pot
*** SUMMARY ***
Total pot $18 | Rake $0.36
Board [2s Th 5c 9c 2h]
Seat 3: simper11 (big blind) showed [Qs 3s] and won ($8.82) with a pair of Deuces
Seat 5: ToDaFelt (button) (small blind) showed [4c Qd] and won ($8.82) with a pair of Deuces


PokerStars Hand #158082935237:  Hold'em Limit ($3/$6 USD) - 2016/09/02 19:57:43 ET
Table 'Vibilia' 6-max Seat #5 is the button
Seat 4: elmani111 ($43.86 in chips)
Seat 5: ToDaFelt ($182 in chips)
ToDaFelt: posts small blind $1
elmani111: posts big blind $3
*** HOLE CARDS ***
ToDaFelt: raises $3 to $6
elmani111: calls $3
*** FLOP *** [8h 3h 8c]
elmani111: checks
ToDaFelt: bets $3
elmani111: calls $3
*** TURN *** [8h 3h 8c] [Kc]
elmani111: checks
ToDaFelt: bets $6
elmani111: raises $6 to $12
ToDaFelt: raises $6 to $18
elmani111: folds
Uncalled bet ($6) returned to ToDaFelt
ToDaFelt collected $41.50 from pot
ToDaFelt: doesn't show hand
*** SUMMARY ***
Total pot $42 | Rake $0.50
Board [8h 3h 8c Kc]
Seat 4: elmani111 (big blind) folded on the Turn
Seat 5: ToDaFelt (button) (small blind) collected ($41.50)


PokerStars Hand #158082955511:  Hold'em Limit ($3/$6 USD) - 2016/09/02 19:58:29 ET
Table 'Vibilia' 6-max Seat #5 is the button
Seat 4: elmani111 ($25.86 in chips)
Seat 5: ToDaFelt ($199.50 in chips)
ToDaFelt: posts small blind $1
elmani111: posts big blind $3
*** HOLE CARDS ***
ToDaFelt: raises $3 to $6
elmani111: calls $3
*** FLOP *** [8d Ts Ad]
elmani111: checks
ToDaFelt: checks
*** TURN *** [8d Ts Ad] [As]
elmani111: checks
ToDaFelt: bets $6
elmani111: folds
Uncalled bet ($6) returned to ToDaFelt
ToDaFelt collected $11.76 from pot
ToDaFelt: doesn't show hand
*** SUMMARY ***
Total pot $12 | Rake $0.24
Board [8d Ts Ad As]
Seat 4: elmani111 (big blind) folded on the Turn
Seat 5: ToDaFelt (button) (small blind) collected ($11.76)


PokerStars Hand #158082951199:  Hold'em Limit ($3/$6 USD) - 2016/09/02 19:58:19 ET
Table 'Vibilia' 6-max Seat #4 is the button
Seat 4: elmani111 ($22.86 in chips)
Seat 5: ToDaFelt ($202.50 in chips)
elmani111: posts small blind $1
ToDaFelt: posts big blind $3
*** HOLE CARDS ***
elmani111: raises $3 to $6
ToDaFelt: folds
Uncalled bet ($3) returned to elmani111
elmani111 collected $6 from pot
elmani111: doesn't show hand
*** SUMMARY ***
Total pot $6 | Rake $0
Seat 4: elmani111 (button) (small blind) collected ($6)
Seat 5: ToDaFelt (big blind) folded before Flop


PokerStars Hand #158082970145:  Hold'em Limit ($3/$6 USD) - 2016/09/02 19:59:02 ET
Table 'Vibilia' 6-max Seat #4 is the button
Seat 4: elmani111 ($19.86 in chips)
Seat 5: ToDaFelt ($205.26 in chips)
elmani111: posts small blind $1
ToDaFelt: posts big blind $3
*** HOLE CARDS ***
elmani111: raises $3 to $6
ToDaFelt: calls $3
*** FLOP *** [9d 2h Tc]
ToDaFelt: checks
elmani111: bets $3
ToDaFelt: raises $3 to $6
elmani111: calls $3
*** TURN *** [9d 2h Tc] [9h]
ToDaFelt: bets $6
elmani111: raises $1.86 to $7.86 and is all-in
ToDaFelt: calls $1.86
*** RIVER *** [9d 2h Tc 9h] [Kc]
*** SHOW DOWN ***
ToDaFelt: shows [6d 8h] (a pair of Nines)
elmani111: shows [Ts 6s] (two pair, Tens and Nines)
elmani111 collected $39.22 from pot
*** SUMMARY ***
Total pot $39.72 | Rake $0.50
Board [9d 2h Tc 9h Kc]
Seat 4: elmani111 (button) (small blind) showed [Ts 6s] and won ($39.22) with two pair, Tens and Nines
Seat 5: ToDaFelt (big blind) showed [6d 8h] and lost with a pair of Nines


