PokerStars Hand #162379491078:  Hold'em Limit ($3/$6 USD) - 2016/12/03 23:53:11 ET
Table 'Vibilia' 6-max Seat #3 is the button
Seat 3: mac21722 ($13 in chips)
Seat 5: GoliafUa ($146.26 in chips)
mac21722: posts small blind $1
GoliafUa: posts big blind $3
*** HOLE CARDS ***
mac21722: calls $2
GoliafUa: checks
*** FLOP *** [Jc Td 8s]
GoliafUa: checks
mac21722: checks
*** TURN *** [Jc Td 8s] [5s]
GoliafUa: checks
mac21722: checks
*** RIVER *** [Jc Td 8s 5s] [2s]
GoliafUa: checks
mac21722: checks
*** SHOW DOWN ***
GoliafUa: shows [3d 6h] (high card Jack)
mac21722: shows [7h Qc] (high card Queen)
mac21722 collected $5.88 from pot
*** SUMMARY ***
Total pot $6 | Rake $0.12
Board [Jc Td 8s 5s 2s]
Seat 3: mac21722 (button) (small blind) showed [7h Qc] and won ($5.88) with high card Queen
Seat 5: GoliafUa (big blind) showed [3d 6h] and lost with high card Jack


PokerStars Hand #162379496775:  Hold'em Limit ($3/$6 USD) - 2016/12/03 23:53:29 ET
Table 'Vibilia' 6-max Seat #5 is the button
Seat 3: mac21722 ($15.88 in chips)
Seat 5: GoliafUa ($143.26 in chips)
GoliafUa: posts small blind $1
mac21722: posts big blind $3
*** HOLE CARDS ***
GoliafUa: raises $3 to $6
mac21722: calls $3
*** FLOP *** [3h Ks Kd]
mac21722: bets $3
GoliafUa: calls $3
*** TURN *** [3h Ks Kd] [8h]
mac21722: checks
GoliafUa: checks
*** RIVER *** [3h Ks Kd 8h] [7c]
mac21722: bets $6
GoliafUa: folds
Uncalled bet ($6) returned to mac21722
mac21722 collected $17.64 from pot
mac21722: doesn't show hand
*** SUMMARY ***
Total pot $18 | Rake $0.36
Board [3h Ks Kd 8h 7c]
Seat 3: mac21722 (big blind) collected ($17.64)
Seat 5: GoliafUa (button) (small blind) folded on the River


PokerStars Hand #162379516863:  Hold'em Limit ($3/$6 USD) - 2016/12/03 23:54:35 ET
Table 'Vibilia' 6-max Seat #3 is the button
Seat 3: mac21722 ($62.52 in chips)
Seat 5: GoliafUa ($95.26 in chips)
mac21722: posts small blind $1
GoliafUa: posts big blind $3
*** HOLE CARDS ***
mac21722: calls $2
GoliafUa: checks
*** FLOP *** [Js Kc 8d]
GoliafUa: checks
mac21722: checks
*** TURN *** [Js Kc 8d] [7s]
GoliafUa: checks
mac21722: checks
*** RIVER *** [Js Kc 8d 7s] [2c]
GoliafUa: checks
mac21722: bets $6
GoliafUa: folds
Uncalled bet ($6) returned to mac21722
mac21722 collected $5.88 from pot
mac21722: doesn't show hand
*** SUMMARY ***
Total pot $6 | Rake $0.12
Board [Js Kc 8d 7s 2c]
Seat 3: mac21722 (button) (small blind) collected ($5.88)
Seat 5: GoliafUa (big blind) folded on the River


PokerStars Hand #162379502468:  Hold'em Limit ($3/$6 USD) - 2016/12/03 23:53:48 ET
Table 'Vibilia' 6-max Seat #3 is the button
Seat 3: mac21722 ($24.52 in chips)
Seat 5: GoliafUa ($134.26 in chips)
mac21722: posts small blind $1
GoliafUa: posts big blind $3
*** HOLE CARDS ***
mac21722: calls $2
GoliafUa: checks
*** FLOP *** [5d 4s 8c]
GoliafUa: bets $3
mac21722: calls $3
*** TURN *** [5d 4s 8c] [2h]
GoliafUa: bets $6
mac21722: raises $6 to $12
GoliafUa: calls $6
*** RIVER *** [5d 4s 8c 2h] [5h]
GoliafUa: checks
mac21722: bets $6
GoliafUa: calls $6
*** SHOW DOWN ***
mac21722: shows [6c 3d] (a straight, Deuce to Six)
GoliafUa: mucks hand
mac21722 collected $47.50 from pot
*** SUMMARY ***
Total pot $48 | Rake $0.50
Board [5d 4s 8c 2h 5h]
Seat 3: mac21722 (button) (small blind) showed [6c 3d] and won ($47.50) with a straight, Deuce to Six
Seat 5: GoliafUa (big blind) mucked


PokerStars Hand #162379509224:  Hold'em Limit ($3/$6 USD) - 2016/12/03 23:54:10 ET
Table 'Vibilia' 6-max Seat #5 is the button
Seat 3: mac21722 ($48.02 in chips)
Seat 5: GoliafUa ($110.26 in chips)
GoliafUa: posts small blind $1
mac21722: posts big blind $3
*** HOLE CARDS ***
GoliafUa: raises $3 to $6
mac21722: calls $3
*** FLOP *** [Kh Kd 4s]
boogieman05 joins the table at seat #6
mac21722: checks
GoliafUa: bets $3
mac21722: calls $3
*** TURN *** [Kh Kd 4s] [4c]
mac21722: checks
GoliafUa: checks
*** RIVER *** [Kh Kd 4s 4c] [6d]
mac21722: checks
GoliafUa: bets $6
mac21722: calls $6
*** SHOW DOWN ***
GoliafUa: shows [7s 2h] (two pair, Kings and Fours)
mac21722: shows [7d Ts] (two pair, Kings and Fours - Ten kicker)
mac21722 collected $29.50 from pot
*** SUMMARY ***
Total pot $30 | Rake $0.50
Board [Kh Kd 4s 4c 6d]
Seat 3: mac21722 (big blind) showed [7d Ts] and won ($29.50) with two pair, Kings and Fours
Seat 5: GoliafUa (button) (small blind) showed [7s 2h] and lost with two pair, Kings and Fours


