PokerStars Hand #176580702328:  Hold'em Limit ($3/$6 USD) - 2017/10/06 17:56:58 ET
Table 'Vicia' 10-max Seat #5 is the button
Seat 2: 19@ANDRON@71 ($67.50 in chips)
Seat 5: Ag3r0n ($72 in chips)
Ag3r0n: posts small blind $1
19@ANDRON@71: posts big blind $3
*** HOLE CARDS ***
Ag3r0n: folds
Uncalled bet ($2) returned to 19@ANDRON@71
19@ANDRON@71 collected $2 from pot
19@ANDRON@71: doesn't show hand
*** SUMMARY ***
Total pot $2 | Rake $0
Seat 2: 19@ANDRON@71 (big blind) collected ($2)
Seat 5: Ag3r0n (button) (small blind) folded before Flop


PokerStars Hand #176580678206:  Hold'em Limit ($3/$6 USD) - 2017/10/06 17:56:34 ET
Table 'Vicia' 10-max Seat #2 is the button
Seat 2: 19@ANDRON@71 ($41 in chips)
Seat 5: Ag3r0n ($87.81 in chips)
19@ANDRON@71: posts small blind $1
Ag3r0n: posts big blind $3
*** HOLE CARDS ***
19@ANDRON@71: raises $3 to $6
Ag3r0n: raises $3 to $9
vestimokrec joins the table at seat #3
19@ANDRON@71: calls $3
*** FLOP *** [7d 4d As]
Ag3r0n: bets $3
19@ANDRON@71: raises $3 to $6
Ag3r0n: calls $3
*** TURN *** [7d 4d As] [Qd]
Ag3r0n: checks
19@ANDRON@71: bets $6
Ag3r0n: calls $6
*** RIVER *** [7d 4d As Qd] [8s]
Ag3r0n: checks
19@ANDRON@71: bets $6
Ag3r0n: calls $6
*** SHOW DOWN ***
19@ANDRON@71: shows [4s Ad] (two pair, Aces and Fours)
Ag3r0n: mucks hand
19@ANDRON@71 collected $53.50 from pot
*** SUMMARY ***
Total pot $54 | Rake $0.50
Board [7d 4d As Qd 8s]
Seat 2: 19@ANDRON@71 (button) (small blind) showed [4s Ad] and won ($53.50) with two pair, Aces and Fours
Seat 5: Ag3r0n (big blind) mucked


PokerStars Hand #176580675202:  Hold'em Limit ($3/$6 USD) - 2017/10/06 17:56:29 ET
Table 'Vicia' 10-max Seat #5 is the button
Seat 2: 19@ANDRON@71 ($40 in chips)
Seat 5: Ag3r0n ($88.81 in chips)
Ag3r0n: posts small blind $1
vestimokrec: is sitting out
19@ANDRON@71: posts big blind $3
*** HOLE CARDS ***
Ag3r0n: folds
Uncalled bet ($2) returned to 19@ANDRON@71
19@ANDRON@71 collected $2 from pot
vestimokrec leaves the table
19@ANDRON@71: doesn't show hand
*** SUMMARY ***
Total pot $2 | Rake $0
Seat 2: 19@ANDRON@71 (big blind) collected ($2)
Seat 5: Ag3r0n (button) (small blind) folded before Flop


PokerStars Hand #176582566406:  Hold'em Limit ($3/$6 USD) - 2017/10/06 18:42:43 ET
Table 'Vicia' 10-max Seat #1 is the button
Seat 1: Kopp19 ($52.54 in chips)
Seat 2: Ag3r0n ($72 in chips)
Kopp19: posts small blind $1
Ag3r0n: posts big blind $3
*** HOLE CARDS ***
Kopp19: raises $3 to $6
Ag3r0n: calls $3
*** FLOP *** [7c 8s 3c]
Ag3r0n: checks
Kopp19: checks
*** TURN *** [7c 8s 3c] [6s]
Ag3r0n: checks
Kopp19: checks
*** RIVER *** [7c 8s 3c 6s] [Ad]
Ag3r0n: checks
Kopp19: checks
*** SHOW DOWN ***
Ag3r0n: shows [Kh 3d] (a pair of Threes)
Kopp19: mucks hand
Ag3r0n collected $11.76 from pot
*** SUMMARY ***
Total pot $12 | Rake $0.24
Board [7c 8s 3c 6s Ad]
Seat 1: Kopp19 (button) (small blind) mucked
Seat 2: Ag3r0n (big blind) showed [Kh 3d] and won ($11.76) with a pair of Threes


