PokerStars Hand #147015752788:  Hold'em Limit ($3/$6 USD) - 2016/01/14 8:06:31 ET
Table 'Vicia' 10-max Seat #1 is the button
Seat 1: partyalex92 ($120.06 in chips)
Seat 7: Actionni13 ($150 in chips)
partyalex92: posts small blind $1
Actionni13: posts big blind $3
*** HOLE CARDS ***
partyalex92: calls $2
Actionni13: checks
*** FLOP *** [Ks 5h Tc]
Actionni13: bets $3
partyalex92: calls $3
*** TURN *** [Ks 5h Tc] [7d]
Actionni13: checks
partyalex92: checks
*** RIVER *** [Ks 5h Tc 7d] [7s]
Actionni13: checks
partyalex92: checks
*** SHOW DOWN ***
Actionni13: shows [Qh 5s] (two pair, Sevens and Fives)
partyalex92: mucks hand
Actionni13 collected $11.76 from pot
*** SUMMARY ***
Total pot $12 | Rake $0.24
Board [Ks 5h Tc 7d 7s]
Seat 1: partyalex92 (button) (small blind) mucked
Seat 7: Actionni13 (big blind) showed [Qh 5s] and won ($11.76) with two pair, Sevens and Fives


PokerStars Hand #147015739727:  Hold'em Limit ($3/$6 USD) - 2016/01/14 8:06:07 ET
Table 'Vicia' 10-max Seat #7 is the button
Seat 1: partyalex92 ($111.42 in chips)
Seat 7: Actionni13 ($151 in chips)
Actionni13: posts small blind $1
partyalex92: posts big blind $3
*** HOLE CARDS ***
Actionni13: raises $3 to $6
partyalex92: calls $3
*** FLOP *** [4s Jc 8d]
partyalex92: checks
Actionni13: bets $3
partyalex92: calls $3
*** TURN *** [4s Jc 8d] [3h]
partyalex92: checks
Actionni13: checks
*** RIVER *** [4s Jc 8d 3h] [Td]
partyalex92: bets $6
Actionni13: folds
Uncalled bet ($6) returned to partyalex92
partyalex92 collected $17.64 from pot
partyalex92: doesn't show hand
*** SUMMARY ***
Total pot $18 | Rake $0.36
Board [4s Jc 8d 3h Td]
Seat 1: partyalex92 (big blind) collected ($17.64)
Seat 7: Actionni13 (button) (small blind) folded on the River


PokerStars Hand #147015775948:  Hold'em Limit ($3/$6 USD) - 2016/01/14 8:07:13 ET
Table 'Vicia' 10-max Seat #1 is the button
Seat 1: partyalex92 ($99.06 in chips)
Seat 7: Actionni13 ($170.26 in chips)
partyalex92: posts small blind $1
Actionni13: posts big blind $3
*** HOLE CARDS ***
partyalex92: folds
Uncalled bet ($2) returned to Actionni13
Actionni13 collected $2 from pot
Actionni13: doesn't show hand
*** SUMMARY ***
Total pot $2 | Rake $0
Seat 1: partyalex92 (button) (small blind) folded before Flop
Seat 7: Actionni13 (big blind) collected ($2)


PokerStars Hand #147015762332:  Hold'em Limit ($3/$6 USD) - 2016/01/14 8:06:48 ET
Table 'Vicia' 10-max Seat #7 is the button
Seat 1: partyalex92 ($114.06 in chips)
Seat 7: Actionni13 ($155.76 in chips)
Actionni13: posts small blind $1
partyalex92: posts big blind $3
*** HOLE CARDS ***
Actionni13: raises $3 to $6
partyalex92: calls $3
*** FLOP *** [3s Kh 8h]
partyalex92: checks
Actionni13: bets $3
partyalex92: calls $3
*** TURN *** [3s Kh 8h] [Jh]
partyalex92: checks
Actionni13: checks
*** RIVER *** [3s Kh 8h Jh] [Qc]
partyalex92: bets $6
Actionni13: calls $6
*** SHOW DOWN ***
partyalex92: shows [Js Ad] (a pair of Jacks)
Actionni13: shows [Qs 7s] (a pair of Queens)
Actionni13 collected $29.50 from pot
*** SUMMARY ***
Total pot $30 | Rake $0.50
Board [3s Kh 8h Jh Qc]
Seat 1: partyalex92 (big blind) showed [Js Ad] and lost with a pair of Jacks
Seat 7: Actionni13 (button) (small blind) showed [Qs 7s] and won ($29.50) with a pair of Queens


PokerStars Hand #147015778981:  Hold'em Limit ($3/$6 USD) - 2016/01/14 8:07:19 ET
Table 'Vicia' 10-max Seat #7 is the button
Seat 1: partyalex92 ($98.06 in chips)
Seat 7: Actionni13 ($171.26 in chips)
Actionni13: posts small blind $1
partyalex92: posts big blind $3
*** HOLE CARDS ***
Actionni13: raises $3 to $6
partyalex92: calls $3
*** FLOP *** [Jc 9d 7d]
partyalex92: checks
Actionni13: bets $3
partyalex92: calls $3
*** TURN *** [Jc 9d 7d] [6d]
partyalex92: checks
Actionni13: checks
*** RIVER *** [Jc 9d 7d 6d] [Ac]
partyalex92: checks
Actionni13: checks
*** SHOW DOWN ***
partyalex92: shows [Qd 9h] (a pair of Nines)
Actionni13: mucks hand
partyalex92 collected $17.64 from pot
*** SUMMARY ***
Total pot $18 | Rake $0.36
Board [Jc 9d 7d 6d Ac]
Seat 1: partyalex92 (big blind) showed [Qd 9h] and won ($17.64) with a pair of Nines
Seat 7: Actionni13 (button) (small blind) mucked


