PokerStars Hand #146554622243:  Hold'em Limit ($3/$6 USD) - 2016/01/06 4:57:59 ET
Table 'Victoria II' 2-max Seat #1 is the button
Seat 1: TheU10 ($121 in chips)
Seat 2: Ultrafranke ($119 in chips)
TheU10: posts small blind $1
Ultrafranke: posts big blind $3
*** HOLE CARDS ***
TheU10: raises $3 to $6
Ultrafranke: calls $3
*** FLOP *** [Kh As 5c]
Ultrafranke: checks
TheU10: bets $3
Ultrafranke: folds
Uncalled bet ($3) returned to TheU10
TheU10 collected $11.76 from pot
TheU10: doesn't show hand
*** SUMMARY ***
Total pot $12 | Rake $0.24
Board [Kh As 5c]
Seat 1: TheU10 (button) (small blind) collected ($11.76)
Seat 2: Ultrafranke (big blind) folded on the Flop


PokerStars Hand #146554628389:  Hold'em Limit ($3/$6 USD) - 2016/01/06 4:58:14 ET
Table 'Victoria II' 2-max Seat #1 is the button
Seat 1: TheU10 ($127.76 in chips)
Seat 2: Ultrafranke ($112 in chips)
TheU10: posts small blind $1
Ultrafranke: posts big blind $3
*** HOLE CARDS ***
TheU10: raises $3 to $6
Ultrafranke: calls $3
*** FLOP *** [6d 9c Qs]
Ultrafranke: checks
TheU10: bets $3
Ultrafranke: calls $3
*** TURN *** [6d 9c Qs] [2h]
Ultrafranke: checks
TheU10: bets $6
Ultrafranke: calls $6
*** RIVER *** [6d 9c Qs 2h] [Ks]
Ultrafranke: checks
TheU10: bets $6
Ultrafranke: calls $6
*** SHOW DOWN ***
TheU10: shows [Js Th] (a straight, Nine to King)
Ultrafranke: mucks hand
TheU10 collected $41.50 from pot
*** SUMMARY ***
Total pot $42 | Rake $0.50
Board [6d 9c Qs 2h Ks]
Seat 1: TheU10 (button) (small blind) showed [Js Th] and won ($41.50) with a straight, Nine to King
Seat 2: Ultrafranke (big blind) mucked


PokerStars Hand #146554635864:  Hold'em Limit ($3/$6 USD) - 2016/01/06 4:58:32 ET
Table 'Victoria II' 2-max Seat #2 is the button
Seat 1: TheU10 ($148.26 in chips)
Seat 2: Ultrafranke ($91 in chips)
Ultrafranke: posts small blind $1
TheU10: posts big blind $3
*** HOLE CARDS ***
Ultrafranke: raises $3 to $6
TheU10: folds
Uncalled bet ($3) returned to Ultrafranke
Ultrafranke collected $6 from pot
Ultrafranke: doesn't show hand
*** SUMMARY ***
Total pot $6 | Rake $0
Seat 1: TheU10 (big blind) folded before Flop
Seat 2: Ultrafranke (button) (small blind) collected ($6)


PokerStars Hand #146554639917:  Hold'em Limit ($3/$6 USD) - 2016/01/06 4:58:42 ET
Table 'Victoria II' 2-max Seat #2 is the button
Seat 1: TheU10 ($144.26 in chips)
Seat 2: Ultrafranke ($95 in chips)
Ultrafranke: posts small blind $1
TheU10: posts big blind $3
*** HOLE CARDS ***
Ultrafranke: raises $3 to $6
TheU10: calls $3
*** FLOP *** [6h Th 3s]
TheU10: checks
Ultrafranke: bets $3
TheU10: raises $3 to $6
Ultrafranke: calls $3
*** TURN *** [6h Th 3s] [Ks]
TheU10: bets $6
Ultrafranke: calls $6
*** RIVER *** [6h Th 3s Ks] [3h]
TheU10: bets $6
Ultrafranke: calls $6
*** SHOW DOWN ***
TheU10: shows [6s 3c] (a full house, Threes full of Sixes)
Ultrafranke: mucks hand
TheU10 collected $47.50 from pot
*** SUMMARY ***
Total pot $48 | Rake $0.50
Board [6h Th 3s Ks 3h]
Seat 1: TheU10 (big blind) showed [6s 3c] and won ($47.50) with a full house, Threes full of Sixes
Seat 2: Ultrafranke (button) (small blind) mucked


PokerStars Hand #146554646771:  Hold'em Limit ($3/$6 USD) - 2016/01/06 4:58:59 ET
Table 'Victoria II' 2-max Seat #1 is the button
Seat 1: TheU10 ($167.76 in chips)
Seat 2: Ultrafranke ($71 in chips)
TheU10: posts small blind $1
Ultrafranke: posts big blind $3
*** HOLE CARDS ***
TheU10: raises $3 to $6
Ultrafranke: calls $3
*** FLOP *** [8s 7c 4h]
Ultrafranke: checks
TheU10: bets $3
Ultrafranke: calls $3
*** TURN *** [8s 7c 4h] [Jc]
Ultrafranke: checks
TheU10: bets $6
Ultrafranke: calls $6
*** RIVER *** [8s 7c 4h Jc] [8d]
Ultrafranke: checks
TheU10: bets $6
Ultrafranke: folds
Uncalled bet ($6) returned to TheU10
TheU10 collected $29.50 from pot
TheU10: doesn't show hand
*** SUMMARY ***
Total pot $30 | Rake $0.50
Board [8s 7c 4h Jc 8d]
Seat 1: TheU10 (button) (small blind) collected ($29.50)
Seat 2: Ultrafranke (big blind) folded on the River


PokerStars Hand #146554655441:  Hold'em Limit ($3/$6 USD) - 2016/01/06 4:59:20 ET
Table 'Victoria II' 2-max Seat #2 is the button
Seat 1: TheU10 ($182.26 in chips)
Seat 2: Ultrafranke ($56 in chips)
Ultrafranke: posts small blind $1
TheU10: posts big blind $3
*** HOLE CARDS ***
Ultrafranke: raises $3 to $6
TheU10: raises $3 to $9
Ultrafranke: calls $3
*** FLOP *** [2c 2d Td]
TheU10: bets $3
Ultrafranke: raises $3 to $6
TheU10: calls $3
*** TURN *** [2c 2d Td] [Kd]
TheU10: checks
Ultrafranke: checks
*** RIVER *** [2c 2d Td Kd] [3d]
TheU10: bets $6
Ultrafranke: raises $6 to $12
TheU10: calls $6
*** SHOW DOWN ***
Ultrafranke: shows [Qc Qd] (a flush, King high)
TheU10: mucks hand
Ultrafranke collected $53.50 from pot
*** SUMMARY ***
Total pot $54 | Rake $0.50
Board [2c 2d Td Kd 3d]
Seat 1: TheU10 (big blind) mucked
Seat 2: Ultrafranke (button) (small blind) showed [Qc Qd] and won ($53.50) with a flush, King high


PokerStars Hand #146554684243:  Hold'em Limit ($3/$6 USD) - 2016/01/06 5:00:30 ET
Table 'Victoria II' 2-max Seat #1 is the button
Seat 1: TheU10 ($167.28 in chips)
Seat 2: Ultrafranke ($69 in chips)
TheU10: posts small blind $1
Ultrafranke: posts big blind $3
*** HOLE CARDS ***
TheU10: raises $3 to $6
Ultrafranke: raises $3 to $9
TheU10: calls $3
*** FLOP *** [2h 3h Ks]
Ultrafranke: bets $3
TheU10: calls $3
*** TURN *** [2h 3h Ks] [Ac]
Ultrafranke: bets $6
TheU10: raises $6 to $12
Ultrafranke: calls $6
*** RIVER *** [2h 3h Ks Ac] [5s]
Ultrafranke: checks
TheU10: bets $6
Ultrafranke: calls $6
*** SHOW DOWN ***
TheU10: shows [5h 4h] (a straight, Ace to Five)
Ultrafranke: mucks hand
TheU10 collected $59.50 from pot
*** SUMMARY ***
Total pot $60 | Rake $0.50
Board [2h 3h Ks Ac 5s]
Seat 1: TheU10 (button) (small blind) showed [5h 4h] and won ($59.50) with a straight, Ace to Five
Seat 2: Ultrafranke (big blind) mucked


PokerStars Hand #146554674698:  Hold'em Limit ($3/$6 USD) - 2016/01/06 5:00:07 ET
Table 'Victoria II' 2-max Seat #1 is the button
Seat 1: TheU10 ($190.28 in chips)
Seat 2: Ultrafranke ($46.50 in chips)
TheU10: posts small blind $1
Ultrafranke: posts big blind $3
*** HOLE CARDS ***
TheU10: raises $3 to $6
Ultrafranke: calls $3
*** FLOP *** [4d Kc Ad]
Ultrafranke: checks
TheU10: checks
*** TURN *** [4d Kc Ad] [Qh]
Ultrafranke: checks
TheU10: bets $6
Ultrafranke: raises $6 to $12
TheU10: calls $6
*** RIVER *** [4d Kc Ad Qh] [3s]
Ultrafranke: bets $6
TheU10: calls $6
*** SHOW DOWN ***
Ultrafranke: shows [Ts Js] (a straight, Ten to Ace)
TheU10: mucks hand
Ultrafranke collected $47.50 from pot
*** SUMMARY ***
Total pot $48 | Rake $0.50
Board [4d Kc Ad Qh 3s]
Seat 1: TheU10 (button) (small blind) mucked
Seat 2: Ultrafranke (big blind) showed [Ts Js] and won ($47.50) with a straight, Ten to Ace


PokerStars Hand #146554668996:  Hold'em Limit ($3/$6 USD) - 2016/01/06 4:59:53 ET
Table 'Victoria II' 2-max Seat #2 is the button
Seat 1: TheU10 ($178.76 in chips)
Seat 2: Ultrafranke ($58.50 in chips)
Ultrafranke: posts small blind $1
TheU10: posts big blind $3
*** HOLE CARDS ***
Ultrafranke: raises $3 to $6
TheU10: calls $3
*** FLOP *** [2c 5s 5d]
TheU10: checks
Ultrafranke: checks
*** TURN *** [2c 5s 5d] [3d]
TheU10: bets $6
Ultrafranke: calls $6
*** RIVER *** [2c 5s 5d 3d] [4c]
TheU10: bets $6
Ultrafranke: folds
Uncalled bet ($6) returned to TheU10
TheU10 collected $23.52 from pot
TheU10: doesn't show hand
*** SUMMARY ***
Total pot $24 | Rake $0.48
Board [2c 5s 5d 3d 4c]
Seat 1: TheU10 (big blind) collected ($23.52)
Seat 2: Ultrafranke (button) (small blind) folded on the River


PokerStars Hand #146554713206:  Hold'em Limit ($3/$6 USD) - 2016/01/06 5:01:35 ET
Table 'Victoria II' 2-max Seat #1 is the button
Seat 1: TheU10 ($181.66 in chips)
Seat 2: Ultrafranke ($53.28 in chips)
TheU10: posts small blind $1
Ultrafranke: posts big blind $3
*** HOLE CARDS ***
TheU10: raises $3 to $6
Ultrafranke: calls $3
*** FLOP *** [2s 4s Ah]
Ultrafranke: checks
TheU10: bets $3
Ultrafranke: folds
Uncalled bet ($3) returned to TheU10
TheU10 collected $11.76 from pot
TheU10: doesn't show hand
*** SUMMARY ***
Total pot $12 | Rake $0.24
Board [2s 4s Ah]
Seat 1: TheU10 (button) (small blind) collected ($11.76)
Seat 2: Ultrafranke (big blind) folded on the Flop


PokerStars Hand #146554700850:  Hold'em Limit ($3/$6 USD) - 2016/01/06 5:01:08 ET
Table 'Victoria II' 2-max Seat #1 is the button
Seat 1: TheU10 ($196.66 in chips)
Seat 2: Ultrafranke ($38.88 in chips)
TheU10: posts small blind $1
Ultrafranke: posts big blind $3
*** HOLE CARDS ***
TheU10: raises $3 to $6
Ultrafranke: calls $3
*** FLOP *** [Jd Th 8s]
Ultrafranke: checks
TheU10: bets $3
Ultrafranke: calls $3
*** TURN *** [Jd Th 8s] [3d]
Ultrafranke: checks
TheU10: checks
*** RIVER *** [Jd Th 8s 3d] [As]
Ultrafranke: bets $6
TheU10: folds
Uncalled bet ($6) returned to Ultrafranke
Ultrafranke collected $17.64 from pot
Ultrafranke: doesn't show hand
*** SUMMARY ***
Total pot $18 | Rake $0.36
Board [Jd Th 8s 3d As]
Seat 1: TheU10 (button) (small blind) folded on the River
Seat 2: Ultrafranke (big blind) collected ($17.64)


PokerStars Hand #146554692480:  Hold'em Limit ($3/$6 USD) - 2016/01/06 5:00:49 ET
Table 'Victoria II' 2-max Seat #2 is the button
Seat 1: TheU10 ($196.78 in chips)
Seat 2: Ultrafranke ($39 in chips)
Ultrafranke: posts small blind $1
TheU10: posts big blind $3
*** HOLE CARDS ***
Ultrafranke: raises $3 to $6
TheU10: calls $3
*** FLOP *** [9h 7h 7s]
TheU10: checks
Ultrafranke: checks
*** TURN *** [9h 7h 7s] [Tc]
TheU10: checks
Ultrafranke: checks
*** RIVER *** [9h 7h 7s Tc] [Ks]
TheU10: checks
Ultrafranke: checks
*** SHOW DOWN ***
TheU10: shows [5h Qs] (a pair of Sevens)
Ultrafranke: shows [Qh 2h] (a pair of Sevens)
TheU10 collected $5.88 from pot
Ultrafranke collected $5.88 from pot
*** SUMMARY ***
Total pot $12 | Rake $0.24
Board [9h 7h 7s Tc Ks]
Seat 1: TheU10 (big blind) showed [5h Qs] and won ($5.88) with a pair of Sevens
Seat 2: Ultrafranke (button) (small blind) showed [Qh 2h] and won ($5.88) with a pair of Sevens


PokerStars Hand #146554731633:  Hold'em Limit ($3/$6 USD) - 2016/01/06 5:02:15 ET
Table 'Victoria II' 2-max Seat #2 is the button
Seat 1: TheU10 ($204.70 in chips)
Seat 2: Ultrafranke ($29.28 in chips)
Ultrafranke: posts small blind $1
TheU10: posts big blind $3
*** HOLE CARDS ***
Ultrafranke: raises $3 to $6
TheU10: calls $3
*** FLOP *** [As 5d 3c]
TheU10: checks
Ultrafranke: checks
*** TURN *** [As 5d 3c] [6h]
TheU10: bets $6
Ultrafranke: raises $6 to $12
TheU10: folds
Uncalled bet ($6) returned to Ultrafranke
Ultrafranke collected $23.52 from pot
Ultrafranke: doesn't show hand
*** SUMMARY ***
Total pot $24 | Rake $0.48
Board [As 5d 3c 6h]
Seat 1: TheU10 (big blind) folded on the Turn
Seat 2: Ultrafranke (button) (small blind) collected ($23.52)


PokerStars Hand #146554726056:  Hold'em Limit ($3/$6 USD) - 2016/01/06 5:02:03 ET
Table 'Victoria II' 2-max Seat #1 is the button
Seat 1: TheU10 ($193.18 in chips)
Seat 2: Ultrafranke ($41.28 in chips)
TheU10: posts small blind $1
Ultrafranke: posts big blind $3
*** HOLE CARDS ***
TheU10: raises $3 to $6
Ultrafranke: calls $3
*** FLOP *** [7d 3s Ts]
Ultrafranke: checks
TheU10: checks
*** TURN *** [7d 3s Ts] [5s]
Ultrafranke: checks
TheU10: bets $6
Ultrafranke: calls $6
*** RIVER *** [7d 3s Ts 5s] [9d]
Ultrafranke: checks
TheU10: checks
*** SHOW DOWN ***
Ultrafranke: shows [3h Qh] (a pair of Threes)
TheU10: shows [Qd 5h] (a pair of Fives)
TheU10 collected $23.52 from pot
*** SUMMARY ***
Total pot $24 | Rake $0.48
Board [7d 3s Ts 5s 9d]
Seat 1: TheU10 (button) (small blind) showed [Qd 5h] and won ($23.52) with a pair of Fives
Seat 2: Ultrafranke (big blind) showed [3h Qh] and lost with a pair of Threes


PokerStars Hand #146554717035:  Hold'em Limit ($3/$6 USD) - 2016/01/06 5:01:43 ET
Table 'Victoria II' 2-max Seat #2 is the button
Seat 1: TheU10 ($187.42 in chips)
Seat 2: Ultrafranke ($47.28 in chips)
Ultrafranke: posts small blind $1
TheU10: posts big blind $3
*** HOLE CARDS ***
Ultrafranke: raises $3 to $6
TheU10: calls $3
*** FLOP *** [5h 2h Qd]
TheU10: checks
Ultrafranke: checks
*** TURN *** [5h 2h Qd] [2s]
TheU10: checks
Ultrafranke: checks
*** RIVER *** [5h 2h Qd 2s] [Kc]
TheU10: bets $6
Ultrafranke: folds
Uncalled bet ($6) returned to TheU10
TheU10 collected $11.76 from pot
TheU10: doesn't show hand
*** SUMMARY ***
Total pot $12 | Rake $0.24
Board [5h 2h Qd 2s Kc]
Seat 1: TheU10 (big blind) collected ($11.76)
Seat 2: Ultrafranke (button) (small blind) folded on the River


PokerStars Hand #146554736615:  Hold'em Limit ($3/$6 USD) - 2016/01/06 5:02:26 ET
Table 'Victoria II' 2-max Seat #1 is the button
Seat 1: TheU10 ($192.70 in chips)
Seat 2: Ultrafranke ($40.80 in chips)
TheU10: posts small blind $1
Ultrafranke: posts big blind $3
*** HOLE CARDS ***
TheU10: raises $3 to $6
Ultrafranke: calls $3
*** FLOP *** [Ks 4s Ts]
Ultrafranke: checks
TheU10: checks
*** TURN *** [Ks 4s Ts] [2d]
Ultrafranke: checks
TheU10: checks
*** RIVER *** [Ks 4s Ts 2d] [6h]
Ultrafranke: checks
TheU10: bets $6
Ultrafranke: folds
Uncalled bet ($6) returned to TheU10
TheU10 collected $11.76 from pot
TheU10: doesn't show hand
*** SUMMARY ***
Total pot $12 | Rake $0.24
Board [Ks 4s Ts 2d 6h]
Seat 1: TheU10 (button) (small blind) collected ($11.76)
Seat 2: Ultrafranke (big blind) folded on the River


PokerStars Hand #146554767765:  Hold'em Limit ($3/$6 USD) - 2016/01/06 5:03:34 ET
Table 'Victoria II' 2-max Seat #2 is the button
Seat 1: TheU10 ($197.96 in chips)
Seat 2: Ultrafranke ($34.30 in chips)
Ultrafranke: posts small blind $1
TheU10: posts big blind $3
*** HOLE CARDS ***
Ultrafranke: raises $3 to $6
TheU10: calls $3
*** FLOP *** [2h 5d Ah]
TheU10: checks
Ultrafranke: checks
*** TURN *** [2h 5d Ah] [8c]
TheU10: checks
Ultrafranke: checks
*** RIVER *** [2h 5d Ah 8c] [Js]
TheU10: checks
Ultrafranke: checks
*** SHOW DOWN ***
TheU10: shows [Qh 7c] (high card Ace)
Ultrafranke: mucks hand
TheU10 collected $11.76 from pot
*** SUMMARY ***
Total pot $12 | Rake $0.24
Board [2h 5d Ah 8c Js]
Seat 1: TheU10 (big blind) showed [Qh 7c] and won ($11.76) with high card Ace
Seat 2: Ultrafranke (button) (small blind) mucked


PokerStars Hand #146554745111:  Hold'em Limit ($3/$6 USD) - 2016/01/06 5:02:45 ET
Table 'Victoria II' 2-max Seat #2 is the button
Seat 1: TheU10 ($198.46 in chips)
Seat 2: Ultrafranke ($34.80 in chips)
Ultrafranke: posts small blind $1
TheU10: posts big blind $3
*** HOLE CARDS ***
Ultrafranke: raises $3 to $6
TheU10: calls $3
*** FLOP *** [7c Kh Js]
TheU10: checks
Ultrafranke: bets $3
TheU10: raises $3 to $6
Ultrafranke: calls $3
*** TURN *** [7c Kh Js] [7d]
TheU10: bets $6
Ultrafranke: calls $6
*** RIVER *** [7c Kh Js 7d] [Ts]
TheU10: checks
Ultrafranke: bets $6
TheU10: calls $6
*** SHOW DOWN ***
Ultrafranke: shows [Jc Ks] (two pair, Kings and Jacks)
TheU10: mucks hand
Ultrafranke collected $47.50 from pot
*** SUMMARY ***
Total pot $48 | Rake $0.50
Board [7c Kh Js 7d Ts]
Seat 1: TheU10 (big blind) mucked
Seat 2: Ultrafranke (button) (small blind) showed [Jc Ks] and won ($47.50) with two pair, Kings and Jacks


PokerStars Hand #146554783427:  Hold'em Limit ($3/$6 USD) - 2016/01/06 5:04:06 ET
Table 'Victoria II' 2-max Seat #2 is the button
Seat 1: TheU10 ($175.42 in chips)
Seat 2: Ultrafranke ($56.10 in chips)
Ultrafranke: posts small blind $1
TheU10: posts big blind $3
*** HOLE CARDS ***
Ultrafranke: raises $3 to $6
TheU10: calls $3
*** FLOP *** [Qd Ks Ts]
TheU10: checks
Ultrafranke: checks
*** TURN *** [Qd Ks Ts] [3h]
TheU10: bets $6
Ultrafranke: raises $6 to $12
TheU10: calls $6
*** RIVER *** [Qd Ks Ts 3h] [2c]
TheU10: checks
Ultrafranke: bets $6
TheU10: folds
Uncalled bet ($6) returned to Ultrafranke
Ultrafranke collected $35.50 from pot
Ultrafranke: doesn't show hand
*** SUMMARY ***
Total pot $36 | Rake $0.50
Board [Qd Ks Ts 3h 2c]
Seat 1: TheU10 (big blind) folded on the River
Seat 2: Ultrafranke (button) (small blind) collected ($35.50)


PokerStars Hand #146554790361:  Hold'em Limit ($3/$6 USD) - 2016/01/06 5:04:21 ET
Table 'Victoria II' 2-max Seat #1 is the button
Seat 1: TheU10 ($157.42 in chips)
Seat 2: Ultrafranke ($73.60 in chips)
TheU10: posts small blind $1
Ultrafranke: posts big blind $3
*** HOLE CARDS ***
TheU10: raises $3 to $6
Ultrafranke: calls $3
*** FLOP *** [4d 3c Qc]
Ultrafranke: checks
TheU10: checks
*** TURN *** [4d 3c Qc] [9s]
Ultrafranke: checks
TheU10: checks
*** RIVER *** [4d 3c Qc 9s] [9d]
Ultrafranke: bets $6
TheU10: folds
Uncalled bet ($6) returned to Ultrafranke
Ultrafranke collected $11.76 from pot
Ultrafranke: doesn't show hand
*** SUMMARY ***
Total pot $12 | Rake $0.24
Board [4d 3c Qc 9s 9d]
Seat 1: TheU10 (button) (small blind) folded on the River
Seat 2: Ultrafranke (big blind) collected ($11.76)


PokerStars Hand #146554803576:  Hold'em Limit ($3/$6 USD) - 2016/01/06 5:04:49 ET
Table 'Victoria II' 2-max Seat #1 is the button
Seat 1: TheU10 ($157.18 in chips)
Seat 2: Ultrafranke ($73.36 in chips)
TheU10: posts small blind $1
Ultrafranke: posts big blind $3
*** HOLE CARDS ***
TheU10: raises $3 to $6
Ultrafranke: folds
Uncalled bet ($3) returned to TheU10
TheU10 collected $6 from pot
TheU10: doesn't show hand
*** SUMMARY ***
Total pot $6 | Rake $0
Seat 1: TheU10 (button) (small blind) collected ($6)
Seat 2: Ultrafranke (big blind) folded before Flop


PokerStars Hand #146554833432:  Hold'em Limit ($3/$6 USD) - 2016/01/06 5:05:50 ET
Table 'Victoria II' 2-max Seat #1 is the button
Seat 1: TheU10 ($151.22 in chips)
Seat 2: Ultrafranke ($77.38 in chips)
TheU10: posts small blind $1
Ultrafranke: posts big blind $3
*** HOLE CARDS ***
TheU10: folds
Uncalled bet ($2) returned to Ultrafranke
Ultrafranke collected $2 from pot
Ultrafranke: doesn't show hand
*** SUMMARY ***
Total pot $2 | Rake $0
Seat 1: TheU10 (button) (small blind) folded before Flop
Seat 2: Ultrafranke (big blind) collected ($2)


PokerStars Hand #146554805619:  Hold'em Limit ($3/$6 USD) - 2016/01/06 5:04:54 ET
Table 'Victoria II' 2-max Seat #2 is the button
Seat 1: TheU10 ($160.18 in chips)
Seat 2: Ultrafranke ($70.36 in chips)
Ultrafranke: posts small blind $1
TheU10: posts big blind $3
*** HOLE CARDS ***
Ultrafranke: raises $3 to $6
TheU10: calls $3
*** FLOP *** [7h Td Ad]
TheU10: checks
Ultrafranke: checks
*** TURN *** [7h Td Ad] [7s]
TheU10: bets $6
Ultrafranke: calls $6
*** RIVER *** [7h Td Ad 7s] [Jc]
TheU10: bets $6
Ultrafranke: folds
Uncalled bet ($6) returned to TheU10
TheU10 collected $23.52 from pot
TheU10: doesn't show hand
*** SUMMARY ***
Total pot $24 | Rake $0.48
Board [7h Td Ad 7s Jc]
Seat 1: TheU10 (big blind) collected ($23.52)
Seat 2: Ultrafranke (button) (small blind) folded on the River


PokerStars Hand #146554823792:  Hold'em Limit ($3/$6 USD) - 2016/01/06 5:05:30 ET
Table 'Victoria II' 2-max Seat #1 is the button
Seat 1: TheU10 ($171.22 in chips)
Seat 2: Ultrafranke ($57.88 in chips)
TheU10: posts small blind $1
Ultrafranke: posts big blind $3
*** HOLE CARDS ***
TheU10: raises $3 to $6
Ultrafranke: calls $3
*** FLOP *** [2c 9d 5s]
Ultrafranke: checks
TheU10: bets $3
Ultrafranke: calls $3
*** TURN *** [2c 9d 5s] [Td]
Ultrafranke: checks
TheU10: bets $6
Ultrafranke: raises $6 to $12
TheU10: calls $6
*** RIVER *** [2c 9d 5s Td] [7c]
Ultrafranke: bets $6
TheU10: folds
Uncalled bet ($6) returned to Ultrafranke
Ultrafranke collected $41.50 from pot
Ultrafranke: doesn't show hand
*** SUMMARY ***
Total pot $42 | Rake $0.50
Board [2c 9d 5s Td 7c]
Seat 1: TheU10 (button) (small blind) folded on the River
Seat 2: Ultrafranke (big blind) collected ($41.50)


PokerStars Hand #146554812617:  Hold'em Limit ($3/$6 USD) - 2016/01/06 5:05:06 ET
Table 'Victoria II' 2-max Seat #1 is the button
Seat 1: TheU10 ($171.70 in chips)
Seat 2: Ultrafranke ($58.36 in chips)
TheU10: posts small blind $1
Ultrafranke: posts big blind $3
*** HOLE CARDS ***
TheU10: raises $3 to $6
Ultrafranke: raises $3 to $9
TheU10: calls $3
*** FLOP *** [3d 3s Td]
Ultrafranke: bets $3
TheU10: calls $3
*** TURN *** [3d 3s Td] [4d]
Ultrafranke: checks
TheU10: checks
*** RIVER *** [3d 3s Td 4d] [Ts]
Ultrafranke: bets $6
TheU10: folds
Uncalled bet ($6) returned to Ultrafranke
Ultrafranke collected $23.52 from pot
Ultrafranke: doesn't show hand
*** SUMMARY ***
Total pot $24 | Rake $0.48
Board [3d 3s Td 4d Ts]
Seat 1: TheU10 (button) (small blind) folded on the River
Seat 2: Ultrafranke (big blind) collected ($23.52)


PokerStars Hand #146554855709:  Hold'em Limit ($3/$6 USD) - 2016/01/06 5:06:35 ET
Table 'Victoria II' 2-max Seat #1 is the button
Seat 1: TheU10 ($182.72 in chips)
Seat 2: Ultrafranke ($45.14 in chips)
TheU10: posts small blind $1
Ultrafranke: posts big blind $3
*** HOLE CARDS ***
TheU10: raises $3 to $6
Ultrafranke: calls $3
*** FLOP *** [5c Th 8h]
Ultrafranke: checks
TheU10: bets $3
Ultrafranke: calls $3
*** TURN *** [5c Th 8h] [2s]
Ultrafranke: checks
TheU10: bets $6
Ultrafranke: folds
Uncalled bet ($6) returned to TheU10
TheU10 collected $17.64 from pot
TheU10: doesn't show hand
*** SUMMARY ***
Total pot $18 | Rake $0.36
Board [5c Th 8h 2s]
Seat 1: TheU10 (button) (small blind) collected ($17.64)
Seat 2: Ultrafranke (big blind) folded on the Turn


PokerStars Hand #146554840674:  Hold'em Limit ($3/$6 USD) - 2016/01/06 5:06:04 ET
Table 'Victoria II' 2-max Seat #1 is the button
Seat 1: TheU10 ($144.22 in chips)
Seat 2: Ultrafranke ($84.14 in chips)
TheU10: posts small blind $1
Ultrafranke: posts big blind $3
*** HOLE CARDS ***
TheU10: raises $3 to $6
Ultrafranke: folds
Uncalled bet ($3) returned to TheU10
TheU10 collected $6 from pot
TheU10: doesn't show hand
*** SUMMARY ***
Total pot $6 | Rake $0
Seat 1: TheU10 (button) (small blind) collected ($6)
Seat 2: Ultrafranke (big blind) folded before Flop


PokerStars Hand #146554835661:  Hold'em Limit ($3/$6 USD) - 2016/01/06 5:05:54 ET
Table 'Victoria II' 2-max Seat #2 is the button
Seat 1: TheU10 ($150.22 in chips)
Seat 2: Ultrafranke ($78.38 in chips)
Ultrafranke: posts small blind $1
TheU10: posts big blind $3
*** HOLE CARDS ***
Ultrafranke: raises $3 to $6
TheU10: calls $3
*** FLOP *** [5h Ah Kc]
TheU10: checks
Ultrafranke: checks
*** TURN *** [5h Ah Kc] [4s]
TheU10: checks
Ultrafranke: bets $6
TheU10: folds
Uncalled bet ($6) returned to Ultrafranke
Ultrafranke collected $11.76 from pot
Ultrafranke: doesn't show hand
*** SUMMARY ***
Total pot $12 | Rake $0.24
Board [5h Ah Kc 4s]
Seat 1: TheU10 (big blind) folded on the Turn
Seat 2: Ultrafranke (button) (small blind) collected ($11.76)


PokerStars Hand #146554887821:  Hold'em Limit ($3/$6 USD) - 2016/01/06 5:07:40 ET
Table 'Victoria II' 2-max Seat #2 is the button
Seat 1: TheU10 ($189.88 in chips)
Seat 2: Ultrafranke ($36.66 in chips)
Ultrafranke: posts small blind $1
TheU10: posts big blind $3
*** HOLE CARDS ***
Ultrafranke: raises $3 to $6
TheU10: calls $3
*** FLOP *** [6c 6d 8h]
TheU10: checks
Ultrafranke: bets $3
TheU10: folds
Uncalled bet ($3) returned to Ultrafranke
Ultrafranke collected $11.76 from pot
Ultrafranke: doesn't show hand
*** SUMMARY ***
Total pot $12 | Rake $0.24
Board [6c 6d 8h]
Seat 1: TheU10 (big blind) folded on the Flop
Seat 2: Ultrafranke (button) (small blind) collected ($11.76)


PokerStars Hand #146554870178:  Hold'em Limit ($3/$6 USD) - 2016/01/06 5:07:05 ET
Table 'Victoria II' 2-max Seat #1 is the button
Seat 1: TheU10 ($179.36 in chips)
Seat 2: Ultrafranke ($47.66 in chips)
TheU10: posts small blind $1
Ultrafranke: posts big blind $3
*** HOLE CARDS ***
TheU10: folds
Uncalled bet ($2) returned to Ultrafranke
Ultrafranke collected $2 from pot
Ultrafranke: doesn't show hand
*** SUMMARY ***
Total pot $2 | Rake $0
Seat 1: TheU10 (button) (small blind) folded before Flop
Seat 2: Ultrafranke (big blind) collected ($2)


PokerStars Hand #146554862109:  Hold'em Limit ($3/$6 USD) - 2016/01/06 5:06:48 ET
Table 'Victoria II' 2-max Seat #2 is the button
Seat 1: TheU10 ($191.36 in chips)
Seat 2: Ultrafranke ($36.14 in chips)
Ultrafranke: posts small blind $1
TheU10: posts big blind $3
*** HOLE CARDS ***
Ultrafranke: raises $3 to $6
TheU10: calls $3
*** FLOP *** [6s 3c Ad]
TheU10: checks
Ultrafranke: checks
*** TURN *** [6s 3c Ad] [Tc]
TheU10: checks
Ultrafranke: checks
*** RIVER *** [6s 3c Ad Tc] [Th]
TheU10: bets $6
Ultrafranke: raises $6 to $12
TheU10: folds
Uncalled bet ($6) returned to Ultrafranke
Ultrafranke collected $23.52 from pot
Ultrafranke: doesn't show hand
*** SUMMARY ***
Total pot $24 | Rake $0.48
Board [6s 3c Ad Tc Th]
Seat 1: TheU10 (big blind) folded on the River
Seat 2: Ultrafranke (button) (small blind) collected ($23.52)


PokerStars Hand #146554880107:  Hold'em Limit ($3/$6 USD) - 2016/01/06 5:07:25 ET
Table 'Victoria II' 2-max Seat #1 is the button
Seat 1: TheU10 ($184.12 in chips)
Seat 2: Ultrafranke ($42.66 in chips)
TheU10: posts small blind $1
Ultrafranke: posts big blind $3
*** HOLE CARDS ***
TheU10: raises $3 to $6
Ultrafranke: calls $3
*** FLOP *** [2d 5h Kc]
Ultrafranke: checks
TheU10: checks
*** TURN *** [2d 5h Kc] [Qc]
Ultrafranke: checks
TheU10: checks
*** RIVER *** [2d 5h Kc Qc] [Qd]
Ultrafranke: checks
TheU10: bets $6
Ultrafranke: folds
Uncalled bet ($6) returned to TheU10
TheU10 collected $11.76 from pot
TheU10: doesn't show hand
*** SUMMARY ***
Total pot $12 | Rake $0.24
Board [2d 5h Kc Qc Qd]
Seat 1: TheU10 (button) (small blind) collected ($11.76)
Seat 2: Ultrafranke (big blind) folded on the River


PokerStars Hand #146554892072:  Hold'em Limit ($3/$6 USD) - 2016/01/06 5:07:49 ET
Table 'Victoria II' 2-max Seat #1 is the button
Seat 1: TheU10 ($183.88 in chips)
Seat 2: Ultrafranke ($42.42 in chips)
TheU10: posts small blind $1
Ultrafranke: posts big blind $3
*** HOLE CARDS ***
TheU10: raises $3 to $6
Ultrafranke: calls $3
*** FLOP *** [2d Ks Qc]
Ultrafranke: checks
TheU10: bets $3
Ultrafranke: folds
Uncalled bet ($3) returned to TheU10
TheU10 collected $11.76 from pot
TheU10: doesn't show hand
*** SUMMARY ***
Total pot $12 | Rake $0.24
Board [2d Ks Qc]
Seat 1: TheU10 (button) (small blind) collected ($11.76)
Seat 2: Ultrafranke (big blind) folded on the Flop


PokerStars Hand #146554902535:  Hold'em Limit ($3/$6 USD) - 2016/01/06 5:08:10 ET
Table 'Victoria II' 2-max Seat #1 is the button
Seat 1: TheU10 ($207.14 in chips)
Seat 2: Ultrafranke ($18.42 in chips)
TheU10: posts small blind $1
Ultrafranke: posts big blind $3
*** HOLE CARDS ***
TheU10: raises $3 to $6
Ultrafranke: folds
Uncalled bet ($3) returned to TheU10
TheU10 collected $6 from pot
TheU10: doesn't show hand
*** SUMMARY ***
Total pot $6 | Rake $0
Seat 1: TheU10 (button) (small blind) collected ($6)
Seat 2: Ultrafranke (big blind) folded before Flop


PokerStars Hand #146554895882:  Hold'em Limit ($3/$6 USD) - 2016/01/06 5:07:56 ET
Table 'Victoria II' 2-max Seat #2 is the button
Seat 1: TheU10 ($189.64 in chips)
Seat 2: Ultrafranke ($36.42 in chips)
Ultrafranke: posts small blind $1
TheU10: posts big blind $3
*** HOLE CARDS ***
Ultrafranke: raises $3 to $6
TheU10: raises $3 to $9
Ultrafranke: calls $3
*** FLOP *** [4h 9h Kh]
TheU10: bets $3
Ultrafranke: calls $3
*** TURN *** [4h 9h Kh] [Jd]
TheU10: bets $6
Ultrafranke: calls $6
*** RIVER *** [4h 9h Kh Jd] [6c]
TheU10: bets $6
Ultrafranke: folds
Uncalled bet ($6) returned to TheU10
TheU10 collected $35.50 from pot
TheU10: doesn't show hand
*** SUMMARY ***
Total pot $36 | Rake $0.50
Board [4h 9h Kh Jd 6c]
Seat 1: TheU10 (big blind) collected ($35.50)
Seat 2: Ultrafranke (button) (small blind) folded on the River


PokerStars Hand #146554911347:  Hold'em Limit ($3/$6 USD) - 2016/01/06 5:08:28 ET
Table 'Victoria II' 2-max Seat #1 is the button
Seat 1: TheU10 ($221.66 in chips)
Seat 2: Ultrafranke ($198.52 in chips)
TheU10: posts small blind $1
Ultrafranke: posts big blind $3
*** HOLE CARDS ***
TheU10: folds
Uncalled bet ($2) returned to Ultrafranke
Ultrafranke collected $2 from pot
Ultrafranke: doesn't show hand
*** SUMMARY ***
Total pot $2 | Rake $0
Seat 1: TheU10 (button) (small blind) folded before Flop
Seat 2: Ultrafranke (big blind) collected ($2)


PokerStars Hand #146554905759:  Hold'em Limit ($3/$6 USD) - 2016/01/06 5:08:16 ET
Table 'Victoria II' 2-max Seat #2 is the button
Seat 1: TheU10 ($210.14 in chips)
Seat 2: Ultrafranke ($210.52 in chips)
Ultrafranke: posts small blind $1
TheU10: posts big blind $3
*** HOLE CARDS ***
Ultrafranke: raises $3 to $6
TheU10: calls $3
*** FLOP *** [Ac Qh Tc]
TheU10: checks
Ultrafranke: checks
*** TURN *** [Ac Qh Tc] [6c]
TheU10: checks
Ultrafranke: checks
*** RIVER *** [Ac Qh Tc 6c] [8h]
TheU10: bets $6
Ultrafranke: calls $6
*** SHOW DOWN ***
TheU10: shows [Qc 5c] (a flush, Ace high)
Ultrafranke: mucks hand
TheU10 collected $23.52 from pot
*** SUMMARY ***
Total pot $24 | Rake $0.48
Board [Ac Qh Tc 6c 8h]
Seat 1: TheU10 (big blind) showed [Qc 5c] and won ($23.52) with a flush, Ace high
Seat 2: Ultrafranke (button) (small blind) mucked


PokerStars Hand #146554922035:  Hold'em Limit ($3/$6 USD) - 2016/01/06 5:08:49 ET
Table 'Victoria II' 2-max Seat #1 is the button
Seat 1: TheU10 ($226.42 in chips)
Seat 2: Ultrafranke ($193.52 in chips)
TheU10: posts small blind $1
Ultrafranke: posts big blind $3
*** HOLE CARDS ***
TheU10: raises $3 to $6
Ultrafranke: calls $3
*** FLOP *** [3h 6c 4s]
Ultrafranke: checks
TheU10: checks
*** TURN *** [3h 6c 4s] [Qd]
Ultrafranke: bets $6
TheU10: folds
Uncalled bet ($6) returned to Ultrafranke
Ultrafranke collected $11.76 from pot
Ultrafranke: doesn't show hand
*** SUMMARY ***
Total pot $12 | Rake $0.24
Board [3h 6c 4s Qd]
Seat 1: TheU10 (button) (small blind) folded on the Turn
Seat 2: Ultrafranke (big blind) collected ($11.76)


PokerStars Hand #146554936776:  Hold'em Limit ($3/$6 USD) - 2016/01/06 5:09:19 ET
Table 'Victoria II' 2-max Seat #2 is the button
Seat 1: TheU10 ($223.06 in chips)
Seat 2: Ultrafranke ($196.04 in chips)
Ultrafranke: posts small blind $1
TheU10: posts big blind $3
*** HOLE CARDS ***
Ultrafranke: raises $3 to $6
TheU10: calls $3
*** FLOP *** [3s Tc Ah]
TheU10: checks
Ultrafranke: bets $3
TheU10: calls $3
*** TURN *** [3s Tc Ah] [Qc]
TheU10: checks
Ultrafranke: checks
*** RIVER *** [3s Tc Ah Qc] [Td]
TheU10: checks
Ultrafranke: bets $6
TheU10: folds
Uncalled bet ($6) returned to Ultrafranke
Ultrafranke collected $17.64 from pot
Ultrafranke: doesn't show hand
*** SUMMARY ***
Total pot $18 | Rake $0.36
Board [3s Tc Ah Qc Td]
Seat 1: TheU10 (big blind) folded on the River
Seat 2: Ultrafranke (button) (small blind) collected ($17.64)


PokerStars Hand #146554943664:  Hold'em Limit ($3/$6 USD) - 2016/01/06 5:09:33 ET
Table 'Victoria II' 2-max Seat #1 is the button
Seat 1: TheU10 ($214.06 in chips)
Seat 2: Ultrafranke ($204.68 in chips)
TheU10: posts small blind $1
Ultrafranke: posts big blind $3
*** HOLE CARDS ***
TheU10: raises $3 to $6
Ultrafranke: folds
Uncalled bet ($3) returned to TheU10
TheU10 collected $6 from pot
TheU10: doesn't show hand
*** SUMMARY ***
Total pot $6 | Rake $0
Seat 1: TheU10 (button) (small blind) collected ($6)
Seat 2: Ultrafranke (big blind) folded before Flop


PokerStars Hand #146554930670:  Hold'em Limit ($3/$6 USD) - 2016/01/06 5:09:07 ET
Table 'Victoria II' 2-max Seat #1 is the button
Seat 1: TheU10 ($229.06 in chips)
Seat 2: Ultrafranke ($190.28 in chips)
TheU10: posts small blind $1
Ultrafranke: posts big blind $3
*** HOLE CARDS ***
TheU10: raises $3 to $6
Ultrafranke: calls $3
*** FLOP *** [5h 7s 5c]
Ultrafranke: checks
TheU10: checks
*** TURN *** [5h 7s 5c] [2s]
Ultrafranke: checks
TheU10: checks
*** RIVER *** [5h 7s 5c 2s] [6h]
Ultrafranke: bets $6
TheU10: folds
Uncalled bet ($6) returned to Ultrafranke
Ultrafranke collected $11.76 from pot
Ultrafranke: doesn't show hand
*** SUMMARY ***
Total pot $12 | Rake $0.24
Board [5h 7s 5c 2s 6h]
Seat 1: TheU10 (button) (small blind) folded on the River
Seat 2: Ultrafranke (big blind) collected ($11.76)


PokerStars Hand #146554978163:  Hold'em Limit ($3/$6 USD) - 2016/01/06 5:10:42 ET
Table 'Victoria II' 2-max Seat #1 is the button
Seat 1: TheU10 ($269.57 in chips)
Seat 2: Ultrafranke ($147.19 in chips)
TheU10: posts small blind $1
Ultrafranke: posts big blind $3
*** HOLE CARDS ***
TheU10: calls $2
Ultrafranke: checks
*** FLOP *** [4h 3d Tc]
Ultrafranke: checks
TheU10: checks
*** TURN *** [4h 3d Tc] [6c]
Ultrafranke: checks
TheU10: checks
*** RIVER *** [4h 3d Tc 6c] [8s]
Ultrafranke: checks
TheU10: checks
*** SHOW DOWN ***
Ultrafranke: shows [2s Kd] (high card King)
TheU10: mucks hand
Ultrafranke collected $5.88 from pot
*** SUMMARY ***
Total pot $6 | Rake $0.12
Board [4h 3d Tc 6c 8s]
Seat 1: TheU10 (button) (small blind) mucked
Seat 2: Ultrafranke (big blind) showed [2s Kd] and won ($5.88) with high card King


PokerStars Hand #146554951893:  Hold'em Limit ($3/$6 USD) - 2016/01/06 5:09:49 ET
Table 'Victoria II' 2-max Seat #1 is the button
Seat 1: TheU10 ($216.81 in chips)
Seat 2: Ultrafranke ($201.43 in chips)
TheU10: posts small blind $1
Ultrafranke: posts big blind $3
*** HOLE CARDS ***
TheU10: raises $3 to $6
Ultrafranke: calls $3
*** FLOP *** [Kh 4h Tc]
Ultrafranke: checks
TheU10: checks
*** TURN *** [Kh 4h Tc] [Qd]
Ultrafranke: checks
TheU10: checks
*** RIVER *** [Kh 4h Tc Qd] [8c]
Ultrafranke: checks
TheU10: bets $6
Ultrafranke: folds
Uncalled bet ($6) returned to TheU10
TheU10 collected $11.76 from pot
TheU10: doesn't show hand
*** SUMMARY ***
Total pot $12 | Rake $0.24
Board [Kh 4h Tc Qd 8c]
Seat 1: TheU10 (button) (small blind) collected ($11.76)
Seat 2: Ultrafranke (big blind) folded on the River


PokerStars Hand #146554958352:  Hold'em Limit ($3/$6 USD) - 2016/01/06 5:10:02 ET
Table 'Victoria II' 2-max Seat #2 is the button
Seat 1: TheU10 ($222.57 in chips)
Seat 2: Ultrafranke ($195.43 in chips)
Ultrafranke: posts small blind $1
TheU10: posts big blind $3
*** HOLE CARDS ***
Ultrafranke: raises $3 to $6
TheU10: calls $3
*** FLOP *** [Qd 7h 8c]
TheU10: checks
Ultrafranke: bets $3
TheU10: raises $3 to $6
Ultrafranke: calls $3
*** TURN *** [Qd 7h 8c] [Ac]
TheU10: checks
Ultrafranke: checks
*** RIVER *** [Qd 7h 8c Ac] [8s]
TheU10: bets $6
Ultrafranke: raises $6 to $12
TheU10: raises $6 to $18
Ultrafranke: calls $6
*** SHOW DOWN ***
TheU10: shows [8h 4h] (three of a kind, Eights)
Ultrafranke: mucks hand
TheU10 collected $59.50 from pot
*** SUMMARY ***
Total pot $60 | Rake $0.50
Board [Qd 7h 8c Ac 8s]
Seat 1: TheU10 (big blind) showed [8h 4h] and won ($59.50) with three of a kind, Eights
Seat 2: Ultrafranke (button) (small blind) mucked


PokerStars Hand #146554966566:  Hold'em Limit ($3/$6 USD) - 2016/01/06 5:10:19 ET
Table 'Victoria II' 2-max Seat #1 is the button
Seat 1: TheU10 ($252.07 in chips)
Seat 2: Ultrafranke ($165.43 in chips)
TheU10: posts small blind $1
Ultrafranke: posts big blind $3
*** HOLE CARDS ***
TheU10: raises $3 to $6
Ultrafranke: calls $3
*** FLOP *** [2h 8s 7d]
Ultrafranke: checks
TheU10: bets $3
Ultrafranke: raises $3 to $6
TheU10: calls $3
*** TURN *** [2h 8s 7d] [4h]
Ultrafranke: bets $6
TheU10: calls $6
*** RIVER *** [2h 8s 7d 4h] [Ac]
Ultrafranke: bets $6
TheU10: raises $6 to $12
Ultrafranke: folds
Uncalled bet ($6) returned to TheU10
TheU10 collected $47.50 from pot
TheU10: doesn't show hand
*** SUMMARY ***
Total pot $48 | Rake $0.50
Board [2h 8s 7d 4h Ac]
Seat 1: TheU10 (button) (small blind) collected ($47.50)
Seat 2: Ultrafranke (big blind) folded on the River


PokerStars Hand #146554974363:  Hold'em Limit ($3/$6 USD) - 2016/01/06 5:10:35 ET
Table 'Victoria II' 2-max Seat #2 is the button
Seat 1: TheU10 ($275.57 in chips)
Seat 2: Ultrafranke ($141.43 in chips)
Ultrafranke: posts small blind $1
TheU10: posts big blind $3
*** HOLE CARDS ***
Ultrafranke: raises $3 to $6
TheU10: calls $3
*** FLOP *** [Kc 4s 9h]
TheU10: checks
Ultrafranke: bets $3
TheU10: folds
Uncalled bet ($3) returned to Ultrafranke
Ultrafranke collected $11.76 from pot
Ultrafranke: doesn't show hand
*** SUMMARY ***
Total pot $12 | Rake $0.24
Board [Kc 4s 9h]
Seat 1: TheU10 (big blind) folded on the Flop
Seat 2: Ultrafranke (button) (small blind) collected ($11.76)


PokerStars Hand #146554987753:  Hold'em Limit ($3/$6 USD) - 2016/01/06 5:11:02 ET
Table 'Victoria II' 2-max Seat #1 is the button
Seat 1: TheU10 ($260.57 in chips)
Seat 2: Ultrafranke ($155.83 in chips)
TheU10: posts small blind $1
Ultrafranke: posts big blind $3
*** HOLE CARDS ***
TheU10: raises $3 to $6
Ultrafranke: calls $3
*** FLOP *** [9h 7c 2d]
Ultrafranke: checks
TheU10: checks
*** TURN *** [9h 7c 2d] [Jd]
Ultrafranke: checks
TheU10: bets $6
Ultrafranke: calls $6
*** RIVER *** [9h 7c 2d Jd] [8d]
Ultrafranke: checks
TheU10: bets $6
Ultrafranke: calls $6
*** SHOW DOWN ***
TheU10: shows [Jh 3c] (a pair of Jacks)
Ultrafranke: mucks hand
TheU10 collected $35.50 from pot
*** SUMMARY ***
Total pot $36 | Rake $0.50
Board [9h 7c 2d Jd 8d]
Seat 1: TheU10 (button) (small blind) showed [Jh 3c] and won ($35.50) with a pair of Jacks
Seat 2: Ultrafranke (big blind) mucked


PokerStars Hand #146554998687:  Hold'em Limit ($3/$6 USD) - 2016/01/06 5:11:24 ET
Table 'Victoria II' 2-max Seat #1 is the button
Seat 1: TheU10 ($272.07 in chips)
Seat 2: Ultrafranke ($143.59 in chips)
TheU10: posts small blind $1
Ultrafranke: posts big blind $3
*** HOLE CARDS ***
TheU10: folds
Uncalled bet ($2) returned to Ultrafranke
Ultrafranke collected $2 from pot
Ultrafranke: doesn't show hand
*** SUMMARY ***
Total pot $2 | Rake $0
Seat 1: TheU10 (button) (small blind) folded before Flop
Seat 2: Ultrafranke (big blind) collected ($2)


PokerStars Hand #146555000772:  Hold'em Limit ($3/$6 USD) - 2016/01/06 5:11:28 ET
Table 'Victoria II' 2-max Seat #2 is the button
Seat 1: TheU10 ($271.07 in chips)
Seat 2: Ultrafranke ($144.59 in chips)
Ultrafranke: posts small blind $1
TheU10: posts big blind $3
*** HOLE CARDS ***
Ultrafranke: raises $3 to $6
TheU10: calls $3
*** FLOP *** [Th As 4d]
TheU10: checks
Ultrafranke: checks
*** TURN *** [Th As 4d] [3d]
TheU10: checks
Ultrafranke: checks
*** RIVER *** [Th As 4d 3d] [6d]
TheU10: checks
Ultrafranke: bets $6
TheU10: calls $6
*** SHOW DOWN ***
Ultrafranke: shows [6c 4c] (two pair, Sixes and Fours)
TheU10: mucks hand
Ultrafranke collected $23.52 from pot
*** SUMMARY ***
Total pot $24 | Rake $0.48
Board [Th As 4d 3d 6d]
Seat 1: TheU10 (big blind) mucked
Seat 2: Ultrafranke (button) (small blind) showed [6c 4c] and won ($23.52) with two pair, Sixes and Fours


PokerStars Hand #146554994011:  Hold'em Limit ($3/$6 USD) - 2016/01/06 5:11:14 ET
Table 'Victoria II' 2-max Seat #2 is the button
Seat 1: TheU10 ($278.07 in chips)
Seat 2: Ultrafranke ($137.83 in chips)
Ultrafranke: posts small blind $1
TheU10: posts big blind $3
*** HOLE CARDS ***
Ultrafranke: raises $3 to $6
TheU10: calls $3
*** FLOP *** [5d Kh 9c]
TheU10: checks
Ultrafranke: checks
*** TURN *** [5d Kh 9c] [9h]
TheU10: checks
Ultrafranke: bets $6
TheU10: folds
Uncalled bet ($6) returned to Ultrafranke
Ultrafranke collected $11.76 from pot
Ultrafranke: doesn't show hand
*** SUMMARY ***
Total pot $12 | Rake $0.24
Board [5d Kh 9c 9h]
Seat 1: TheU10 (big blind) folded on the Turn
Seat 2: Ultrafranke (button) (small blind) collected ($11.76)


PokerStars Hand #146554982780:  Hold'em Limit ($3/$6 USD) - 2016/01/06 5:10:52 ET
Table 'Victoria II' 2-max Seat #2 is the button
Seat 1: TheU10 ($266.57 in chips)
Seat 2: Ultrafranke ($150.07 in chips)
Ultrafranke: posts small blind $1
TheU10: posts big blind $3
*** HOLE CARDS ***
Ultrafranke: raises $3 to $6
TheU10: calls $3
*** FLOP *** [Jd 9c Td]
TheU10: checks
Ultrafranke: checks
*** TURN *** [Jd 9c Td] [9h]
TheU10: checks
Ultrafranke: bets $6
TheU10: folds
Uncalled bet ($6) returned to Ultrafranke
Ultrafranke collected $11.76 from pot
Ultrafranke: doesn't show hand
*** SUMMARY ***
Total pot $12 | Rake $0.24
Board [Jd 9c Td 9h]
Seat 1: TheU10 (big blind) folded on the Turn
Seat 2: Ultrafranke (button) (small blind) collected ($11.76)


PokerStars Hand #146555008975:  Hold'em Limit ($3/$6 USD) - 2016/01/06 5:11:45 ET
Table 'Victoria II' 2-max Seat #1 is the button
Seat 1: TheU10 ($259.07 in chips)
Seat 2: Ultrafranke ($156.11 in chips)
TheU10: posts small blind $1
Ultrafranke: posts big blind $3
*** HOLE CARDS ***
TheU10: raises $3 to $6
Ultrafranke: folds
Uncalled bet ($3) returned to TheU10
TheU10 collected $6 from pot
TheU10: doesn't show hand
*** SUMMARY ***
Total pot $6 | Rake $0
Seat 1: TheU10 (button) (small blind) collected ($6)
Seat 2: Ultrafranke (big blind) folded before Flop


PokerStars Hand #146555011918:  Hold'em Limit ($3/$6 USD) - 2016/01/06 5:11:51 ET
Table 'Victoria II' 2-max Seat #2 is the button
Seat 1: TheU10 ($262.07 in chips)
Seat 2: Ultrafranke ($153.11 in chips)
Ultrafranke: posts small blind $1
TheU10: posts big blind $3
*** HOLE CARDS ***
Ultrafranke: raises $3 to $6
TheU10: raises $3 to $9
Ultrafranke: calls $3
*** FLOP *** [8d Qh 4c]
TheU10: bets $3
Ultrafranke: calls $3
*** TURN *** [8d Qh 4c] [Kc]
TheU10: bets $6
Ultrafranke: calls $6
*** RIVER *** [8d Qh 4c Kc] [5h]
TheU10: bets $6
Ultrafranke: calls $6
*** SHOW DOWN ***
TheU10: shows [Qd Kd] (two pair, Kings and Queens)
Ultrafranke: mucks hand
TheU10 collected $47.50 from pot
*** SUMMARY ***
Total pot $48 | Rake $0.50
Board [8d Qh 4c Kc 5h]
Seat 1: TheU10 (big blind) showed [Qd Kd] and won ($47.50) with two pair, Kings and Queens
Seat 2: Ultrafranke (button) (small blind) mucked


PokerStars Hand #146555034779:  Hold'em Limit ($3/$6 USD) - 2016/01/06 5:12:37 ET
Table 'Victoria II' 2-max Seat #2 is the button
Seat 1: TheU10 ($286.33 in chips)
Seat 2: Ultrafranke ($127.87 in chips)
Ultrafranke: posts small blind $1
TheU10: posts big blind $3
*** HOLE CARDS ***
Ultrafranke: folds
Uncalled bet ($2) returned to TheU10
TheU10 collected $2 from pot
TheU10: doesn't show hand
*** SUMMARY ***
Total pot $2 | Rake $0
Seat 1: TheU10 (big blind) collected ($2)
Seat 2: Ultrafranke (button) (small blind) folded before Flop


PokerStars Hand #146555026346:  Hold'em Limit ($3/$6 USD) - 2016/01/06 5:12:20 ET
Table 'Victoria II' 2-max Seat #2 is the button
Seat 1: TheU10 ($279.57 in chips)
Seat 2: Ultrafranke ($134.87 in chips)
Ultrafranke: posts small blind $1
TheU10: posts big blind $3
*** HOLE CARDS ***
Ultrafranke: folds
Uncalled bet ($2) returned to TheU10
TheU10 collected $2 from pot
TheU10: doesn't show hand
*** SUMMARY ***
Total pot $2 | Rake $0
Seat 1: TheU10 (big blind) collected ($2)
Seat 2: Ultrafranke (button) (small blind) folded before Flop


PokerStars Hand #146555021308:  Hold'em Limit ($3/$6 USD) - 2016/01/06 5:12:10 ET
Table 'Victoria II' 2-max Seat #1 is the button
Seat 1: TheU10 ($285.57 in chips)
Seat 2: Ultrafranke ($129.11 in chips)
TheU10: posts small blind $1
Ultrafranke: posts big blind $3
*** HOLE CARDS ***
TheU10: raises $3 to $6
Ultrafranke: calls $3
*** FLOP *** [2c Jd 9d]
Ultrafranke: checks
TheU10: checks
*** TURN *** [2c Jd 9d] [7d]
Ultrafranke: bets $6
TheU10: folds
Uncalled bet ($6) returned to Ultrafranke
Ultrafranke collected $11.76 from pot
Ultrafranke: doesn't show hand
*** SUMMARY ***
Total pot $12 | Rake $0.24
Board [2c Jd 9d 7d]
Seat 1: TheU10 (button) (small blind) folded on the Turn
Seat 2: Ultrafranke (big blind) collected ($11.76)


PokerStars Hand #146555028553:  Hold'em Limit ($3/$6 USD) - 2016/01/06 5:12:25 ET
Table 'Victoria II' 2-max Seat #1 is the button
Seat 1: TheU10 ($280.57 in chips)
Seat 2: Ultrafranke ($133.87 in chips)
TheU10: posts small blind $1
Ultrafranke: posts big blind $3
*** HOLE CARDS ***
TheU10: raises $3 to $6
Ultrafranke: calls $3
*** FLOP *** [5h 8c 8s]
Ultrafranke: checks
TheU10: bets $3
Ultrafranke: folds
Uncalled bet ($3) returned to TheU10
TheU10 collected $11.76 from pot
TheU10: doesn't show hand
*** SUMMARY ***
Total pot $12 | Rake $0.24
Board [5h 8c 8s]
Seat 1: TheU10 (button) (small blind) collected ($11.76)
Seat 2: Ultrafranke (big blind) folded on the Flop


PokerStars Hand #146555054178:  Hold'em Limit ($3/$6 USD) - 2016/01/06 5:13:17 ET
Table 'Victoria II' 2-max Seat #2 is the button
Seat 1: TheU10 ($289.83 in chips)
Seat 2: Ultrafranke ($123.15 in chips)
Ultrafranke: posts small blind $1
TheU10: posts big blind $3
*** HOLE CARDS ***
Ultrafranke: raises $3 to $6
TheU10: raises $3 to $9
Ultrafranke: calls $3
*** FLOP *** [7s Tc Ac]
TheU10: bets $3
Ultrafranke: calls $3
*** TURN *** [7s Tc Ac] [5s]
TheU10: bets $6
Ultrafranke: raises $6 to $12
TheU10: calls $6
*** RIVER *** [7s Tc Ac 5s] [8c]
TheU10: checks
Ultrafranke: bets $6
TheU10: calls $6
*** SHOW DOWN ***
Ultrafranke: shows [7h 5d] (two pair, Sevens and Fives)
TheU10: mucks hand
Ultrafranke collected $59.50 from pot
*** SUMMARY ***
Total pot $60 | Rake $0.50
Board [7s Tc Ac 5s 8c]
Seat 1: TheU10 (big blind) mucked
Seat 2: Ultrafranke (button) (small blind) showed [7h 5d] and won ($59.50) with two pair, Sevens and Fives


PokerStars Hand #146555049243:  Hold'em Limit ($3/$6 USD) - 2016/01/06 5:13:07 ET
Table 'Victoria II' 2-max Seat #1 is the button
Seat 1: TheU10 ($301.83 in chips)
Seat 2: Ultrafranke ($111.63 in chips)
TheU10: posts small blind $1
Ultrafranke: posts big blind $3
*** HOLE CARDS ***
TheU10: raises $3 to $6
Ultrafranke: calls $3
*** FLOP *** [Tc 9h 8s]
Ultrafranke: checks
TheU10: checks
*** TURN *** [Tc 9h 8s] [4d]
Ultrafranke: bets $6
TheU10: calls $6
*** RIVER *** [Tc 9h 8s 4d] [Th]
Ultrafranke: bets $6
TheU10: folds
Uncalled bet ($6) returned to Ultrafranke
Ultrafranke collected $23.52 from pot
Ultrafranke: doesn't show hand
*** SUMMARY ***
Total pot $24 | Rake $0.48
Board [Tc 9h 8s 4d Th]
Seat 1: TheU10 (button) (small blind) folded on the River
Seat 2: Ultrafranke (big blind) collected ($23.52)


PokerStars Hand #146555064737:  Hold'em Limit ($3/$6 USD) - 2016/01/06 5:13:38 ET
Table 'Victoria II' 2-max Seat #2 is the button
Seat 1: TheU10 ($265.59 in chips)
Seat 2: Ultrafranke ($146.65 in chips)
Ultrafranke: posts small blind $1
TheU10: posts big blind $3
*** HOLE CARDS ***
Ultrafranke: raises $3 to $6
TheU10: calls $3
*** FLOP *** [Jd 4s Qd]
TheU10: checks
Ultrafranke: checks
*** TURN *** [Jd 4s Qd] [6c]
TheU10: checks
Ultrafranke: checks
*** RIVER *** [Jd 4s Qd 6c] [2d]
TheU10: checks
Ultrafranke: checks
*** SHOW DOWN ***
TheU10: shows [3s Ks] (high card King)
Ultrafranke: shows [As 2c] (a pair of Deuces)
Ultrafranke collected $11.76 from pot
*** SUMMARY ***
Total pot $12 | Rake $0.24
Board [Jd 4s Qd 6c 2d]
Seat 1: TheU10 (big blind) showed [3s Ks] and lost with high card King
Seat 2: Ultrafranke (button) (small blind) showed [As 2c] and won ($11.76) with a pair of Deuces


PokerStars Hand #146555093330:  Hold'em Limit ($3/$6 USD) - 2016/01/06 5:14:36 ET
Table 'Victoria II' 2-max Seat #1 is the button
Seat 1: TheU10 ($248.34 in chips)
Seat 2: Ultrafranke ($162.68 in chips)
TheU10: posts small blind $1
Ultrafranke: posts big blind $3
*** HOLE CARDS ***
TheU10: raises $3 to $6
Ultrafranke: calls $3
*** FLOP *** [3d 4s Jd]
Ultrafranke: checks
TheU10: bets $3
Ultrafranke: calls $3
*** TURN *** [3d 4s Jd] [9s]
Ultrafranke: checks
TheU10: bets $6
Ultrafranke: calls $6
*** RIVER *** [3d 4s Jd 9s] [Ks]
Ultrafranke: checks
TheU10: bets $6
Ultrafranke: calls $6
*** SHOW DOWN ***
TheU10: shows [5h Js] (a pair of Jacks)
Ultrafranke: mucks hand
TheU10 collected $41.50 from pot
*** SUMMARY ***
Total pot $42 | Rake $0.50
Board [3d 4s Jd 9s Ks]
Seat 1: TheU10 (button) (small blind) showed [5h Js] and won ($41.50) with a pair of Jacks
Seat 2: Ultrafranke (big blind) mucked


PokerStars Hand #146555091079:  Hold'em Limit ($3/$6 USD) - 2016/01/06 5:14:31 ET
Table 'Victoria II' 2-max Seat #2 is the button
Seat 1: TheU10 ($247.34 in chips)
Seat 2: Ultrafranke ($163.68 in chips)
Ultrafranke: posts small blind $1
TheU10: posts big blind $3
*** HOLE CARDS ***
Ultrafranke: folds
Uncalled bet ($2) returned to TheU10
TheU10 collected $2 from pot
TheU10: doesn't show hand
*** SUMMARY ***
Total pot $2 | Rake $0
Seat 1: TheU10 (big blind) collected ($2)
Seat 2: Ultrafranke (button) (small blind) folded before Flop


PokerStars Hand #146555070261:  Hold'em Limit ($3/$6 USD) - 2016/01/06 5:13:49 ET
Table 'Victoria II' 2-max Seat #1 is the button
Seat 1: TheU10 ($259.59 in chips)
Seat 2: Ultrafranke ($152.41 in chips)
TheU10: posts small blind $1
Ultrafranke: posts big blind $3
*** HOLE CARDS ***
TheU10: raises $3 to $6
Ultrafranke: calls $3
*** FLOP *** [9s 5h 5d]
Ultrafranke: checks
TheU10: checks
*** TURN *** [9s 5h 5d] [Jd]
Ultrafranke: checks
TheU10: checks
*** RIVER *** [9s 5h 5d Jd] [Ah]
Ultrafranke: bets $6
TheU10: folds
Uncalled bet ($6) returned to Ultrafranke
Ultrafranke collected $11.76 from pot
Ultrafranke: doesn't show hand
*** SUMMARY ***
Total pot $12 | Rake $0.24
Board [9s 5h 5d Jd Ah]
Seat 1: TheU10 (button) (small blind) folded on the River
Seat 2: Ultrafranke (big blind) collected ($11.76)


PokerStars Hand #146555075665:  Hold'em Limit ($3/$6 USD) - 2016/01/06 5:14:00 ET
Table 'Victoria II' 2-max Seat #2 is the button
Seat 1: TheU10 ($253.59 in chips)
Seat 2: Ultrafranke ($158.17 in chips)
Ultrafranke: posts small blind $1
TheU10: posts big blind $3
*** HOLE CARDS ***
Ultrafranke: raises $3 to $6
TheU10: calls $3
*** FLOP *** [9c 2h 2d]
TheU10: checks
Ultrafranke: checks
*** TURN *** [9c 2h 2d] [Kd]
TheU10: checks
Ultrafranke: bets $6
TheU10: folds
Uncalled bet ($6) returned to Ultrafranke
Ultrafranke collected $11.76 from pot
Ultrafranke: doesn't show hand
*** SUMMARY ***
Total pot $12 | Rake $0.24
Board [9c 2h 2d Kd]
Seat 1: TheU10 (big blind) folded on the Turn
Seat 2: Ultrafranke (button) (small blind) collected ($11.76)


PokerStars Hand #146555125853:  Hold'em Limit ($3/$6 USD) - 2016/01/06 5:15:41 ET
Table 'Victoria II' 2-max Seat #2 is the button
Seat 1: TheU10 ($238.60 in chips)
Seat 2: Ultrafranke ($170.58 in chips)
Ultrafranke: posts small blind $1
TheU10: posts big blind $3
*** HOLE CARDS ***
Ultrafranke: raises $3 to $6
TheU10: calls $3
*** FLOP *** [Tc 8h Qh]
TheU10: checks
Ultrafranke: bets $3
TheU10: folds
Uncalled bet ($3) returned to Ultrafranke
Ultrafranke collected $11.76 from pot
Ultrafranke: doesn't show hand
*** SUMMARY ***
Total pot $12 | Rake $0.24
Board [Tc 8h Qh]
Seat 1: TheU10 (big blind) folded on the Flop
Seat 2: Ultrafranke (button) (small blind) collected ($11.76)


PokerStars Hand #146555101016:  Hold'em Limit ($3/$6 USD) - 2016/01/06 5:14:51 ET
Table 'Victoria II' 2-max Seat #2 is the button
Seat 1: TheU10 ($268.84 in chips)
Seat 2: Ultrafranke ($141.68 in chips)
Ultrafranke: posts small blind $1
TheU10: posts big blind $3
*** HOLE CARDS ***
Ultrafranke: raises $3 to $6
TheU10: calls $3
*** FLOP *** [Qh Qd 3d]
TheU10: checks
Ultrafranke: bets $3
TheU10: calls $3
*** TURN *** [Qh Qd 3d] [8h]
TheU10: checks
Ultrafranke: checks
*** RIVER *** [Qh Qd 3d 8h] [2d]
TheU10: checks
Ultrafranke: checks
*** SHOW DOWN ***
TheU10: shows [6c As] (a pair of Queens)
Ultrafranke: shows [7d 2s] (two pair, Queens and Deuces)
Ultrafranke collected $17.64 from pot
*** SUMMARY ***
Total pot $18 | Rake $0.36
Board [Qh Qd 3d 8h 2d]
Seat 1: TheU10 (big blind) showed [6c As] and lost with a pair of Queens
Seat 2: Ultrafranke (button) (small blind) showed [7d 2s] and won ($17.64) with two pair, Queens and Deuces


PokerStars Hand #146555115685:  Hold'em Limit ($3/$6 USD) - 2016/01/06 5:15:21 ET
Table 'Victoria II' 2-max Seat #2 is the button
Seat 1: TheU10 ($265.60 in chips)
Seat 2: Ultrafranke ($144.32 in chips)
Ultrafranke: posts small blind $1
TheU10: posts big blind $3
*** HOLE CARDS ***
Ultrafranke: raises $3 to $6
TheU10: calls $3
*** FLOP *** [6h Th Tc]
TheU10: checks
Ultrafranke: bets $3
TheU10: folds
Uncalled bet ($3) returned to Ultrafranke
Ultrafranke collected $11.76 from pot
Ultrafranke: doesn't show hand
*** SUMMARY ***
Total pot $12 | Rake $0.24
Board [6h Th Tc]
Seat 1: TheU10 (big blind) folded on the Flop
Seat 2: Ultrafranke (button) (small blind) collected ($11.76)


PokerStars Hand #146555107034:  Hold'em Limit ($3/$6 USD) - 2016/01/06 5:15:03 ET
Table 'Victoria II' 2-max Seat #1 is the button
Seat 1: TheU10 ($259.84 in chips)
Seat 2: Ultrafranke ($150.32 in chips)
TheU10: posts small blind $1
Ultrafranke: posts big blind $3
*** HOLE CARDS ***
TheU10: raises $3 to $6
Ultrafranke: calls $3
*** FLOP *** [7d 8c Kd]
Ultrafranke: checks
TheU10: checks
*** TURN *** [7d 8c Kd] [Jh]
Ultrafranke: checks
TheU10: checks
*** RIVER *** [7d 8c Kd Jh] [As]
Ultrafranke: checks
TheU10: bets $6
Ultrafranke: folds
Uncalled bet ($6) returned to TheU10
TheU10 collected $11.76 from pot
TheU10: doesn't show hand
*** SUMMARY ***
Total pot $12 | Rake $0.24
Board [7d 8c Kd Jh As]
Seat 1: TheU10 (button) (small blind) collected ($11.76)
Seat 2: Ultrafranke (big blind) folded on the River


PokerStars Hand #146555119235:  Hold'em Limit ($3/$6 USD) - 2016/01/06 5:15:28 ET
Table 'Victoria II' 2-max Seat #1 is the button
Seat 1: TheU10 ($259.60 in chips)
Seat 2: Ultrafranke ($150.08 in chips)
TheU10: posts small blind $1
Ultrafranke: posts big blind $3
*** HOLE CARDS ***
TheU10: raises $3 to $6
Ultrafranke: raises $3 to $9
TheU10: calls $3
*** FLOP *** [7h 5c Jh]
Ultrafranke: bets $3
TheU10: raises $3 to $6
Ultrafranke: calls $3
*** TURN *** [7h 5c Jh] [Kd]
Ultrafranke: checks
TheU10: checks
*** RIVER *** [7h 5c Jh Kd] [As]
Ultrafranke: bets $6
TheU10: calls $6
*** SHOW DOWN ***
Ultrafranke: shows [Qd Ks] (a pair of Kings)
TheU10: mucks hand
Ultrafranke collected $41.50 from pot
*** SUMMARY ***
Total pot $42 | Rake $0.50
Board [7h 5c Jh Kd As]
Seat 1: TheU10 (button) (small blind) mucked
Seat 2: Ultrafranke (big blind) showed [Qd Ks] and won ($41.50) with a pair of Kings


PokerStars Hand #146555130136:  Hold'em Limit ($3/$6 USD) - 2016/01/06 5:15:50 ET
Table 'Victoria II' 2-max Seat #1 is the button
Seat 1: TheU10 ($232.60 in chips)
Seat 2: Ultrafranke ($176.34 in chips)
TheU10: posts small blind $1
Ultrafranke: posts big blind $3
*** HOLE CARDS ***
TheU10: raises $3 to $6
Ultrafranke: calls $3
*** FLOP *** [4d 6h 7d]
Ultrafranke: checks
TheU10: bets $3
Ultrafranke: calls $3
*** TURN *** [4d 6h 7d] [7s]
Ultrafranke: checks
TheU10: bets $6
Ultrafranke: calls $6
*** RIVER *** [4d 6h 7d 7s] [Th]
Ultrafranke: checks
TheU10: bets $6
Ultrafranke: folds
Uncalled bet ($6) returned to TheU10
TheU10 collected $29.50 from pot
TheU10: doesn't show hand
*** SUMMARY ***
Total pot $30 | Rake $0.50
Board [4d 6h 7d 7s Th]
Seat 1: TheU10 (button) (small blind) collected ($29.50)
Seat 2: Ultrafranke (big blind) folded on the River


PokerStars Hand #146555152123:  Hold'em Limit ($3/$6 USD) - 2016/01/06 5:16:33 ET
Table 'Victoria II' 2-max Seat #2 is the button
Seat 1: TheU10 ($252.62 in chips)
Seat 2: Ultrafranke ($155.10 in chips)
Ultrafranke: posts small blind $1
TheU10: posts big blind $3
*** HOLE CARDS ***
Ultrafranke: folds
Uncalled bet ($2) returned to TheU10
TheU10 collected $2 from pot
TheU10: doesn't show hand
*** SUMMARY ***
Total pot $2 | Rake $0
Seat 1: TheU10 (big blind) collected ($2)
Seat 2: Ultrafranke (button) (small blind) folded before Flop


PokerStars Hand #146555143389:  Hold'em Limit ($3/$6 USD) - 2016/01/06 5:16:16 ET
Table 'Victoria II' 2-max Seat #1 is the button
Seat 1: TheU10 ($258.62 in chips)
Seat 2: Ultrafranke ($149.34 in chips)
TheU10: posts small blind $1
Ultrafranke: posts big blind $3
*** HOLE CARDS ***
TheU10: raises $3 to $6
Ultrafranke: calls $3
*** FLOP *** [Ad Qd 6d]
Ultrafranke: checks
TheU10: checks
*** TURN *** [Ad Qd 6d] [4s]
Ultrafranke: checks
TheU10: checks
*** RIVER *** [Ad Qd 6d 4s] [6h]
Ultrafranke: bets $6
TheU10: folds
Uncalled bet ($6) returned to Ultrafranke
Ultrafranke collected $11.76 from pot
Ultrafranke: doesn't show hand
*** SUMMARY ***
Total pot $12 | Rake $0.24
Board [Ad Qd 6d 4s 6h]
Seat 1: TheU10 (button) (small blind) folded on the River
Seat 2: Ultrafranke (big blind) collected ($11.76)


PokerStars Hand #146555177610:  Hold'em Limit ($3/$6 USD) - 2016/01/06 5:17:24 ET
Table 'Victoria II' 2-max Seat #2 is the button
Seat 1: TheU10 ($239.12 in chips)
Seat 2: Ultrafranke ($167.60 in chips)
Ultrafranke: posts small blind $1
TheU10: posts big blind $3
*** HOLE CARDS ***
Ultrafranke: folds
Uncalled bet ($2) returned to TheU10
TheU10 collected $2 from pot
TheU10: doesn't show hand
*** SUMMARY ***
Total pot $2 | Rake $0
Seat 1: TheU10 (big blind) collected ($2)
Seat 2: Ultrafranke (button) (small blind) folded before Flop


PokerStars Hand #146555179908:  Hold'em Limit ($3/$6 USD) - 2016/01/06 5:17:29 ET
Table 'Victoria II' 2-max Seat #1 is the button
Seat 1: TheU10 ($240.12 in chips)
Seat 2: Ultrafranke ($166.60 in chips)
TheU10: posts small blind $1
Ultrafranke: posts big blind $3
*** HOLE CARDS ***
TheU10: folds
Uncalled bet ($2) returned to Ultrafranke
Ultrafranke collected $2 from pot
Ultrafranke: doesn't show hand
*** SUMMARY ***
Total pot $2 | Rake $0
Seat 1: TheU10 (button) (small blind) folded before Flop
Seat 2: Ultrafranke (big blind) collected ($2)


PokerStars Hand #146555184651:  Hold'em Limit ($3/$6 USD) - 2016/01/06 5:17:38 ET
Table 'Victoria II' 2-max Seat #1 is the button
Seat 1: TheU10 ($240.12 in chips)
Seat 2: Ultrafranke ($166.60 in chips)
TheU10: posts small blind $1
Ultrafranke: posts big blind $3
*** HOLE CARDS ***
TheU10: raises $3 to $6
Ultrafranke: calls $3
*** FLOP *** [7h 3c 6h]
Ultrafranke: checks
TheU10: bets $3
Ultrafranke: calls $3
*** TURN *** [7h 3c 6h] [Ad]
Ultrafranke: checks
TheU10: bets $6
Ultrafranke: calls $6
*** RIVER *** [7h 3c 6h Ad] [5h]
Ultrafranke: checks
TheU10: checks
*** SHOW DOWN ***
Ultrafranke: shows [9d Th] (high card Ace)
TheU10: shows [Qd Qh] (a pair of Queens)
TheU10 collected $29.50 from pot
*** SUMMARY ***
Total pot $30 | Rake $0.50
Board [7h 3c 6h Ad 5h]
Seat 1: TheU10 (button) (small blind) showed [Qd Qh] and won ($29.50) with a pair of Queens
Seat 2: Ultrafranke (big blind) showed [9d Th] and lost with high card Ace


PokerStars Hand #146555208795:  Hold'em Limit ($3/$6 USD) - 2016/01/06 5:18:26 ET
Table 'Victoria II' 2-max Seat #2 is the button
Seat 1: TheU10 ($227.62 in chips)
Seat 2: Ultrafranke ($177.86 in chips)
Ultrafranke: posts small blind $1
TheU10: posts big blind $3
*** HOLE CARDS ***
Ultrafranke: folds
Uncalled bet ($2) returned to TheU10
TheU10 collected $2 from pot
TheU10: doesn't show hand
*** SUMMARY ***
Total pot $2 | Rake $0
Seat 1: TheU10 (big blind) collected ($2)
Seat 2: Ultrafranke (button) (small blind) folded before Flop


PokerStars Hand #146555214996:  Hold'em Limit ($3/$6 USD) - 2016/01/06 5:18:38 ET
Table 'Victoria II' 2-max Seat #2 is the button
Seat 1: TheU10 ($234.38 in chips)
Seat 2: Ultrafranke ($170.86 in chips)
Ultrafranke: posts small blind $1
TheU10: posts big blind $3
*** HOLE CARDS ***
Ultrafranke: folds
Uncalled bet ($2) returned to TheU10
TheU10 collected $2 from pot
TheU10: doesn't show hand
*** SUMMARY ***
Total pot $2 | Rake $0
Seat 1: TheU10 (big blind) collected ($2)
Seat 2: Ultrafranke (button) (small blind) folded before Flop


PokerStars Hand #146555219137:  Hold'em Limit ($3/$6 USD) - 2016/01/06 5:18:46 ET
Table 'Victoria II' 2-max Seat #2 is the button
Seat 1: TheU10 ($234.38 in chips)
Seat 2: Ultrafranke ($170.86 in chips)
Ultrafranke: posts small blind $1
TheU10: posts big blind $3
*** HOLE CARDS ***
Ultrafranke: raises $3 to $6
TheU10: calls $3
*** FLOP *** [2c Qd 7d]
TheU10: checks
Ultrafranke: bets $3
TheU10: calls $3
*** TURN *** [2c Qd 7d] [4d]
TheU10: checks
Ultrafranke: checks
*** RIVER *** [2c Qd 7d 4d] [8c]
TheU10: checks
Ultrafranke: checks
*** SHOW DOWN ***
TheU10: shows [3s Kd] (high card King)
Ultrafranke: mucks hand
TheU10 collected $17.64 from pot
*** SUMMARY ***
Total pot $18 | Rake $0.36
Board [2c Qd 7d 4d 8c]
Seat 1: TheU10 (big blind) showed [3s Kd] and won ($17.64) with high card King
Seat 2: Ultrafranke (button) (small blind) mucked


PokerStars Hand #146555196604:  Hold'em Limit ($3/$6 USD) - 2016/01/06 5:18:02 ET
Table 'Victoria II' 2-max Seat #1 is the button
Seat 1: TheU10 ($248.62 in chips)
Seat 2: Ultrafranke ($157.36 in chips)
TheU10: posts small blind $1
Ultrafranke: posts big blind $3
*** HOLE CARDS ***
TheU10: raises $3 to $6
Ultrafranke: raises $3 to $9
TheU10: raises $3 to $12
Betting is capped
Ultrafranke: calls $3
*** FLOP *** [Jc 2c Jd]
Ultrafranke: checks
TheU10: bets $3
Ultrafranke: calls $3
*** TURN *** [Jc 2c Jd] [Qd]
Ultrafranke: checks
TheU10: bets $6
Ultrafranke: calls $6
*** RIVER *** [Jc 2c Jd Qd] [As]
Ultrafranke: checks
TheU10: checks
*** SHOW DOWN ***
Ultrafranke: shows [8c Ac] (two pair, Aces and Jacks)
TheU10: mucks hand
Ultrafranke collected $41.50 from pot
*** SUMMARY ***
Total pot $42 | Rake $0.50
Board [Jc 2c Jd Qd As]
Seat 1: TheU10 (button) (small blind) mucked
Seat 2: Ultrafranke (big blind) showed [8c Ac] and won ($41.50) with two pair, Aces and Jacks


PokerStars Hand #146555190935:  Hold'em Limit ($3/$6 USD) - 2016/01/06 5:17:51 ET
Table 'Victoria II' 2-max Seat #2 is the button
Seat 1: TheU10 ($254.62 in chips)
Seat 2: Ultrafranke ($151.60 in chips)
Ultrafranke: posts small blind $1
TheU10: posts big blind $3
*** HOLE CARDS ***
Ultrafranke: raises $3 to $6
TheU10: calls $3
*** FLOP *** [Th 8c Jh]
TheU10: checks
Ultrafranke: checks
*** TURN *** [Th 8c Jh] [3c]
TheU10: checks
Ultrafranke: bets $6
TheU10: folds
Uncalled bet ($6) returned to Ultrafranke
Ultrafranke collected $11.76 from pot
Ultrafranke: doesn't show hand
*** SUMMARY ***
Total pot $12 | Rake $0.24
Board [Th 8c Jh 3c]
Seat 1: TheU10 (big blind) folded on the Turn
Seat 2: Ultrafranke (button) (small blind) collected ($11.76)


PokerStars Hand #146555242320:  Hold'em Limit ($3/$6 USD) - 2016/01/06 5:19:33 ET
Table 'Victoria II' 2-max Seat #1 is the button
Seat 1: TheU10 ($231.78 in chips)
Seat 2: Ultrafranke ($172.14 in chips)
TheU10: posts small blind $1
Ultrafranke: posts big blind $3
*** HOLE CARDS ***
TheU10: raises $3 to $6
Ultrafranke: raises $3 to $9
TheU10: calls $3
*** FLOP *** [Qd Js 5c]
Ultrafranke: bets $3
TheU10: calls $3
*** TURN *** [Qd Js 5c] [5d]
Ultrafranke: bets $6
TheU10: calls $6
*** RIVER *** [Qd Js 5c 5d] [4s]
Ultrafranke: bets $6
TheU10: calls $6
*** SHOW DOWN ***
Ultrafranke: shows [Td Ad] (a pair of Fives)
TheU10: shows [Jd Ah] (two pair, Jacks and Fives)
TheU10 collected $47.50 from pot
*** SUMMARY ***
Total pot $48 | Rake $0.50
Board [Qd Js 5c 5d 4s]
Seat 1: TheU10 (button) (small blind) showed [Jd Ah] and won ($47.50) with two pair, Jacks and Fives
Seat 2: Ultrafranke (big blind) showed [Td Ad] and lost with a pair of Fives


PokerStars Hand #146555228565:  Hold'em Limit ($3/$6 USD) - 2016/01/06 5:19:06 ET
Table 'Victoria II' 2-max Seat #2 is the button
Seat 1: TheU10 ($248.78 in chips)
Seat 2: Ultrafranke ($155.86 in chips)
Ultrafranke: posts small blind $1
TheU10: posts big blind $3
*** HOLE CARDS ***
Ultrafranke: raises $3 to $6
TheU10: calls $3
*** FLOP *** [7s 8c 3c]
TheU10: checks
Ultrafranke: checks
*** TURN *** [7s 8c 3c] [Kd]
TheU10: bets $6
Ultrafranke: raises $6 to $12
TheU10: folds
Uncalled bet ($6) returned to Ultrafranke
Ultrafranke collected $23.52 from pot
Ultrafranke: doesn't show hand
*** SUMMARY ***
Total pot $24 | Rake $0.48
Board [7s 8c 3c Kd]
Seat 1: TheU10 (big blind) folded on the Turn
Seat 2: Ultrafranke (button) (small blind) collected ($23.52)


PokerStars Hand #146555225098:  Hold'em Limit ($3/$6 USD) - 2016/01/06 5:18:59 ET
Table 'Victoria II' 2-max Seat #1 is the button
Seat 1: TheU10 ($243.02 in chips)
Seat 2: Ultrafranke ($161.86 in chips)
TheU10: posts small blind $1
Ultrafranke: posts big blind $3
*** HOLE CARDS ***
TheU10: raises $3 to $6
Ultrafranke: calls $3
*** FLOP *** [Ah 9d 9c]
Ultrafranke: checks
TheU10: bets $3
Ultrafranke: folds
Uncalled bet ($3) returned to TheU10
TheU10 collected $11.76 from pot
TheU10: doesn't show hand
*** SUMMARY ***
Total pot $12 | Rake $0.24
Board [Ah 9d 9c]
Seat 1: TheU10 (button) (small blind) collected ($11.76)
Seat 2: Ultrafranke (big blind) folded on the Flop


PokerStars Hand #146555249950:  Hold'em Limit ($3/$6 USD) - 2016/01/06 5:19:48 ET
Table 'Victoria II' 2-max Seat #2 is the button
Seat 1: TheU10 ($255.28 in chips)
Seat 2: Ultrafranke ($148.14 in chips)
Ultrafranke: posts small blind $1
TheU10: posts big blind $3
*** HOLE CARDS ***
Ultrafranke: raises $3 to $6
TheU10: calls $3
*** FLOP *** [5h Jh 3d]
TheU10: checks
Ultrafranke: checks
*** TURN *** [5h Jh 3d] [6s]
TheU10: bets $6
Ultrafranke: calls $6
*** RIVER *** [5h Jh 3d 6s] [7d]
TheU10: checks
Ultrafranke: bets $6
TheU10: folds
Uncalled bet ($6) returned to Ultrafranke
Ultrafranke collected $23.52 from pot
Ultrafranke: doesn't show hand
*** SUMMARY ***
Total pot $24 | Rake $0.48
Board [5h Jh 3d 6s 7d]
Seat 1: TheU10 (big blind) folded on the River
Seat 2: Ultrafranke (button) (small blind) collected ($23.52)


PokerStars Hand #146555272472:  Hold'em Limit ($3/$6 USD) - 2016/01/06 5:20:33 ET
Table 'Victoria II' 2-max Seat #2 is the button
Seat 1: TheU10 ($248.56 in chips)
Seat 2: Ultrafranke ($153.18 in chips)
Ultrafranke: posts small blind $1
TheU10: posts big blind $3
*** HOLE CARDS ***
Ultrafranke: raises $3 to $6
TheU10: calls $3
*** FLOP *** [3s 7d Js]
TheU10: checks
Ultrafranke: checks
*** TURN *** [3s 7d Js] [9h]
TheU10: checks
Ultrafranke: checks
*** RIVER *** [3s 7d Js 9h] [9s]
TheU10: bets $6
Ultrafranke: calls $6
*** SHOW DOWN ***
TheU10: shows [5s 2h] (a pair of Nines)
Ultrafranke: shows [Qd 6h] (a pair of Nines - Queen kicker)
Ultrafranke collected $23.52 from pot
*** SUMMARY ***
Total pot $24 | Rake $0.48
Board [3s 7d Js 9h 9s]
Seat 1: TheU10 (big blind) showed [5s 2h] and lost with a pair of Nines
Seat 2: Ultrafranke (button) (small blind) showed [Qd 6h] and won ($23.52) with a pair of Nines


PokerStars Hand #146555278869:  Hold'em Limit ($3/$6 USD) - 2016/01/06 5:20:46 ET
Table 'Victoria II' 2-max Seat #1 is the button
Seat 1: TheU10 ($236.56 in chips)
Seat 2: Ultrafranke ($164.70 in chips)
TheU10: posts small blind $1
Ultrafranke: posts big blind $3
*** HOLE CARDS ***
TheU10: raises $3 to $6
Ultrafranke: calls $3
*** FLOP *** [3d 6h Qs]
Ultrafranke: checks
TheU10: checks
*** TURN *** [3d 6h Qs] [8s]
Ultrafranke: bets $6
TheU10: folds
Uncalled bet ($6) returned to Ultrafranke
Ultrafranke collected $11.76 from pot
Ultrafranke: doesn't show hand
*** SUMMARY ***
Total pot $12 | Rake $0.24
Board [3d 6h Qs 8s]
Seat 1: TheU10 (button) (small blind) folded on the Turn
Seat 2: Ultrafranke (big blind) collected ($11.76)


PokerStars Hand #146555260830:  Hold'em Limit ($3/$6 USD) - 2016/01/06 5:20:10 ET
Table 'Victoria II' 2-max Seat #2 is the button
Seat 1: TheU10 ($249.04 in chips)
Seat 2: Ultrafranke ($153.66 in chips)
Ultrafranke: posts small blind $1
TheU10: posts big blind $3
*** HOLE CARDS ***
Ultrafranke: raises $3 to $6
TheU10: calls $3
*** FLOP *** [8d 6d 2h]
TheU10: checks
Ultrafranke: checks
*** TURN *** [8d 6d 2h] [4d]
TheU10: bets $6
Ultrafranke: calls $6
*** RIVER *** [8d 6d 2h 4d] [9h]
TheU10: bets $6
Ultrafranke: folds
Uncalled bet ($6) returned to TheU10
TheU10 collected $23.52 from pot
TheU10: doesn't show hand
*** SUMMARY ***
Total pot $24 | Rake $0.48
Board [8d 6d 2h 4d 9h]
Seat 1: TheU10 (big blind) collected ($23.52)
Seat 2: Ultrafranke (button) (small blind) folded on the River


PokerStars Hand #146555265575:  Hold'em Limit ($3/$6 USD) - 2016/01/06 5:20:20 ET
Table 'Victoria II' 2-max Seat #1 is the button
Seat 1: TheU10 ($260.56 in chips)
Seat 2: Ultrafranke ($141.66 in chips)
TheU10: posts small blind $1
Ultrafranke: posts big blind $3
*** HOLE CARDS ***
TheU10: raises $3 to $6
Ultrafranke: calls $3
*** FLOP *** [Ks 5d 4c]
Ultrafranke: checks
TheU10: checks
*** TURN *** [Ks 5d 4c] [6c]
Ultrafranke: checks
TheU10: bets $6
Ultrafranke: calls $6
*** RIVER *** [Ks 5d 4c 6c] [7c]
Ultrafranke: checks
TheU10: checks
*** SHOW DOWN ***
Ultrafranke: shows [Qd 3h] (a straight, Three to Seven)
TheU10: mucks hand
Ultrafranke collected $23.52 from pot
*** SUMMARY ***
Total pot $24 | Rake $0.48
Board [Ks 5d 4c 6c 7c]
Seat 1: TheU10 (button) (small blind) mucked
Seat 2: Ultrafranke (big blind) showed [Qd 3h] and won ($23.52) with a straight, Three to Seven


PokerStars Hand #146555283654:  Hold'em Limit ($3/$6 USD) - 2016/01/06 5:20:55 ET
Table 'Victoria II' 2-max Seat #2 is the button
Seat 1: TheU10 ($230.56 in chips)
Seat 2: Ultrafranke ($170.46 in chips)
Ultrafranke: posts small blind $1
TheU10: posts big blind $3
*** HOLE CARDS ***
Ultrafranke: raises $3 to $6
TheU10: calls $3
*** FLOP *** [9s 8d 5d]
TheU10: checks
Ultrafranke: checks
*** TURN *** [9s 8d 5d] [Jc]
TheU10: bets $6
Ultrafranke: calls $6
*** RIVER *** [9s 8d 5d Jc] [4d]
TheU10: bets $6
Ultrafranke: calls $6
*** SHOW DOWN ***
TheU10: shows [Jd 6s] (a pair of Jacks)
Ultrafranke: mucks hand
TheU10 collected $35.50 from pot
*** SUMMARY ***
Total pot $36 | Rake $0.50
Board [9s 8d 5d Jc 4d]
Seat 1: TheU10 (big blind) showed [Jd 6s] and won ($35.50) with a pair of Jacks
Seat 2: Ultrafranke (button) (small blind) mucked


PokerStars Hand #146555304515:  Hold'em Limit ($3/$6 USD) - 2016/01/06 5:21:37 ET
Table 'Victoria II' 2-max Seat #2 is the button
Seat 1: TheU10 ($241.58 in chips)
Seat 2: Ultrafranke ($157.74 in chips)
Ultrafranke: posts small blind $1
TheU10: posts big blind $3
*** HOLE CARDS ***
Ultrafranke: raises $3 to $6
TheU10: calls $3
*** FLOP *** [6h 5h Kc]
TheU10: checks
Ultrafranke: checks
*** TURN *** [6h 5h Kc] [9c]
TheU10: bets $6
Ultrafranke: folds
Uncalled bet ($6) returned to TheU10
TheU10 collected $11.76 from pot
TheU10: doesn't show hand
*** SUMMARY ***
Total pot $12 | Rake $0.24
Board [6h 5h Kc 9c]
Seat 1: TheU10 (big blind) collected ($11.76)
Seat 2: Ultrafranke (button) (small blind) folded on the Turn


PokerStars Hand #146555308596:  Hold'em Limit ($3/$6 USD) - 2016/01/06 5:21:45 ET
Table 'Victoria II' 2-max Seat #1 is the button
Seat 1: TheU10 ($247.34 in chips)
Seat 2: Ultrafranke ($151.74 in chips)
TheU10: posts small blind $1
Ultrafranke: posts big blind $3
*** HOLE CARDS ***
TheU10: raises $3 to $6
Ultrafranke: calls $3
*** FLOP *** [2c Ah Th]
Ultrafranke: checks
TheU10: bets $3
Ultrafranke: folds
Uncalled bet ($3) returned to TheU10
TheU10 collected $11.76 from pot
TheU10: doesn't show hand
*** SUMMARY ***
Total pot $12 | Rake $0.24
Board [2c Ah Th]
Seat 1: TheU10 (button) (small blind) collected ($11.76)
Seat 2: Ultrafranke (big blind) folded on the Flop


PokerStars Hand #146555294114:  Hold'em Limit ($3/$6 USD) - 2016/01/06 5:21:16 ET
Table 'Victoria II' 2-max Seat #2 is the button
Seat 1: TheU10 ($239.06 in chips)
Seat 2: Ultrafranke ($161.10 in chips)
Ultrafranke: posts small blind $1
TheU10: posts big blind $3
*** HOLE CARDS ***
Ultrafranke: raises $3 to $6
TheU10: raises $3 to $9
Ultrafranke: calls $3
*** FLOP *** [Qs 4d Td]
TheU10: bets $3
Ultrafranke: calls $3
*** TURN *** [Qs 4d Td] [3c]
TheU10: bets $6
Ultrafranke: folds
Uncalled bet ($6) returned to TheU10
TheU10 collected $23.52 from pot
TheU10: doesn't show hand
*** SUMMARY ***
Total pot $24 | Rake $0.48
Board [Qs 4d Td 3c]
Seat 1: TheU10 (big blind) collected ($23.52)
Seat 2: Ultrafranke (button) (small blind) folded on the Turn


PokerStars Hand #146555312296:  Hold'em Limit ($3/$6 USD) - 2016/01/06 5:21:53 ET
Table 'Victoria II' 2-max Seat #2 is the button
Seat 1: TheU10 ($253.10 in chips)
Seat 2: Ultrafranke ($145.74 in chips)
Ultrafranke: posts small blind $1
TheU10: posts big blind $3
*** HOLE CARDS ***
Ultrafranke: raises $3 to $6
TheU10: calls $3
*** FLOP *** [2s Qc 2h]
TheU10: checks
Ultrafranke: bets $3
TheU10: calls $3
*** TURN *** [2s Qc 2h] [Qs]
TheU10: checks
Ultrafranke: bets $6
TheU10: folds
Uncalled bet ($6) returned to Ultrafranke
Ultrafranke collected $17.64 from pot
Ultrafranke: doesn't show hand
*** SUMMARY ***
Total pot $18 | Rake $0.36
Board [2s Qc 2h Qs]
Seat 1: TheU10 (big blind) folded on the Turn
Seat 2: Ultrafranke (button) (small blind) collected ($17.64)


PokerStars Hand #146555328694:  Hold'em Limit ($3/$6 USD) - 2016/01/06 5:22:25 ET
Table 'Victoria II' 2-max Seat #1 is the button
Seat 1: TheU10 ($237.86 in chips)
Seat 2: Ultrafranke ($159.90 in chips)
TheU10: posts small blind $1
Ultrafranke: posts big blind $3
*** HOLE CARDS ***
TheU10: raises $3 to $6
Ultrafranke: calls $3
*** FLOP *** [3h Qc 9d]
Ultrafranke: checks
TheU10: bets $3
Ultrafranke: calls $3
*** TURN *** [3h Qc 9d] [Ks]
Ultrafranke: checks
TheU10: bets $6
Ultrafranke: calls $6
*** RIVER *** [3h Qc 9d Ks] [6d]
Ultrafranke: checks
TheU10: checks
*** SHOW DOWN ***
Ultrafranke: shows [3c Ah] (a pair of Threes)
TheU10: mucks hand
Ultrafranke collected $29.50 from pot
*** SUMMARY ***
Total pot $30 | Rake $0.50
Board [3h Qc 9d Ks 6d]
Seat 1: TheU10 (button) (small blind) mucked
Seat 2: Ultrafranke (big blind) showed [3c Ah] and won ($29.50) with a pair of Threes


PokerStars Hand #146555318256:  Hold'em Limit ($3/$6 USD) - 2016/01/06 5:22:04 ET
Table 'Victoria II' 2-max Seat #1 is the button
Seat 1: TheU10 ($244.10 in chips)
Seat 2: Ultrafranke ($154.38 in chips)
TheU10: posts small blind $1
Ultrafranke: posts big blind $3
*** HOLE CARDS ***
TheU10: raises $3 to $6
Ultrafranke: calls $3
*** FLOP *** [3h Ks 6s]
Ultrafranke: checks
TheU10: bets $3
Ultrafranke: folds
Uncalled bet ($3) returned to TheU10
TheU10 collected $11.76 from pot
TheU10: doesn't show hand
*** SUMMARY ***
Total pot $12 | Rake $0.24
Board [3h Ks 6s]
Seat 1: TheU10 (button) (small blind) collected ($11.76)
Seat 2: Ultrafranke (big blind) folded on the Flop


PokerStars Hand #146555321881:  Hold'em Limit ($3/$6 USD) - 2016/01/06 5:22:11 ET
Table 'Victoria II' 2-max Seat #2 is the button
Seat 1: TheU10 ($249.86 in chips)
Seat 2: Ultrafranke ($148.38 in chips)
Ultrafranke: posts small blind $1
TheU10: posts big blind $3
*** HOLE CARDS ***
Ultrafranke: raises $3 to $6
TheU10: raises $3 to $9
Ultrafranke: calls $3
*** FLOP *** [Ac Qd 8d]
TheU10: bets $3
Ultrafranke: calls $3
*** TURN *** [Ac Qd 8d] [7d]
TheU10: checks
Ultrafranke: checks
*** RIVER *** [Ac Qd 8d 7d] [Jh]
TheU10: checks
Ultrafranke: checks
*** SHOW DOWN ***
TheU10: shows [9h 8h] (a pair of Eights)
Ultrafranke: shows [Kc Qs] (a pair of Queens)
Ultrafranke collected $23.52 from pot
*** SUMMARY ***
Total pot $24 | Rake $0.48
Board [Ac Qd 8d 7d Jh]
Seat 1: TheU10 (big blind) showed [9h 8h] and lost with a pair of Eights
Seat 2: Ultrafranke (button) (small blind) showed [Kc Qs] and won ($23.52) with a pair of Queens


PokerStars Hand #146555362939:  Hold'em Limit ($3/$6 USD) - 2016/01/06 5:23:33 ET
Table 'Victoria II' 2-max Seat #1 is the button
Seat 1: TheU10 ($232.88 in chips)
Seat 2: Ultrafranke ($162.66 in chips)
TheU10: posts small blind $1
Ultrafranke: posts big blind $3
*** HOLE CARDS ***
TheU10: raises $3 to $6
Ultrafranke: calls $3
*** FLOP *** [Jd 7c 6s]
Ultrafranke: checks
TheU10: bets $3
Ultrafranke: raises $3 to $6
TheU10: calls $3
*** TURN *** [Jd 7c 6s] [Ac]
Ultrafranke: bets $6
TheU10: calls $6
*** RIVER *** [Jd 7c 6s Ac] [Qh]
Ultrafranke: bets $6
TheU10: raises $6 to $12
Ultrafranke: raises $6 to $18
TheU10: calls $6
*** SHOW DOWN ***
Ultrafranke: shows [Qs 6h] (two pair, Queens and Sixes)
TheU10: shows [6d Qd] (two pair, Queens and Sixes)
Ultrafranke collected $35.75 from pot
TheU10 collected $35.75 from pot
*** SUMMARY ***
Total pot $72 | Rake $0.50
Board [Jd 7c 6s Ac Qh]
Seat 1: TheU10 (button) (small blind) showed [6d Qd] and won ($35.75) with two pair, Queens and Sixes
Seat 2: Ultrafranke (big blind) showed [Qs 6h] and won ($35.75) with two pair, Queens and Sixes


PokerStars Hand #146555335538:  Hold'em Limit ($3/$6 USD) - 2016/01/06 5:22:38 ET
Table 'Victoria II' 2-max Seat #2 is the button
Seat 1: TheU10 ($222.86 in chips)
Seat 2: Ultrafranke ($174.40 in chips)
Ultrafranke: posts small blind $1
TheU10: posts big blind $3
*** HOLE CARDS ***
Ultrafranke: raises $3 to $6
TheU10: raises $3 to $9
Ultrafranke: calls $3
*** FLOP *** [7c Js Ac]
TheU10: bets $3
Ultrafranke: calls $3
*** TURN *** [7c Js Ac] [6c]
TheU10: checks
Ultrafranke: checks
*** RIVER *** [7c Js Ac 6c] [Ad]
TheU10: checks
Ultrafranke: checks
*** SHOW DOWN ***
TheU10: shows [Jd Kc] (two pair, Aces and Jacks)
Ultrafranke: mucks hand
TheU10 collected $23.52 from pot
*** SUMMARY ***
Total pot $24 | Rake $0.48
Board [7c Js Ac 6c Ad]
Seat 1: TheU10 (big blind) showed [Jd Kc] and won ($23.52) with two pair, Aces and Jacks
Seat 2: Ultrafranke (button) (small blind) mucked


PokerStars Hand #146555357311:  Hold'em Limit ($3/$6 USD) - 2016/01/06 5:23:21 ET
Table 'Victoria II' 2-max Seat #2 is the button
Seat 1: TheU10 ($250.88 in chips)
Seat 2: Ultrafranke ($145.16 in chips)
Ultrafranke: posts small blind $1
TheU10: posts big blind $3
*** HOLE CARDS ***
Ultrafranke: raises $3 to $6
TheU10: calls $3
*** FLOP *** [Qc 6d 5s]
TheU10: checks
Ultrafranke: checks
*** TURN *** [Qc 6d 5s] [Tc]
TheU10: bets $6
Ultrafranke: calls $6
*** RIVER *** [Qc 6d 5s Tc] [Qs]
TheU10: bets $6
Ultrafranke: calls $6
*** SHOW DOWN ***
TheU10: shows [4d 3s] (a pair of Queens)
Ultrafranke: shows [8d Ad] (a pair of Queens - Ace kicker)
Ultrafranke collected $35.50 from pot
*** SUMMARY ***
Total pot $36 | Rake $0.50
Board [Qc 6d 5s Tc Qs]
Seat 1: TheU10 (big blind) showed [4d 3s] and lost with a pair of Queens
Seat 2: Ultrafranke (button) (small blind) showed [8d Ad] and won ($35.50) with a pair of Queens


PokerStars Hand #146555343098:  Hold'em Limit ($3/$6 USD) - 2016/01/06 5:22:53 ET
Table 'Victoria II' 2-max Seat #1 is the button
Seat 1: TheU10 ($234.38 in chips)
Seat 2: Ultrafranke ($162.40 in chips)
TheU10: posts small blind $1
Ultrafranke: posts big blind $3
*** HOLE CARDS ***
TheU10: raises $3 to $6
Ultrafranke: raises $3 to $9
TheU10: calls $3
*** FLOP *** [4s Jh 2h]
Ultrafranke: bets $3
TheU10: calls $3
*** TURN *** [4s Jh 2h] [8c]
Ultrafranke: bets $6
TheU10: raises $6 to $12
Ultrafranke: calls $6
*** RIVER *** [4s Jh 2h 8c] [2d]
Ultrafranke: checks
TheU10: bets $6
Ultrafranke: folds
Uncalled bet ($6) returned to TheU10
TheU10 collected $47.50 from pot
TheU10: doesn't show hand
*** SUMMARY ***
Total pot $48 | Rake $0.50
Board [4s Jh 2h 8c 2d]
Seat 1: TheU10 (button) (small blind) collected ($47.50)
Seat 2: Ultrafranke (big blind) folded on the River


PokerStars Hand #146555376689:  Hold'em Limit ($3/$6 USD) - 2016/01/06 5:24:00 ET
Table 'Victoria II' 2-max Seat #1 is the button
Seat 1: TheU10 ($220.63 in chips)
Seat 2: Ultrafranke ($173.93 in chips)
TheU10: posts small blind $1
Ultrafranke: posts big blind $3
*** HOLE CARDS ***
TheU10: raises $3 to $6
Ultrafranke: calls $3
*** FLOP *** [6d 6h As]
Ultrafranke: checks
TheU10: bets $3
Ultrafranke: folds
Uncalled bet ($3) returned to TheU10
TheU10 collected $11.76 from pot
TheU10: doesn't show hand
*** SUMMARY ***
Total pot $12 | Rake $0.24
Board [6d 6h As]
Seat 1: TheU10 (button) (small blind) collected ($11.76)
Seat 2: Ultrafranke (big blind) folded on the Flop


PokerStars Hand #146555371065:  Hold'em Limit ($3/$6 USD) - 2016/01/06 5:23:49 ET
Table 'Victoria II' 2-max Seat #2 is the button
Seat 1: TheU10 ($232.63 in chips)
Seat 2: Ultrafranke ($162.41 in chips)
Ultrafranke: posts small blind $1
TheU10: posts big blind $3
*** HOLE CARDS ***
Ultrafranke: raises $3 to $6
TheU10: calls $3
*** FLOP *** [Ac 2s 6s]
TheU10: checks
Ultrafranke: checks
*** TURN *** [Ac 2s 6s] [3c]
TheU10: checks
Ultrafranke: checks
*** RIVER *** [Ac 2s 6s 3c] [2c]
TheU10: bets $6
Ultrafranke: calls $6
*** SHOW DOWN ***
TheU10: shows [9c Jh] (a pair of Deuces)
Ultrafranke: shows [4d Kc] (a pair of Deuces - Ace+King kicker)
Ultrafranke collected $23.52 from pot
*** SUMMARY ***
Total pot $24 | Rake $0.48
Board [Ac 2s 6s 3c 2c]
Seat 1: TheU10 (big blind) showed [9c Jh] and lost with a pair of Deuces
Seat 2: Ultrafranke (button) (small blind) showed [4d Kc] and won ($23.52) with a pair of Deuces


PokerStars Hand #146555384892:  Hold'em Limit ($3/$6 USD) - 2016/01/06 5:24:16 ET
Table 'Victoria II' 2-max Seat #1 is the button
Seat 1: TheU10 ($220.39 in chips)
Seat 2: Ultrafranke ($173.69 in chips)
TheU10: posts small blind $1
Ultrafranke: posts big blind $3
*** HOLE CARDS ***
TheU10: raises $3 to $6
Ultrafranke: calls $3
*** FLOP *** [Js 7h Jd]
Ultrafranke: checks
TheU10: bets $3
Ultrafranke: raises $3 to $6
TheU10: calls $3
*** TURN *** [Js 7h Jd] [5h]
Ultrafranke: checks
TheU10: checks
*** RIVER *** [Js 7h Jd 5h] [Qc]
Ultrafranke: bets $6
TheU10: calls $6
*** SHOW DOWN ***
Ultrafranke: shows [Kc 7d] (two pair, Jacks and Sevens)
TheU10: shows [8c Qd] (two pair, Queens and Jacks)
TheU10 collected $35.50 from pot
*** SUMMARY ***
Total pot $36 | Rake $0.50
Board [Js 7h Jd 5h Qc]
Seat 1: TheU10 (button) (small blind) showed [8c Qd] and won ($35.50) with two pair, Queens and Jacks
Seat 2: Ultrafranke (big blind) showed [Kc 7d] and lost with two pair, Jacks and Sevens


PokerStars Hand #146555404477:  Hold'em Limit ($3/$6 USD) - 2016/01/06 5:24:54 ET
Table 'Victoria II' 2-max Seat #1 is the button
Seat 1: TheU10 ($225.89 in chips)
Seat 2: Ultrafranke ($167.09 in chips)
TheU10: posts small blind $1
Ultrafranke: posts big blind $3
*** HOLE CARDS ***
TheU10: raises $3 to $6
Ultrafranke: calls $3
*** FLOP *** [Tc Ts Ah]
Ultrafranke: checks
TheU10: bets $3
Ultrafranke: folds
Uncalled bet ($3) returned to TheU10
TheU10 collected $11.76 from pot
TheU10: doesn't show hand
*** SUMMARY ***
Total pot $12 | Rake $0.24
Board [Tc Ts Ah]
Seat 1: TheU10 (button) (small blind) collected ($11.76)
Seat 2: Ultrafranke (big blind) folded on the Flop


PokerStars Hand #146555398845:  Hold'em Limit ($3/$6 USD) - 2016/01/06 5:24:43 ET
Table 'Victoria II' 2-max Seat #2 is the button
Seat 1: TheU10 ($234.89 in chips)
Seat 2: Ultrafranke ($158.45 in chips)
Ultrafranke: posts small blind $1
TheU10: posts big blind $3
*** HOLE CARDS ***
Ultrafranke: raises $3 to $6
TheU10: calls $3
*** FLOP *** [Jh Jd 2d]
TheU10: checks
Ultrafranke: bets $3
TheU10: calls $3
*** TURN *** [Jh Jd 2d] [7s]
TheU10: checks
Ultrafranke: checks
*** RIVER *** [Jh Jd 2d 7s] [7c]
TheU10: checks
Ultrafranke: bets $6
TheU10: folds
Uncalled bet ($6) returned to Ultrafranke
Ultrafranke collected $17.64 from pot
Ultrafranke: doesn't show hand
*** SUMMARY ***
Total pot $18 | Rake $0.36
Board [Jh Jd 2d 7s 7c]
Seat 1: TheU10 (big blind) folded on the River
Seat 2: Ultrafranke (button) (small blind) collected ($17.64)


PokerStars Hand #146555429650:  Hold'em Limit ($3/$6 USD) - 2016/01/06 5:25:43 ET
Table 'Victoria II' 2-max Seat #2 is the button
Seat 1: TheU10 ($234.15 in chips)
Seat 2: Ultrafranke ($157.13 in chips)
Ultrafranke: posts small blind $1
TheU10: posts big blind $3
*** HOLE CARDS ***
Ultrafranke: raises $3 to $6
TheU10: calls $3
*** FLOP *** [Js Td 9c]
TheU10: checks
Ultrafranke: checks
*** TURN *** [Js Td 9c] [Qc]
TheU10: checks
Ultrafranke: checks
*** RIVER *** [Js Td 9c Qc] [Kc]
TheU10: checks
Ultrafranke: checks
*** SHOW DOWN ***
TheU10: shows [3d Jd] (a straight, Nine to King)
Ultrafranke: shows [Th 3s] (a straight, Nine to King)
TheU10 collected $5.88 from pot
Ultrafranke collected $5.88 from pot
*** SUMMARY ***
Total pot $12 | Rake $0.24
Board [Js Td 9c Qc Kc]
Seat 1: TheU10 (big blind) showed [3d Jd] and won ($5.88) with a straight, Nine to King
Seat 2: Ultrafranke (button) (small blind) showed [Th 3s] and won ($5.88) with a straight, Nine to King


PokerStars Hand #146555426782:  Hold'em Limit ($3/$6 USD) - 2016/01/06 5:25:37 ET
Table 'Victoria II' 2-max Seat #1 is the button
Seat 1: TheU10 ($231.15 in chips)
Seat 2: Ultrafranke ($160.13 in chips)
TheU10: posts small blind $1
Ultrafranke: posts big blind $3
*** HOLE CARDS ***
TheU10: raises $3 to $6
Ultrafranke: folds
Uncalled bet ($3) returned to TheU10
TheU10 collected $6 from pot
TheU10: doesn't show hand
*** SUMMARY ***
Total pot $6 | Rake $0
Seat 1: TheU10 (button) (small blind) collected ($6)
Seat 2: Ultrafranke (big blind) folded before Flop


PokerStars Hand #146555420543:  Hold'em Limit ($3/$6 USD) - 2016/01/06 5:25:25 ET
Table 'Victoria II' 2-max Seat #2 is the button
Seat 1: TheU10 ($207.65 in chips)
Seat 2: Ultrafranke ($184.13 in chips)
Ultrafranke: posts small blind $1
TheU10: posts big blind $3
*** HOLE CARDS ***
Ultrafranke: raises $3 to $6
TheU10: raises $3 to $9
Ultrafranke: calls $3
*** FLOP *** [Ac 5s 7d]
TheU10: bets $3
Ultrafranke: calls $3
*** TURN *** [Ac 5s 7d] [8c]
TheU10: bets $6
Ultrafranke: calls $6
*** RIVER *** [Ac 5s 7d 8c] [As]
TheU10: bets $6
Ultrafranke: calls $6
*** SHOW DOWN ***
TheU10: shows [Ad 4d] (three of a kind, Aces)
Ultrafranke: mucks hand
TheU10 collected $47.50 from pot
*** SUMMARY ***
Total pot $48 | Rake $0.50
Board [Ac 5s 7d 8c As]
Seat 1: TheU10 (big blind) showed [Ad 4d] and won ($47.50) with three of a kind, Aces
Seat 2: Ultrafranke (button) (small blind) mucked


PokerStars Hand #146555408416:  Hold'em Limit ($3/$6 USD) - 2016/01/06 5:25:01 ET
Table 'Victoria II' 2-max Seat #2 is the button
Seat 1: TheU10 ($231.65 in chips)
Seat 2: Ultrafranke ($161.09 in chips)
Ultrafranke: posts small blind $1
TheU10: posts big blind $3
*** HOLE CARDS ***
Ultrafranke: raises $3 to $6
TheU10: calls $3
*** FLOP *** [Th 5c 6c]
TheU10: checks
Ultrafranke: checks
*** TURN *** [Th 5c 6c] [Ks]
TheU10: checks
Ultrafranke: checks
*** RIVER *** [Th 5c 6c Ks] [6s]
TheU10: bets $6
Ultrafranke: calls $6
*** SHOW DOWN ***
TheU10: shows [4h 8h] (a pair of Sixes)
Ultrafranke: shows [Ac 9h] (a pair of Sixes - Ace kicker)
Ultrafranke collected $23.52 from pot
*** SUMMARY ***
Total pot $24 | Rake $0.48
Board [Th 5c 6c Ks 6s]
Seat 1: TheU10 (big blind) showed [4h 8h] and lost with a pair of Sixes
Seat 2: Ultrafranke (button) (small blind) showed [Ac 9h] and won ($23.52) with a pair of Sixes


PokerStars Hand #146555453033:  Hold'em Limit ($3/$6 USD) - 2016/01/06 5:26:29 ET
Table 'Victoria II' 2-max Seat #1 is the button
Seat 1: TheU10 ($218.53 in chips)
Seat 2: Ultrafranke ($171.51 in chips)
TheU10: posts small blind $1
Ultrafranke: posts big blind $3
*** HOLE CARDS ***
TheU10: raises $3 to $6
Ultrafranke: calls $3
*** FLOP *** [4h Js 3s]
Ultrafranke: checks
TheU10: checks
*** TURN *** [4h Js 3s] [5d]
Ultrafranke: checks
TheU10: checks
*** RIVER *** [4h Js 3s 5d] [Ks]
Ultrafranke: checks
TheU10: bets $6
Ultrafranke: folds
Uncalled bet ($6) returned to TheU10
TheU10 collected $11.76 from pot
TheU10: doesn't show hand
*** SUMMARY ***
Total pot $12 | Rake $0.24
Board [4h Js 3s 5d Ks]
Seat 1: TheU10 (button) (small blind) collected ($11.76)
Seat 2: Ultrafranke (big blind) folded on the River


PokerStars Hand #146555440663:  Hold'em Limit ($3/$6 USD) - 2016/01/06 5:26:04 ET
Table 'Victoria II' 2-max Seat #2 is the button
Seat 1: TheU10 ($248.53 in chips)
Seat 2: Ultrafranke ($142.01 in chips)
Ultrafranke: posts small blind $1
TheU10: posts big blind $3
*** HOLE CARDS ***
Ultrafranke: folds
Uncalled bet ($2) returned to TheU10
TheU10 collected $2 from pot
TheU10: doesn't show hand
*** SUMMARY ***
Total pot $2 | Rake $0
Seat 1: TheU10 (big blind) collected ($2)
Seat 2: Ultrafranke (button) (small blind) folded before Flop


PokerStars Hand #146555434448:  Hold'em Limit ($3/$6 USD) - 2016/01/06 5:25:52 ET
Table 'Victoria II' 2-max Seat #1 is the button
Seat 1: TheU10 ($234.03 in chips)
Seat 2: Ultrafranke ($157.01 in chips)
TheU10: posts small blind $1
Ultrafranke: posts big blind $3
*** HOLE CARDS ***
TheU10: raises $3 to $6
Ultrafranke: calls $3
*** FLOP *** [7d 2c Kc]
Ultrafranke: checks
TheU10: bets $3
Ultrafranke: calls $3
*** TURN *** [7d 2c Kc] [Ac]
Ultrafranke: checks
TheU10: checks
*** RIVER *** [7d 2c Kc Ac] [8h]
Ultrafranke: bets $6
TheU10: calls $6
*** SHOW DOWN ***
Ultrafranke: shows [2h Jh] (a pair of Deuces)
TheU10: shows [7c Qh] (a pair of Sevens)
TheU10 collected $29.50 from pot
*** SUMMARY ***
Total pot $30 | Rake $0.50
Board [7d 2c Kc Ac 8h]
Seat 1: TheU10 (button) (small blind) showed [7c Qh] and won ($29.50) with a pair of Sevens
Seat 2: Ultrafranke (big blind) showed [2h Jh] and lost with a pair of Deuces


PokerStars Hand #146555445254:  Hold'em Limit ($3/$6 USD) - 2016/01/06 5:26:14 ET
Table 'Victoria II' 2-max Seat #2 is the button
Seat 1: TheU10 ($248.53 in chips)
Seat 2: Ultrafranke ($142.01 in chips)
Ultrafranke: posts small blind $1
TheU10: posts big blind $3
*** HOLE CARDS ***
Ultrafranke: raises $3 to $6
TheU10: calls $3
*** FLOP *** [Ah Qc Qs]
TheU10: checks
Ultrafranke: bets $3
TheU10: raises $3 to $6
Ultrafranke: calls $3
*** TURN *** [Ah Qc Qs] [4d]
TheU10: bets $6
Ultrafranke: raises $6 to $12
TheU10: calls $6
*** RIVER *** [Ah Qc Qs 4d] [3s]
TheU10: checks
Ultrafranke: bets $6
TheU10: calls $6
*** SHOW DOWN ***
Ultrafranke: shows [Qh 9d] (three of a kind, Queens)
TheU10: mucks hand
Ultrafranke collected $59.50 from pot
*** SUMMARY ***
Total pot $60 | Rake $0.50
Board [Ah Qc Qs 4d 3s]
Seat 1: TheU10 (big blind) mucked
Seat 2: Ultrafranke (button) (small blind) showed [Qh 9d] and won ($59.50) with three of a kind, Queens


PokerStars Hand #146555458850:  Hold'em Limit ($3/$6 USD) - 2016/01/06 5:26:40 ET
Table 'Victoria II' 2-max Seat #2 is the button
Seat 1: TheU10 ($224.29 in chips)
Seat 2: Ultrafranke ($165.51 in chips)
Ultrafranke: posts small blind $1
TheU10: posts big blind $3
*** HOLE CARDS ***
Ultrafranke: raises $3 to $6
TheU10: calls $3
*** FLOP *** [4c Td 6c]
TheU10: checks
Ultrafranke: checks
*** TURN *** [4c Td 6c] [Tc]
TheU10: checks
Ultrafranke: checks
*** RIVER *** [4c Td 6c Tc] [2s]
TheU10: checks
Ultrafranke: checks
*** SHOW DOWN ***
TheU10: shows [7c Qd] (a pair of Tens)
Ultrafranke: shows [Kd 9d] (a pair of Tens - King kicker)
Ultrafranke collected $11.76 from pot
*** SUMMARY ***
Total pot $12 | Rake $0.24
Board [4c Td 6c Tc 2s]
Seat 1: TheU10 (big blind) showed [7c Qd] and lost with a pair of Tens
Seat 2: Ultrafranke (button) (small blind) showed [Kd 9d] and won ($11.76) with a pair of Tens


PokerStars Hand #146555483254:  Hold'em Limit ($3/$6 USD) - 2016/01/06 5:27:28 ET
Table 'Victoria II' 2-max Seat #1 is the button
Seat 1: TheU10 ($218.55 in chips)
Seat 2: Ultrafranke ($169.77 in chips)
TheU10: posts small blind $1
Ultrafranke: posts big blind $3
*** HOLE CARDS ***
TheU10: raises $3 to $6
Ultrafranke: calls $3
*** FLOP *** [3s 6h Jd]
Ultrafranke: checks
TheU10: checks
*** TURN *** [3s 6h Jd] [Td]
Ultrafranke: bets $6
TheU10: folds
Uncalled bet ($6) returned to Ultrafranke
Ultrafranke collected $11.76 from pot
Ultrafranke: doesn't show hand
*** SUMMARY ***
Total pot $12 | Rake $0.24
Board [3s 6h Jd Td]
Seat 1: TheU10 (button) (small blind) folded on the Turn
Seat 2: Ultrafranke (big blind) collected ($11.76)


PokerStars Hand #146555477841:  Hold'em Limit ($3/$6 USD) - 2016/01/06 5:27:18 ET
Table 'Victoria II' 2-max Seat #2 is the button
Seat 1: TheU10 ($201.05 in chips)
Seat 2: Ultrafranke ($187.77 in chips)
Ultrafranke: posts small blind $1
TheU10: posts big blind $3
*** HOLE CARDS ***
Ultrafranke: raises $3 to $6
TheU10: calls $3
*** FLOP *** [7s 6d 8d]
TheU10: checks
Ultrafranke: checks
*** TURN *** [7s 6d 8d] [2c]
TheU10: bets $6
Ultrafranke: calls $6
*** RIVER *** [7s 6d 8d 2c] [Ks]
TheU10: bets $6
Ultrafranke: calls $6
*** SHOW DOWN ***
TheU10: shows [8s Th] (a pair of Eights)
Ultrafranke: mucks hand
TheU10 collected $35.50 from pot
*** SUMMARY ***
Total pot $36 | Rake $0.50
Board [7s 6d 8d 2c Ks]
Seat 1: TheU10 (big blind) showed [8s Th] and won ($35.50) with a pair of Eights
Seat 2: Ultrafranke (button) (small blind) mucked


PokerStars Hand #146555473846:  Hold'em Limit ($3/$6 USD) - 2016/01/06 5:27:10 ET
Table 'Victoria II' 2-max Seat #1 is the button
Seat 1: TheU10 ($195.29 in chips)
Seat 2: Ultrafranke ($193.77 in chips)
TheU10: posts small blind $1
Ultrafranke: posts big blind $3
*** HOLE CARDS ***
TheU10: raises $3 to $6
Ultrafranke: calls $3
*** FLOP *** [Qc 6c 4d]
Ultrafranke: checks
TheU10: bets $3
Ultrafranke: folds
Uncalled bet ($3) returned to TheU10
TheU10 collected $11.76 from pot
TheU10: doesn't show hand
*** SUMMARY ***
Total pot $12 | Rake $0.24
Board [Qc 6c 4d]
Seat 1: TheU10 (button) (small blind) collected ($11.76)
Seat 2: Ultrafranke (big blind) folded on the Flop


PokerStars Hand #146555498923:  Hold'em Limit ($3/$6 USD) - 2016/01/06 5:27:59 ET
Table 'Victoria II' 2-max Seat #2 is the button
Seat 1: TheU10 ($244.81 in chips)
Seat 2: Ultrafranke ($142.53 in chips)
Ultrafranke: posts small blind $1
TheU10: posts big blind $3
*** HOLE CARDS ***
Ultrafranke: raises $3 to $6
TheU10: calls $3
*** FLOP *** [4d 5c 9d]
TheU10: checks
Ultrafranke: bets $3
TheU10: calls $3
*** TURN *** [4d 5c 9d] [5s]
TheU10: checks
Ultrafranke: bets $6
TheU10: folds
Uncalled bet ($6) returned to Ultrafranke
Ultrafranke collected $17.64 from pot
Ultrafranke: doesn't show hand
*** SUMMARY ***
Total pot $18 | Rake $0.36
Board [4d 5c 9d 5s]
Seat 1: TheU10 (big blind) folded on the Turn
Seat 2: Ultrafranke (button) (small blind) collected ($17.64)


PokerStars Hand #146555503792:  Hold'em Limit ($3/$6 USD) - 2016/01/06 5:28:08 ET
Table 'Victoria II' 2-max Seat #1 is the button
Seat 1: TheU10 ($235.81 in chips)
Seat 2: Ultrafranke ($151.17 in chips)
TheU10: posts small blind $1
Ultrafranke: posts big blind $3
*** HOLE CARDS ***
TheU10: raises $3 to $6
Ultrafranke: raises $3 to $9
TheU10: raises $3 to $12
Betting is capped
Ultrafranke: calls $3
*** FLOP *** [9s 8d 5d]
Ultrafranke: checks
TheU10: bets $3
Ultrafranke: calls $3
*** TURN *** [9s 8d 5d] [7c]
Ultrafranke: checks
TheU10: bets $6
Ultrafranke: raises $6 to $12
TheU10: calls $6
*** RIVER *** [9s 8d 5d 7c] [Jh]
Ultrafranke: bets $6
TheU10: calls $6
*** SHOW DOWN ***
Ultrafranke: shows [Th Js] (a straight, Seven to Jack)
TheU10: mucks hand
Ultrafranke collected $65.50 from pot
*** SUMMARY ***
Total pot $66 | Rake $0.50
Board [9s 8d 5d 7c Jh]
Seat 1: TheU10 (button) (small blind) mucked
Seat 2: Ultrafranke (big blind) showed [Th Js] and won ($65.50) with a straight, Seven to Jack


PokerStars Hand #146555512324:  Hold'em Limit ($3/$6 USD) - 2016/01/06 5:28:25 ET
Table 'Victoria II' 2-max Seat #2 is the button
Seat 1: TheU10 ($202.81 in chips)
Seat 2: Ultrafranke ($183.67 in chips)
Ultrafranke: posts small blind $1
TheU10: posts big blind $3
*** HOLE CARDS ***
Ultrafranke: raises $3 to $6
TheU10: calls $3
*** FLOP *** [Kc 6h 3h]
TheU10: checks
Ultrafranke: checks
*** TURN *** [Kc 6h 3h] [6d]
TheU10: bets $6
Ultrafranke: calls $6
*** RIVER *** [Kc 6h 3h 6d] [8h]
TheU10: bets $6
Ultrafranke: calls $6
*** SHOW DOWN ***
TheU10: shows [Ac 8c] (two pair, Eights and Sixes)
Ultrafranke: mucks hand
TheU10 collected $35.50 from pot
*** SUMMARY ***
Total pot $36 | Rake $0.50
Board [Kc 6h 3h 6d 8h]
Seat 1: TheU10 (big blind) showed [Ac 8c] and won ($35.50) with two pair, Eights and Sixes
Seat 2: Ultrafranke (button) (small blind) mucked


PokerStars Hand #146555525930:  Hold'em Limit ($3/$6 USD) - 2016/01/06 5:28:51 ET
Table 'Victoria II' 2-max Seat #2 is the button
Seat 1: TheU10 ($234.81 in chips)
Seat 2: Ultrafranke ($150.67 in chips)
Ultrafranke: posts small blind $1
TheU10: posts big blind $3
*** HOLE CARDS ***
Ultrafranke: raises $3 to $6
TheU10: calls $3
*** FLOP *** [5d Qh Ad]
TheU10: checks
Ultrafranke: checks
*** TURN *** [5d Qh Ad] [Jd]
TheU10: checks
Ultrafranke: checks
*** RIVER *** [5d Qh Ad Jd] [4c]
TheU10: checks
Ultrafranke: checks
*** SHOW DOWN ***
TheU10: shows [4s Ks] (a pair of Fours)
Ultrafranke: mucks hand
TheU10 collected $11.76 from pot
*** SUMMARY ***
Total pot $12 | Rake $0.24
Board [5d Qh Ad Jd 4c]
Seat 1: TheU10 (big blind) showed [4s Ks] and won ($11.76) with a pair of Fours
Seat 2: Ultrafranke (button) (small blind) mucked


PokerStars Hand #146555539748:  Hold'em Limit ($3/$6 USD) - 2016/01/06 5:29:17 ET
Table 'Victoria II' 2-max Seat #2 is the button
Seat 1: TheU10 ($246.33 in chips)
Seat 2: Ultrafranke ($138.67 in chips)
Ultrafranke: posts small blind $1
TheU10: posts big blind $3
*** HOLE CARDS ***
Ultrafranke: raises $3 to $6
TheU10: calls $3
*** FLOP *** [4d Th 4h]
TheU10: checks
Ultrafranke: checks
*** TURN *** [4d Th 4h] [7s]
TheU10: checks
Ultrafranke: bets $6
TheU10: raises $6 to $12
Ultrafranke: calls $6
*** RIVER *** [4d Th 4h 7s] [Qd]
TheU10: bets $6
Ultrafranke: folds
Uncalled bet ($6) returned to TheU10
TheU10 collected $35.50 from pot
TheU10: doesn't show hand
*** SUMMARY ***
Total pot $36 | Rake $0.50
Board [4d Th 4h 7s Qd]
Seat 1: TheU10 (big blind) collected ($35.50)
Seat 2: Ultrafranke (button) (small blind) folded on the River


PokerStars Hand #146555531181:  Hold'em Limit ($3/$6 USD) - 2016/01/06 5:29:01 ET
Table 'Victoria II' 2-max Seat #1 is the button
Seat 1: TheU10 ($240.57 in chips)
Seat 2: Ultrafranke ($144.67 in chips)
TheU10: posts small blind $1
Ultrafranke: posts big blind $3
*** HOLE CARDS ***
TheU10: folds
Uncalled bet ($2) returned to Ultrafranke
Ultrafranke collected $2 from pot
Ultrafranke: doesn't show hand
*** SUMMARY ***
Total pot $2 | Rake $0
Seat 1: TheU10 (button) (small blind) folded before Flop
Seat 2: Ultrafranke (big blind) collected ($2)


PokerStars Hand #146555549781:  Hold'em Limit ($3/$6 USD) - 2016/01/06 5:29:36 ET
Table 'Victoria II' 2-max Seat #2 is the button
Seat 1: TheU10 ($254.83 in chips)
Seat 2: Ultrafranke ($129.31 in chips)
Ultrafranke: posts small blind $1
TheU10: posts big blind $3
*** HOLE CARDS ***
Ultrafranke: raises $3 to $6
TheU10: calls $3
*** FLOP *** [6h Js 3c]
TheU10: checks
Ultrafranke: bets $3
TheU10: calls $3
*** TURN *** [6h Js 3c] [7c]
TheU10: checks
Ultrafranke: checks
*** RIVER *** [6h Js 3c 7c] [Ah]
TheU10: checks
Ultrafranke: checks
*** SHOW DOWN ***
TheU10: shows [As 9c] (a pair of Aces)
Ultrafranke: mucks hand
TheU10 collected $17.64 from pot
*** SUMMARY ***
Total pot $18 | Rake $0.36
Board [6h Js 3c 7c Ah]
Seat 1: TheU10 (big blind) showed [As 9c] and won ($17.64) with a pair of Aces
Seat 2: Ultrafranke (button) (small blind) mucked


PokerStars Hand #146555574630:  Hold'em Limit ($3/$6 USD) - 2016/01/06 5:30:24 ET
Table 'Victoria II' 2-max Seat #1 is the button
Seat 1: TheU10 ($224.47 in chips)
Seat 2: Ultrafranke ($158.57 in chips)
TheU10: posts small blind $1
Ultrafranke: posts big blind $3
*** HOLE CARDS ***
TheU10: raises $3 to $6
Ultrafranke: calls $3
*** FLOP *** [6s 2c 6h]
Ultrafranke: checks
TheU10: bets $3
Ultrafranke: calls $3
*** TURN *** [6s 2c 6h] [Kh]
Ultrafranke: checks
TheU10: bets $6
Ultrafranke: calls $6
*** RIVER *** [6s 2c 6h Kh] [Qh]
Ultrafranke: checks
TheU10: bets $6
Ultrafranke: calls $6
*** SHOW DOWN ***
TheU10: shows [7s 8s] (a pair of Sixes)
Ultrafranke: shows [4h 2s] (two pair, Sixes and Deuces)
Ultrafranke collected $41.50 from pot
*** SUMMARY ***
Total pot $42 | Rake $0.50
Board [6s 2c 6h Kh Qh]
Seat 1: TheU10 (button) (small blind) showed [7s 8s] and lost with a pair of Sixes
Seat 2: Ultrafranke (big blind) showed [4h 2s] and won ($41.50) with two pair, Sixes and Deuces


PokerStars Hand #146555581648:  Hold'em Limit ($3/$6 USD) - 2016/01/06 5:30:38 ET
Table 'Victoria II' 2-max Seat #2 is the button
Seat 1: TheU10 ($203.47 in chips)
Seat 2: Ultrafranke ($179.07 in chips)
Ultrafranke: posts small blind $1
TheU10: posts big blind $3
*** HOLE CARDS ***
Ultrafranke: raises $3 to $6
TheU10: raises $3 to $9
Ultrafranke: calls $3
*** FLOP *** [5h Ac 7c]
TheU10: bets $3
Ultrafranke: calls $3
*** TURN *** [5h Ac 7c] [Kd]
TheU10: bets $6
Ultrafranke: calls $6
*** RIVER *** [5h Ac 7c Kd] [4s]
TheU10: bets $6
Ultrafranke: calls $6
*** SHOW DOWN ***
TheU10: shows [3s As] (a pair of Aces)
Ultrafranke: shows [Ad 3h] (a pair of Aces)
TheU10 collected $23.75 from pot
Ultrafranke collected $23.75 from pot
*** SUMMARY ***
Total pot $48 | Rake $0.50
Board [5h Ac 7c Kd 4s]
Seat 1: TheU10 (big blind) showed [3s As] and won ($23.75) with a pair of Aces
Seat 2: Ultrafranke (button) (small blind) showed [Ad 3h] and won ($23.75) with a pair of Aces


PokerStars Hand #146555567748:  Hold'em Limit ($3/$6 USD) - 2016/01/06 5:30:11 ET
Table 'Victoria II' 2-max Seat #1 is the button
Seat 1: TheU10 ($231.47 in chips)
Seat 2: Ultrafranke ($151.81 in chips)
TheU10: posts small blind $1
Ultrafranke: posts big blind $3
*** HOLE CARDS ***
TheU10: folds
Uncalled bet ($2) returned to Ultrafranke
Ultrafranke collected $2 from pot
Ultrafranke: doesn't show hand
*** SUMMARY ***
Total pot $2 | Rake $0
Seat 1: TheU10 (button) (small blind) folded before Flop
Seat 2: Ultrafranke (big blind) collected ($2)


PokerStars Hand #146555565338:  Hold'em Limit ($3/$6 USD) - 2016/01/06 5:30:06 ET
Table 'Victoria II' 2-max Seat #2 is the button
Seat 1: TheU10 ($230.47 in chips)
Seat 2: Ultrafranke ($152.81 in chips)
Ultrafranke: posts small blind $1
TheU10: posts big blind $3
*** HOLE CARDS ***
Ultrafranke: folds
Uncalled bet ($2) returned to TheU10
TheU10 collected $2 from pot
TheU10: doesn't show hand
*** SUMMARY ***
Total pot $2 | Rake $0
Seat 1: TheU10 (big blind) collected ($2)
Seat 2: Ultrafranke (button) (small blind) folded before Flop


PokerStars Hand #146555555821:  Hold'em Limit ($3/$6 USD) - 2016/01/06 5:29:48 ET
Table 'Victoria II' 2-max Seat #1 is the button
Seat 1: TheU10 ($263.47 in chips)
Seat 2: Ultrafranke ($120.31 in chips)
TheU10: posts small blind $1
Ultrafranke: posts big blind $3
*** HOLE CARDS ***
TheU10: raises $3 to $6
Ultrafranke: raises $3 to $9
TheU10: calls $3
*** FLOP *** [6c 6d 7h]
Ultrafranke: bets $3
TheU10: raises $3 to $6
Ultrafranke: calls $3
*** TURN *** [6c 6d 7h] [9c]
Ultrafranke: checks
TheU10: bets $6
Ultrafranke: raises $6 to $12
TheU10: calls $6
*** RIVER *** [6c 6d 7h 9c] [Kc]
Ultrafranke: bets $6
TheU10: calls $6
*** SHOW DOWN ***
Ultrafranke: shows [6s Ac] (three of a kind, Sixes)
TheU10: mucks hand
Ultrafranke collected $65.50 from pot
*** SUMMARY ***
Total pot $66 | Rake $0.50
Board [6c 6d 7h 9c Kc]
Seat 1: TheU10 (button) (small blind) mucked
Seat 2: Ultrafranke (big blind) showed [6s Ac] and won ($65.50) with three of a kind, Sixes


PokerStars Hand #146555608822:  Hold'em Limit ($3/$6 USD) - 2016/01/06 5:31:30 ET
Table 'Victoria II' 2-max Seat #2 is the button
Seat 1: TheU10 ($191.98 in chips)
Seat 2: Ultrafranke ($189.08 in chips)
Ultrafranke: posts small blind $1
TheU10: posts big blind $3
*** HOLE CARDS ***
Ultrafranke: raises $3 to $6
TheU10: calls $3
*** FLOP *** [6s 5s 4c]
TheU10: checks
Ultrafranke: checks
*** TURN *** [6s 5s 4c] [2c]
TheU10: bets $6
Ultrafranke: calls $6
*** RIVER *** [6s 5s 4c 2c] [Td]
TheU10: checks
Ultrafranke: bets $6
TheU10: calls $6
*** SHOW DOWN ***
Ultrafranke: shows [Tc 7s] (a pair of Tens)
TheU10: mucks hand
Ultrafranke collected $35.50 from pot
*** SUMMARY ***
Total pot $36 | Rake $0.50
Board [6s 5s 4c 2c Td]
Seat 1: TheU10 (big blind) mucked
Seat 2: Ultrafranke (button) (small blind) showed [Tc 7s] and won ($35.50) with a pair of Tens


PokerStars Hand #146555605983:  Hold'em Limit ($3/$6 USD) - 2016/01/06 5:31:25 ET
Table 'Victoria II' 2-max Seat #1 is the button
Seat 1: TheU10 ($188.98 in chips)
Seat 2: Ultrafranke ($192.08 in chips)
TheU10: posts small blind $1
Ultrafranke: posts big blind $3
*** HOLE CARDS ***
TheU10: raises $3 to $6
Ultrafranke: folds
Uncalled bet ($3) returned to TheU10
TheU10 collected $6 from pot
TheU10: doesn't show hand
*** SUMMARY ***
Total pot $6 | Rake $0
Seat 1: TheU10 (button) (small blind) collected ($6)
Seat 2: Ultrafranke (big blind) folded before Flop


PokerStars Hand #146555594873:  Hold'em Limit ($3/$6 USD) - 2016/01/06 5:31:03 ET
Table 'Victoria II' 2-max Seat #2 is the button
Seat 1: TheU10 ($188.22 in chips)
Seat 2: Ultrafranke ($193.32 in chips)
Ultrafranke: posts small blind $1
TheU10: posts big blind $3
*** HOLE CARDS ***
Ultrafranke: folds
Uncalled bet ($2) returned to TheU10
TheU10 collected $2 from pot
TheU10: doesn't show hand
*** SUMMARY ***
Total pot $2 | Rake $0
Seat 1: TheU10 (big blind) collected ($2)
Seat 2: Ultrafranke (button) (small blind) folded before Flop


PokerStars Hand #146555587942:  Hold'em Limit ($3/$6 USD) - 2016/01/06 5:30:50 ET
Table 'Victoria II' 2-max Seat #1 is the button
Seat 1: TheU10 ($203.22 in chips)
Seat 2: Ultrafranke ($178.82 in chips)
TheU10: posts small blind $1
Ultrafranke: posts big blind $3
*** HOLE CARDS ***
TheU10: raises $3 to $6
Ultrafranke: calls $3
*** FLOP *** [7c 8d 6h]
Ultrafranke: checks
TheU10: bets $3
Ultrafranke: calls $3
*** TURN *** [7c 8d 6h] [4c]
Ultrafranke: checks
TheU10: bets $6
Ultrafranke: calls $6
*** RIVER *** [7c 8d 6h 4c] [7s]
Ultrafranke: checks
TheU10: checks
*** SHOW DOWN ***
Ultrafranke: shows [6d Qh] (two pair, Sevens and Sixes)
TheU10: mucks hand
Ultrafranke collected $29.50 from pot
*** SUMMARY ***
Total pot $30 | Rake $0.50
Board [7c 8d 6h 4c 7s]
Seat 1: TheU10 (button) (small blind) mucked
Seat 2: Ultrafranke (big blind) showed [6d Qh] and won ($29.50) with two pair, Sevens and Sixes


PokerStars Hand #146555645281:  Hold'em Limit ($3/$6 USD) - 2016/01/06 5:32:40 ET
Table 'Victoria II' 2-max Seat #1 is the button
Seat 1: TheU10 ($141.98 in chips)
Seat 2: Ultrafranke ($237.36 in chips)
TheU10: posts small blind $1
Ultrafranke: posts big blind $3
*** HOLE CARDS ***
TheU10: folds
Uncalled bet ($2) returned to Ultrafranke
Ultrafranke collected $2 from pot
Ultrafranke: doesn't show hand
*** SUMMARY ***
Total pot $2 | Rake $0
Seat 1: TheU10 (button) (small blind) folded before Flop
Seat 2: Ultrafranke (big blind) collected ($2)


PokerStars Hand #146555634370:  Hold'em Limit ($3/$6 USD) - 2016/01/06 5:32:20 ET
Table 'Victoria II' 2-max Seat #2 is the button
Seat 1: TheU10 ($143.98 in chips)
Seat 2: Ultrafranke ($235.60 in chips)
Ultrafranke: posts small blind $1
TheU10: posts big blind $3
*** HOLE CARDS ***
Ultrafranke: raises $3 to $6
TheU10: calls $3
*** FLOP *** [Qd 7s 2c]
TheU10: checks
Ultrafranke: checks
*** TURN *** [Qd 7s 2c] [6c]
TheU10: checks
Ultrafranke: checks
*** RIVER *** [Qd 7s 2c 6c] [Td]
TheU10: checks
Ultrafranke: bets $6
TheU10: folds
Uncalled bet ($6) returned to Ultrafranke
Ultrafranke collected $11.76 from pot
Ultrafranke: doesn't show hand
*** SUMMARY ***
Total pot $12 | Rake $0.24
Board [Qd 7s 2c 6c Td]
Seat 1: TheU10 (big blind) folded on the River
Seat 2: Ultrafranke (button) (small blind) collected ($11.76)


PokerStars Hand #146555621800:  Hold'em Limit ($3/$6 USD) - 2016/01/06 5:31:55 ET
Table 'Victoria II' 2-max Seat #2 is the button
Seat 1: TheU10 ($167.98 in chips)
Seat 2: Ultrafranke ($212.34 in chips)
Ultrafranke: posts small blind $1
TheU10: posts big blind $3
*** HOLE CARDS ***
Ultrafranke: raises $3 to $6
TheU10: calls $3
*** FLOP *** [Th As 4c]
TheU10: checks
Ultrafranke: bets $3
TheU10: raises $3 to $6
Ultrafranke: calls $3
*** TURN *** [Th As 4c] [Ks]
TheU10: bets $6
Ultrafranke: calls $6
*** RIVER *** [Th As 4c Ks] [6h]
TheU10: checks
Ultrafranke: checks
*** SHOW DOWN ***
TheU10: shows [2d 4h] (a pair of Fours)
Ultrafranke: shows [Ac 3d] (a pair of Aces)
Ultrafranke collected $35.50 from pot
*** SUMMARY ***
Total pot $36 | Rake $0.50
Board [Th As 4c Ks 6h]
Seat 1: TheU10 (big blind) showed [2d 4h] and lost with a pair of Fours
Seat 2: Ultrafranke (button) (small blind) showed [Ac 3d] and won ($35.50) with a pair of Aces


PokerStars Hand #146555615328:  Hold'em Limit ($3/$6 USD) - 2016/01/06 5:31:43 ET
Table 'Victoria II' 2-max Seat #1 is the button
Seat 1: TheU10 ($173.98 in chips)
Seat 2: Ultrafranke ($206.58 in chips)
TheU10: posts small blind $1
Ultrafranke: posts big blind $3
*** HOLE CARDS ***
TheU10: raises $3 to $6
Ultrafranke: calls $3
*** FLOP *** [7c 9c 8s]
Ultrafranke: checks
TheU10: checks
*** TURN *** [7c 9c 8s] [4c]
Ultrafranke: checks
TheU10: checks
*** RIVER *** [7c 9c 8s 4c] [2s]
Ultrafranke: checks
TheU10: checks
*** SHOW DOWN ***
Ultrafranke: shows [Js 4h] (a pair of Fours)
TheU10: mucks hand
Ultrafranke collected $11.76 from pot
*** SUMMARY ***
Total pot $12 | Rake $0.24
Board [7c 9c 8s 4c 2s]
Seat 1: TheU10 (button) (small blind) mucked
Seat 2: Ultrafranke (big blind) showed [Js 4h] and won ($11.76) with a pair of Fours


PokerStars Hand #146555653842:  Hold'em Limit ($3/$6 USD) - 2016/01/06 5:32:57 ET
Table 'Victoria II' 2-max Seat #2 is the button
Seat 1: TheU10 ($147.74 in chips)
Seat 2: Ultrafranke ($231.36 in chips)
Ultrafranke: posts small blind $1
TheU10: posts big blind $3
*** HOLE CARDS ***
Ultrafranke: raises $3 to $6
TheU10: raises $3 to $9
Ultrafranke: calls $3
*** FLOP *** [3c Ad Qh]
TheU10: bets $3
Ultrafranke: folds
Uncalled bet ($3) returned to TheU10
TheU10 collected $17.64 from pot
TheU10: doesn't show hand
*** SUMMARY ***
Total pot $18 | Rake $0.36
Board [3c Ad Qh]
Seat 1: TheU10 (big blind) collected ($17.64)
Seat 2: Ultrafranke (button) (small blind) folded on the Flop


PokerStars Hand #146555666085:  Hold'em Limit ($3/$6 USD) - 2016/01/06 5:33:20 ET
Table 'Victoria II' 2-max Seat #2 is the button
Seat 1: TheU10 ($185.88 in chips)
Seat 2: Ultrafranke ($192.36 in chips)
Ultrafranke: posts small blind $1
TheU10: posts big blind $3
*** HOLE CARDS ***
Ultrafranke: raises $3 to $6
TheU10: calls $3
*** FLOP *** [Qc 2h 3s]
TheU10: checks
Ultrafranke: checks
*** TURN *** [Qc 2h 3s] [Jc]
TheU10: bets $6
Ultrafranke: calls $6
*** RIVER *** [Qc 2h 3s Jc] [Ac]
TheU10: checks
Ultrafranke: bets $6
TheU10: folds
Uncalled bet ($6) returned to Ultrafranke
Ultrafranke collected $23.52 from pot
Ultrafranke: doesn't show hand
*** SUMMARY ***
Total pot $24 | Rake $0.48
Board [Qc 2h 3s Jc Ac]
Seat 1: TheU10 (big blind) folded on the River
Seat 2: Ultrafranke (button) (small blind) collected ($23.52)


PokerStars Hand #146555679142:  Hold'em Limit ($3/$6 USD) - 2016/01/06 5:33:45 ET
Table 'Victoria II' 2-max Seat #2 is the button
Seat 1: TheU10 ($146.88 in chips)
Seat 2: Ultrafranke ($230.38 in chips)
Ultrafranke: posts small blind $1
TheU10: posts big blind $3
*** HOLE CARDS ***
Ultrafranke: folds
Uncalled bet ($2) returned to TheU10
TheU10 collected $2 from pot
TheU10: doesn't show hand
*** SUMMARY ***
Total pot $2 | Rake $0
Seat 1: TheU10 (big blind) collected ($2)
Seat 2: Ultrafranke (button) (small blind) folded before Flop


PokerStars Hand #146555671923:  Hold'em Limit ($3/$6 USD) - 2016/01/06 5:33:31 ET
Table 'Victoria II' 2-max Seat #1 is the button
Seat 1: TheU10 ($173.88 in chips)
Seat 2: Ultrafranke ($203.88 in chips)
TheU10: posts small blind $1
Ultrafranke: posts big blind $3
*** HOLE CARDS ***
TheU10: raises $3 to $6
Ultrafranke: calls $3
*** FLOP *** [9c Jc 3h]
Ultrafranke: checks
TheU10: bets $3
Ultrafranke: calls $3
*** TURN *** [9c Jc 3h] [Qh]
Ultrafranke: checks
TheU10: bets $6
Ultrafranke: raises $6 to $12
TheU10: calls $6
*** RIVER *** [9c Jc 3h Qh] [Kh]
Ultrafranke: bets $6
TheU10: calls $6
*** SHOW DOWN ***
Ultrafranke: shows [Qd 9s] (two pair, Queens and Nines)
TheU10: mucks hand
Ultrafranke collected $53.50 from pot
*** SUMMARY ***
Total pot $54 | Rake $0.50
Board [9c Jc 3h Qh Kh]
Seat 1: TheU10 (button) (small blind) mucked
Seat 2: Ultrafranke (big blind) showed [Qd 9s] and won ($53.50) with two pair, Queens and Nines


PokerStars Hand #146555700819:  Hold'em Limit ($3/$6 USD) - 2016/01/06 5:34:27 ET
Table 'Victoria II' 2-max Seat #1 is the button
Seat 1: TheU10 ($157.38 in chips)
Seat 2: Ultrafranke ($219.02 in chips)
TheU10: posts small blind $1
Ultrafranke: posts big blind $3
*** HOLE CARDS ***
TheU10: folds
Uncalled bet ($2) returned to Ultrafranke
Ultrafranke collected $2 from pot
Ultrafranke: doesn't show hand
*** SUMMARY ***
Total pot $2 | Rake $0
Seat 1: TheU10 (button) (small blind) folded before Flop
Seat 2: Ultrafranke (big blind) collected ($2)


PokerStars Hand #146555695958:  Hold'em Limit ($3/$6 USD) - 2016/01/06 5:34:17 ET
Table 'Victoria II' 2-max Seat #2 is the button
Seat 1: TheU10 ($163.38 in chips)
Seat 2: Ultrafranke ($213.26 in chips)
Ultrafranke: posts small blind $1
TheU10: posts big blind $3
*** HOLE CARDS ***
Ultrafranke: raises $3 to $6
TheU10: calls $3
*** FLOP *** [3c Qd 7s]
TheU10: checks
Ultrafranke: checks
*** TURN *** [3c Qd 7s] [Ad]
TheU10: checks
Ultrafranke: bets $6
TheU10: folds
Uncalled bet ($6) returned to Ultrafranke
Ultrafranke collected $11.76 from pot
Ultrafranke: doesn't show hand
*** SUMMARY ***
Total pot $12 | Rake $0.24
Board [3c Qd 7s Ad]
Seat 1: TheU10 (big blind) folded on the Turn
Seat 2: Ultrafranke (button) (small blind) collected ($11.76)


PokerStars Hand #146555681624:  Hold'em Limit ($3/$6 USD) - 2016/01/06 5:33:50 ET
Table 'Victoria II' 2-max Seat #1 is the button
Seat 1: TheU10 ($147.88 in chips)
Seat 2: Ultrafranke ($229.38 in chips)
TheU10: posts small blind $1
Ultrafranke: posts big blind $3
*** HOLE CARDS ***
TheU10: raises $3 to $6
Ultrafranke: calls $3
*** FLOP *** [Jc 8d Qh]
Ultrafranke: checks
TheU10: checks
*** TURN *** [Jc 8d Qh] [Jd]
Ultrafranke: checks
TheU10: checks
*** RIVER *** [Jc 8d Qh Jd] [3d]
Ultrafranke: bets $6
TheU10: raises $6 to $12
Ultrafranke: calls $6
*** SHOW DOWN ***
TheU10: shows [Js Qc] (a full house, Jacks full of Queens)
Ultrafranke: mucks hand
TheU10 collected $35.50 from pot
*** SUMMARY ***
Total pot $36 | Rake $0.50
Board [Jc 8d Qh Jd 3d]
Seat 1: TheU10 (button) (small blind) showed [Js Qc] and won ($35.50) with a full house, Jacks full of Queens
Seat 2: Ultrafranke (big blind) mucked


PokerStars Hand #146555736728:  Hold'em Limit ($3/$6 USD) - 2016/01/06 5:35:36 ET
Table 'Victoria II' 2-max Seat #2 is the button
Seat 1: TheU10 ($188.89 in chips)
Seat 2: Ultrafranke ($185.53 in chips)
Ultrafranke: posts small blind $1
TheU10: posts big blind $3
*** HOLE CARDS ***
Ultrafranke: raises $3 to $6
TheU10: calls $3
*** FLOP *** [8d 3h 9s]
TheU10: checks
Ultrafranke: bets $3
TheU10: raises $3 to $6
Ultrafranke: raises $3 to $9
TheU10: calls $3
*** TURN *** [8d 3h 9s] [Td]
TheU10: checks
Ultrafranke: bets $6
TheU10: folds
Uncalled bet ($6) returned to Ultrafranke
Ultrafranke collected $29.50 from pot
Ultrafranke: doesn't show hand
*** SUMMARY ***
Total pot $30 | Rake $0.50
Board [8d 3h 9s Td]
Seat 1: TheU10 (big blind) folded on the Turn
Seat 2: Ultrafranke (button) (small blind) collected ($29.50)


PokerStars Hand #146555708779:  Hold'em Limit ($3/$6 USD) - 2016/01/06 5:34:42 ET
Table 'Victoria II' 2-max Seat #1 is the button
Seat 1: TheU10 ($162.14 in chips)
Seat 2: Ultrafranke ($214.02 in chips)
TheU10: posts small blind $1
Ultrafranke: posts big blind $3
*** HOLE CARDS ***
TheU10: raises $3 to $6
Ultrafranke: calls $3
*** FLOP *** [6c As Kc]
Ultrafranke: checks
TheU10: bets $3
Ultrafranke: calls $3
*** TURN *** [6c As Kc] [Qd]
Ultrafranke: checks
TheU10: bets $6
Ultrafranke: calls $6
*** RIVER *** [6c As Kc Qd] [Td]
Ultrafranke: checks
TheU10: checks
*** SHOW DOWN ***
Ultrafranke: shows [Ts 8s] (a pair of Tens)
TheU10: shows [Ad 2h] (a pair of Aces)
TheU10 collected $29.50 from pot
*** SUMMARY ***
Total pot $30 | Rake $0.50
Board [6c As Kc Qd Td]
Seat 1: TheU10 (button) (small blind) showed [Ad 2h] and won ($29.50) with a pair of Aces
Seat 2: Ultrafranke (big blind) showed [Ts 8s] and lost with a pair of Tens


PokerStars Hand #146555731410:  Hold'em Limit ($3/$6 USD) - 2016/01/06 5:35:26 ET
Table 'Victoria II' 2-max Seat #1 is the button
Seat 1: TheU10 ($194.89 in chips)
Seat 2: Ultrafranke ($179.77 in chips)
TheU10: posts small blind $1
Ultrafranke: posts big blind $3
*** HOLE CARDS ***
TheU10: raises $3 to $6
Ultrafranke: calls $3
*** FLOP *** [As 9d Kd]
Ultrafranke: checks
TheU10: checks
*** TURN *** [As 9d Kd] [Ad]
Ultrafranke: bets $6
TheU10: folds
Uncalled bet ($6) returned to Ultrafranke
Ultrafranke collected $11.76 from pot
Ultrafranke: doesn't show hand
*** SUMMARY ***
Total pot $12 | Rake $0.24
Board [As 9d Kd Ad]
Seat 1: TheU10 (button) (small blind) folded on the Turn
Seat 2: Ultrafranke (big blind) collected ($11.76)


PokerStars Hand #146555729191:  Hold'em Limit ($3/$6 USD) - 2016/01/06 5:35:21 ET
Table 'Victoria II' 2-max Seat #2 is the button
Seat 1: TheU10 ($193.89 in chips)
Seat 2: Ultrafranke ($180.77 in chips)
Ultrafranke: posts small blind $1
TheU10: posts big blind $3
*** HOLE CARDS ***
Ultrafranke: folds
Uncalled bet ($2) returned to TheU10
TheU10 collected $2 from pot
TheU10: doesn't show hand
*** SUMMARY ***
Total pot $2 | Rake $0
Seat 1: TheU10 (big blind) collected ($2)
Seat 2: Ultrafranke (button) (small blind) folded before Flop


PokerStars Hand #146555771504:  Hold'em Limit ($3/$6 USD) - 2016/01/06 5:36:43 ET
Table 'Victoria II' 2-max Seat #2 is the button
Seat 1: TheU10 ($150.28 in chips)
Seat 2: Ultrafranke ($221.80 in chips)
Ultrafranke: posts small blind $1
TheU10: posts big blind $3
*** HOLE CARDS ***
Ultrafranke: raises $3 to $6
TheU10: calls $3
*** FLOP *** [3h 9c 4c]
TheU10: checks
Ultrafranke: checks
*** TURN *** [3h 9c 4c] [Jc]
TheU10: bets $6
Ultrafranke: folds
Uncalled bet ($6) returned to TheU10
TheU10 collected $11.76 from pot
TheU10: doesn't show hand
*** SUMMARY ***
Total pot $12 | Rake $0.24
Board [3h 9c 4c Jc]
Seat 1: TheU10 (big blind) collected ($11.76)
Seat 2: Ultrafranke (button) (small blind) folded on the Turn


PokerStars Hand #146555765006:  Hold'em Limit ($3/$6 USD) - 2016/01/06 5:36:31 ET
Table 'Victoria II' 2-max Seat #1 is the button
Seat 1: TheU10 ($141.64 in chips)
Seat 2: Ultrafranke ($230.80 in chips)
TheU10: posts small blind $1
Ultrafranke: posts big blind $3
*** HOLE CARDS ***
TheU10: raises $3 to $6
Ultrafranke: calls $3
*** FLOP *** [Th 7c 3h]
Ultrafranke: checks
TheU10: bets $3
Ultrafranke: calls $3
*** TURN *** [Th 7c 3h] [3s]
Ultrafranke: checks
TheU10: checks
*** RIVER *** [Th 7c 3h 3s] [7d]
Ultrafranke: checks
TheU10: bets $6
Ultrafranke: folds
Uncalled bet ($6) returned to TheU10
TheU10 collected $17.64 from pot
TheU10: doesn't show hand
*** SUMMARY ***
Total pot $18 | Rake $0.36
Board [Th 7c 3h 3s 7d]
Seat 1: TheU10 (button) (small blind) collected ($17.64)
Seat 2: Ultrafranke (big blind) folded on the River


PokerStars Hand #146555752506:  Hold'em Limit ($3/$6 USD) - 2016/01/06 5:36:07 ET
Table 'Victoria II' 2-max Seat #1 is the button
Seat 1: TheU10 ($174.64 in chips)
Seat 2: Ultrafranke ($198.78 in chips)
TheU10: posts small blind $1
Ultrafranke: posts big blind $3
*** HOLE CARDS ***
TheU10: raises $3 to $6
Ultrafranke: calls $3
*** FLOP *** [5h 9h 3c]
Ultrafranke: checks
TheU10: checks
*** TURN *** [5h 9h 3c] [9s]
Ultrafranke: bets $6
TheU10: calls $6
*** RIVER *** [5h 9h 3c 9s] [Jd]
Ultrafranke: bets $6
TheU10: folds
Uncalled bet ($6) returned to Ultrafranke
Ultrafranke collected $23.52 from pot
Ultrafranke: doesn't show hand
*** SUMMARY ***
Total pot $24 | Rake $0.48
Board [5h 9h 3c 9s Jd]
Seat 1: TheU10 (button) (small blind) folded on the River
Seat 2: Ultrafranke (big blind) collected ($23.52)


PokerStars Hand #146555796499:  Hold'em Limit ($3/$6 USD) - 2016/01/06 5:37:31 ET
Table 'Victoria II' 2-max Seat #1 is the button
Seat 1: TheU10 ($193.04 in chips)
Seat 2: Ultrafranke ($177.56 in chips)
TheU10: posts small blind $1
Ultrafranke: posts big blind $3
*** HOLE CARDS ***
TheU10: raises $3 to $6
Ultrafranke: calls $3
*** FLOP *** [9d Kc 8c]
Ultrafranke: checks
TheU10: bets $3
Ultrafranke: folds
Uncalled bet ($3) returned to TheU10
TheU10 collected $11.76 from pot
TheU10: doesn't show hand
*** SUMMARY ***
Total pot $12 | Rake $0.24
Board [9d Kc 8c]
Seat 1: TheU10 (button) (small blind) collected ($11.76)
Seat 2: Ultrafranke (big blind) folded on the Flop


PokerStars Hand #146555804934:  Hold'em Limit ($3/$6 USD) - 2016/01/06 5:37:47 ET
Table 'Victoria II' 2-max Seat #1 is the button
Seat 1: TheU10 ($192.80 in chips)
Seat 2: Ultrafranke ($177.32 in chips)
TheU10: posts small blind $1
Ultrafranke: posts big blind $3
*** HOLE CARDS ***
TheU10: raises $3 to $6
Ultrafranke: calls $3
*** FLOP *** [Ad 3s 6c]
Ultrafranke: checks
TheU10: bets $3
Ultrafranke: raises $3 to $6
TheU10: folds
Uncalled bet ($3) returned to Ultrafranke
Ultrafranke collected $17.64 from pot
Ultrafranke: doesn't show hand
*** SUMMARY ***
Total pot $18 | Rake $0.36
Board [Ad 3s 6c]
Seat 1: TheU10 (button) (small blind) folded on the Flop
Seat 2: Ultrafranke (big blind) collected ($17.64)


PokerStars Hand #146555819836:  Hold'em Limit ($3/$6 USD) - 2016/01/06 5:38:16 ET
Table 'Victoria II' 2-max Seat #2 is the button
Seat 1: TheU10 ($205.30 in chips)
Seat 2: Ultrafranke ($163.96 in chips)
Ultrafranke: posts small blind $1
TheU10: posts big blind $3
*** HOLE CARDS ***
Ultrafranke: raises $3 to $6
TheU10: calls $3
*** FLOP *** [6c 9h 9d]
TheU10: checks
Ultrafranke: checks
*** TURN *** [6c 9h 9d] [Ac]
TheU10: checks
Ultrafranke: bets $6
TheU10: calls $6
*** RIVER *** [6c 9h 9d Ac] [Ks]
TheU10: checks
Ultrafranke: bets $6
TheU10: calls $6
*** SHOW DOWN ***
Ultrafranke: shows [3d 5d] (a pair of Nines)
TheU10: shows [4s Kd] (two pair, Kings and Nines)
TheU10 collected $35.50 from pot
*** SUMMARY ***
Total pot $36 | Rake $0.50
Board [6c 9h 9d Ac Ks]
Seat 1: TheU10 (big blind) showed [4s Kd] and won ($35.50) with two pair, Kings and Nines
Seat 2: Ultrafranke (button) (small blind) showed [3d 5d] and lost with a pair of Nines


PokerStars Hand #146555838587:  Hold'em Limit ($3/$6 USD) - 2016/01/06 5:38:52 ET
Table 'Victoria II' 2-max Seat #1 is the button
Seat 1: TheU10 ($195.80 in chips)
Seat 2: Ultrafranke ($172.22 in chips)
TheU10: posts small blind $1
Ultrafranke: posts big blind $3
*** HOLE CARDS ***
TheU10: raises $3 to $6
Ultrafranke: calls $3
*** FLOP *** [Jh 2c 7s]
Ultrafranke: checks
TheU10: bets $3
Ultrafranke: calls $3
*** TURN *** [Jh 2c 7s] [9d]
Ultrafranke: checks
TheU10: checks
*** RIVER *** [Jh 2c 7s 9d] [4h]
Ultrafranke: bets $6
TheU10: calls $6
*** SHOW DOWN ***
Ultrafranke: shows [Kh 4s] (a pair of Fours)
TheU10: mucks hand
Ultrafranke collected $29.50 from pot
*** SUMMARY ***
Total pot $30 | Rake $0.50
Board [Jh 2c 7s 9d 4h]
Seat 1: TheU10 (button) (small blind) mucked
Seat 2: Ultrafranke (big blind) showed [Kh 4s] and won ($29.50) with a pair of Fours


PokerStars Hand #146555856596:  Hold'em Limit ($3/$6 USD) - 2016/01/06 5:39:26 ET
Table 'Victoria II' 2-max Seat #2 is the button
Seat 1: TheU10 ($154.80 in chips)
Seat 2: Ultrafranke ($212.22 in chips)
Ultrafranke: posts small blind $1
TheU10: posts big blind $3
*** HOLE CARDS ***
Ultrafranke: raises $3 to $6
TheU10: calls $3
*** FLOP *** [8s Ks Kh]
TheU10: checks
Ultrafranke: checks
*** TURN *** [8s Ks Kh] [8h]
TheU10: bets $6
Ultrafranke: calls $6
*** RIVER *** [8s Ks Kh 8h] [6h]
TheU10: checks
Ultrafranke: checks
*** SHOW DOWN ***
TheU10: shows [Ad Ts] (two pair, Kings and Eights)
Ultrafranke: mucks hand
TheU10 collected $23.52 from pot
*** SUMMARY ***
Total pot $24 | Rake $0.48
Board [8s Ks Kh 8h 6h]
Seat 1: TheU10 (big blind) showed [Ad Ts] and won ($23.52) with two pair, Kings and Eights
Seat 2: Ultrafranke (button) (small blind) mucked


PokerStars Hand #146555863130:  Hold'em Limit ($3/$6 USD) - 2016/01/06 5:39:39 ET
Table 'Victoria II' 2-max Seat #1 is the button
Seat 1: TheU10 ($166.32 in chips)
Seat 2: Ultrafranke ($200.22 in chips)
TheU10: posts small blind $1
Ultrafranke: posts big blind $3
*** HOLE CARDS ***
TheU10: raises $3 to $6
Ultrafranke: calls $3
*** FLOP *** [Qh 7h Jc]
Ultrafranke: checks
TheU10: checks
*** TURN *** [Qh 7h Jc] [3d]
Ultrafranke: checks
TheU10: checks
*** RIVER *** [Qh 7h Jc 3d] [8c]
Ultrafranke: bets $6
TheU10: raises $6 to $12
Ultrafranke: folds
Uncalled bet ($6) returned to TheU10
TheU10 collected $23.52 from pot
TheU10: doesn't show hand
*** SUMMARY ***
Total pot $24 | Rake $0.48
Board [Qh 7h Jc 3d 8c]
Seat 1: TheU10 (button) (small blind) collected ($23.52)
Seat 2: Ultrafranke (big blind) folded on the River


