PokerStars Hand #151349652508:  Hold'em Limit ($3/$6 USD) - 2016/04/03 0:21:41 ET
Table 'Victoria II' 6-max Seat #1 is the button
Seat 1: VolkovDmitri ($120 in chips)
Seat 5: frazerchi ($30 in chips)
VolkovDmitri: posts small blind $1
frazerchi: posts big blind $3
*** HOLE CARDS ***
VolkovDmitri: raises $3 to $6
frazerchi: raises $3 to $9
VolkovDmitri: calls $3
*** FLOP *** [Td 4s 7c]
frazerchi: checks
VolkovDmitri: checks
*** TURN *** [Td 4s 7c] [3c]
rinagreen joins the table at seat #3
frazerchi: checks
VolkovDmitri: checks
*** RIVER *** [Td 4s 7c 3c] [Ks]
frazerchi: bets $6
VolkovDmitri: folds
Uncalled bet ($6) returned to frazerchi
frazerchi collected $17.64 from pot
frazerchi: doesn't show hand
*** SUMMARY ***
Total pot $18 | Rake $0.36
Board [Td 4s 7c 3c Ks]
Seat 1: VolkovDmitri (button) (small blind) folded on the River
Seat 5: frazerchi (big blind) collected ($17.64)


PokerStars Hand #151349667612:  Hold'em Limit ($3/$6 USD) - 2016/04/03 0:22:34 ET
Table 'Victoria II' 6-max Seat #5 is the button
Seat 1: VolkovDmitri ($120 in chips)
Seat 5: frazerchi ($38.64 in chips)
frazerchi: posts small blind $1
VolkovDmitri: posts big blind $3
*** HOLE CARDS ***
frazerchi: calls $2
VolkovDmitri: raises $3 to $6
frazerchi: calls $3
*** FLOP *** [Td 8h 2d]
VolkovDmitri: bets $3
frazerchi: calls $3
*** TURN *** [Td 8h 2d] [6c]
VolkovDmitri: bets $6
frazerchi: calls $6
*** RIVER *** [Td 8h 2d 6c] [4c]
VolkovDmitri: checks
frazerchi: bets $6
VolkovDmitri: calls $6
*** SHOW DOWN ***
frazerchi: shows [Jh 7h] (high card Jack)
VolkovDmitri: shows [Kd 4s] (a pair of Fours)
VolkovDmitri collected $41.50 from pot
*** SUMMARY ***
Total pot $42 | Rake $0.50
Board [Td 8h 2d 6c 4c]
Seat 1: VolkovDmitri (big blind) showed [Kd 4s] and won ($41.50) with a pair of Fours
Seat 5: frazerchi (button) (small blind) showed [Jh 7h] and lost with high card Jack


PokerStars Hand #151349988331:  Hold'em Limit ($3/$6 USD) - 2016/04/03 0:41:15 ET
Table 'Victoria II' 6-max Seat #3 is the button
Seat 1: VolkovDmitri ($172.62 in chips)
Seat 3: rinagreen ($50.98 in chips)
rinagreen: posts small blind $1
VolkovDmitri: posts big blind $3
*** HOLE CARDS ***
rinagreen: raises $3 to $6
VolkovDmitri: folds
Uncalled bet ($3) returned to rinagreen
rinagreen collected $6 from pot
rinagreen: doesn't show hand
*** SUMMARY ***
Total pot $6 | Rake $0
Seat 1: VolkovDmitri (big blind) folded before Flop
Seat 3: rinagreen (button) (small blind) collected ($6)


PokerStars Hand #151349993563:  Hold'em Limit ($3/$6 USD) - 2016/04/03 0:41:34 ET
Table 'Victoria II' 6-max Seat #1 is the button
Seat 1: VolkovDmitri ($169.62 in chips)
Seat 5: frazerchi ($32.92 in chips)
VolkovDmitri: posts small blind $1
frazerchi: posts big blind $3
*** HOLE CARDS ***
VolkovDmitri: folds
Uncalled bet ($2) returned to frazerchi
frazerchi collected $2 from pot
frazerchi: doesn't show hand
*** SUMMARY ***
Total pot $2 | Rake $0
Seat 1: VolkovDmitri (button) (small blind) folded before Flop
Seat 5: frazerchi (big blind) collected ($2)


PokerStars Hand #151349996181:  Hold'em Limit ($3/$6 USD) - 2016/04/03 0:41:44 ET
Table 'Victoria II' 6-max Seat #5 is the button
Seat 1: VolkovDmitri ($168.62 in chips)
Seat 5: frazerchi ($33.92 in chips)
frazerchi: posts small blind $1
VolkovDmitri: posts big blind $3
*** HOLE CARDS ***
frazerchi: raises $3 to $6
VolkovDmitri: raises $3 to $9
frazerchi: calls $3
*** FLOP *** [Ac 6h Jd]
VolkovDmitri: bets $3
frazerchi: folds
Uncalled bet ($3) returned to VolkovDmitri
VolkovDmitri collected $17.64 from pot
VolkovDmitri: doesn't show hand
*** SUMMARY ***
Total pot $18 | Rake $0.36
Board [Ac 6h Jd]
Seat 1: VolkovDmitri (big blind) collected ($17.64)
Seat 5: frazerchi (button) (small blind) folded on the Flop


PokerStars Hand #151349999633:  Hold'em Limit ($3/$6 USD) - 2016/04/03 0:41:56 ET
Table 'Victoria II' 6-max Seat #1 is the button
Seat 1: VolkovDmitri ($177.26 in chips)
Seat 5: frazerchi ($24.92 in chips)
VolkovDmitri: posts small blind $1
frazerchi: posts big blind $3
*** HOLE CARDS ***
VolkovDmitri: raises $3 to $6
frazerchi: calls $3
*** FLOP *** [7h 8s 7c]
frazerchi: checks
VolkovDmitri: bets $3
frazerchi: raises $3 to $6
VolkovDmitri: calls $3
*** TURN *** [7h 8s 7c] [7s]
frazerchi: bets $6
VolkovDmitri: calls $6
*** RIVER *** [7h 8s 7c 7s] [Ah]
frazerchi: bets $6
VolkovDmitri: raises $6 to $12
frazerchi: calls $0.92 and is all-in
Uncalled bet ($5.08) returned to VolkovDmitri
*** SHOW DOWN ***
VolkovDmitri: shows [Th 7d] (four of a kind, Sevens)
frazerchi: shows [8c Ts] (a full house, Sevens full of Eights)
VolkovDmitri collected $49.34 from pot
*** SUMMARY ***
Total pot $49.84 | Rake $0.50
Board [7h 8s 7c 7s Ah]
Seat 1: VolkovDmitri (button) (small blind) showed [Th 7d] and won ($49.34) with four of a kind, Sevens
Seat 5: frazerchi (big blind) showed [8c Ts] and lost with a full house, Sevens full of Eights


