PokerStars Hand #172562252869:  Hold'em Limit ($3/$6 USD) - 2017/07/03 14:30:00 ET
Table 'Vienna II' 6-max Seat #6 is the button
Seat 5: AnVan ($78.49 in chips)
Seat 6: scorpio04 ($150 in chips)
scorpio04: posts small blind $1
AnVan: posts big blind $3
*** HOLE CARDS ***
scorpio04: raises $3 to $6
AnVan: calls $3
*** FLOP *** [Kc 7s 5s]
AnVan: checks
scorpio04: bets $3
AnVan: calls $3
*** TURN *** [Kc 7s 5s] [Jc]
AnVan: bets $6
scorpio04: calls $6
*** RIVER *** [Kc 7s 5s Jc] [Qc]
AnVan: bets $6
scorpio04: raises $6 to $12
AnVan: folds
Uncalled bet ($6) returned to scorpio04
scorpio04 collected $41.50 from pot
scorpio04: doesn't show hand
*** SUMMARY ***
Total pot $42 | Rake $0.50
Board [Kc 7s 5s Jc Qc]
Seat 5: AnVan (big blind) folded on the River
Seat 6: scorpio04 (button) (small blind) collected ($41.50)


PokerStars Hand #172562275771:  Hold'em Limit ($3/$6 USD) - 2017/07/03 14:30:29 ET
Table 'Vienna II' 6-max Seat #5 is the button
Seat 5: AnVan ($57.49 in chips)
Seat 6: scorpio04 ($170.50 in chips)
AnVan: posts small blind $1
scorpio04: posts big blind $3
*** HOLE CARDS ***
AnVan: raises $3 to $6
scorpio04: raises $3 to $9
AnVan: calls $3
*** FLOP *** [2d 6d 7s]
scorpio04: bets $3
AnVan: calls $3
*** TURN *** [2d 6d 7s] [5d]
scorpio04: bets $6
AnVan: calls $6
*** RIVER *** [2d 6d 7s 5d] [Kc]
scorpio04: bets $6
AnVan: raises $6 to $12
scorpio04: calls $6
*** SHOW DOWN ***
AnVan: shows [Kh Qs] (a pair of Kings)
scorpio04: shows [7h 6h] (two pair, Sevens and Sixes)
scorpio04 collected $59.50 from pot
*** SUMMARY ***
Total pot $60 | Rake $0.50
Board [2d 6d 7s 5d Kc]
Seat 5: AnVan (button) (small blind) showed [Kh Qs] and lost with a pair of Kings
Seat 6: scorpio04 (big blind) showed [7h 6h] and won ($59.50) with two pair, Sevens and Sixes


PokerStars Hand #172562303389:  Hold'em Limit ($3/$6 USD) - 2017/07/03 14:31:04 ET
Table 'Vienna II' 6-max Seat #5 is the button
Seat 5: AnVan ($21.49 in chips)
Seat 6: scorpio04 ($205.76 in chips)
AnVan: posts small blind $1
scorpio04: posts big blind $3
*** HOLE CARDS ***
AnVan: raises $3 to $6
scorpio04: raises $3 to $9
AnVan: calls $3
*** FLOP *** [4s 5c 5s]
scorpio04: bets $3
AnVan: calls $3
*** TURN *** [4s 5c 5s] [3h]
scorpio04: bets $6
AnVan: calls $6
*** RIVER *** [4s 5c 5s 3h] [3s]
scorpio04: bets $6
AnVan: calls $3.49 and is all-in
Uncalled bet ($2.51) returned to scorpio04
*** SHOW DOWN ***
scorpio04: shows [8h 8s] (two pair, Eights and Fives)
AnVan: shows [9d Jd] (two pair, Fives and Threes)
scorpio04 collected $42.48 from pot
*** SUMMARY ***
Total pot $42.98 | Rake $0.50
Board [4s 5c 5s 3h 3s]
Seat 5: AnVan (button) (small blind) showed [9d Jd] and lost with two pair, Fives and Threes
Seat 6: scorpio04 (big blind) showed [8h 8s] and won ($42.48) with two pair, Eights and Fives


PokerStars Hand #172562296123:  Hold'em Limit ($3/$6 USD) - 2017/07/03 14:30:55 ET
Table 'Vienna II' 6-max Seat #6 is the button
Seat 5: AnVan ($27.49 in chips)
Seat 6: scorpio04 ($200 in chips)
scorpio04: posts small blind $1
AnVan: posts big blind $3
*** HOLE CARDS ***
scorpio04: raises $3 to $6
AnVan: calls $3
*** FLOP *** [Ts 8d Tc]
AnVan: checks
scorpio04: bets $3
AnVan: folds
Uncalled bet ($3) returned to scorpio04
scorpio04 collected $11.76 from pot
scorpio04: doesn't show hand
*** SUMMARY ***
Total pot $12 | Rake $0.24
Board [Ts 8d Tc]
Seat 5: AnVan (big blind) folded on the Flop
Seat 6: scorpio04 (button) (small blind) collected ($11.76)


