PokerStars Hand #145920125737:  Hold'em Limit ($3/$6 USD) - 2015/12/25 18:50:33 ET
Table 'Vienna II' 10-max Seat #10 is the button
Seat 9: biermann78 ($60 in chips)
Seat 10: MTails ($120 in chips)
MTails: posts small blind $1
biermann78: posts big blind $3
*** HOLE CARDS ***
MTails: raises $3 to $6
biermann78: raises $3 to $9
MTails: calls $3
*** FLOP *** [Td 4h 4s]
biermann78: bets $3
MTails: calls $3
*** TURN *** [Td 4h 4s] [Qc]
biermann78: bets $6
MTails: raises $6 to $12
biermann78: calls $6
*** RIVER *** [Td 4h 4s Qc] [8h]
biermann78: checks
MTails: bets $6
biermann78: calls $6
*** SHOW DOWN ***
MTails: shows [Qd Jd] (two pair, Queens and Fours)
biermann78: mucks hand
MTails collected $59.50 from pot
*** SUMMARY ***
Total pot $60 | Rake $0.50
Board [Td 4h 4s Qc 8h]
Seat 9: biermann78 (big blind) mucked
Seat 10: MTails (button) (small blind) showed [Qd Jd] and won ($59.50) with two pair, Queens and Fours


PokerStars Hand #145920146400:  Hold'em Limit ($3/$6 USD) - 2015/12/25 18:51:00 ET
Table 'Vienna II' 10-max Seat #9 is the button
Seat 9: biermann78 ($30 in chips)
Seat 10: MTails ($149.50 in chips)
biermann78: posts small blind $1
MTails: posts big blind $3
*** HOLE CARDS ***
biermann78: raises $3 to $6
MTails: calls $3
*** FLOP *** [6h 5d Jc]
MTails: checks
biermann78: bets $3
MTails: raises $3 to $6
biermann78: folds
Uncalled bet ($3) returned to MTails
MTails collected $17.64 from pot
*** SUMMARY ***
Total pot $18 | Rake $0.36
Board [6h 5d Jc]
Seat 9: biermann78 (button) (small blind) folded on the Flop
Seat 10: MTails (big blind) collected ($17.64)


PokerStars Hand #145920173312:  Hold'em Limit ($3/$6 USD) - 2015/12/25 18:51:35 ET
Table 'Vienna II' 10-max Seat #9 is the button
Seat 9: biermann78 ($70.31 in chips)
Seat 10: MTails ($143.14 in chips)
biermann78: posts small blind $1
MTails: posts big blind $3
*** HOLE CARDS ***
biermann78: folds
Uncalled bet ($2) returned to MTails
MTails collected $2 from pot
MTails: doesn't show hand
*** SUMMARY ***
Total pot $2 | Rake $0
Seat 9: biermann78 (button) (small blind) folded before Flop
Seat 10: MTails (big blind) collected ($2)


PokerStars Hand #145920160915:  Hold'em Limit ($3/$6 USD) - 2015/12/25 18:51:18 ET
Table 'Vienna II' 10-max Seat #10 is the button
Seat 9: biermann78 ($55.81 in chips)
Seat 10: MTails ($158.14 in chips)
MTails: posts small blind $1
biermann78: posts big blind $3
*** HOLE CARDS ***
MTails: raises $3 to $6
biermann78: calls $3
*** FLOP *** [Ad 4h 8h]
biermann78: bets $3
MTails: calls $3
*** TURN *** [Ad 4h 8h] [6s]
biermann78: bets $6
MTails: calls $6
*** RIVER *** [Ad 4h 8h 6s] [6c]
biermann78: bets $6
MTails: folds
Uncalled bet ($6) returned to biermann78
biermann78 collected $29.50 from pot
biermann78: doesn't show hand
*** SUMMARY ***
Total pot $30 | Rake $0.50
Board [Ad 4h 8h 6s 6c]
Seat 9: biermann78 (big blind) collected ($29.50)
Seat 10: MTails (button) (small blind) folded on the River


PokerStars Hand #145920177024:  Hold'em Limit ($3/$6 USD) - 2015/12/25 18:51:39 ET
Table 'Vienna II' 10-max Seat #10 is the button
Seat 9: biermann78 ($69.31 in chips)
Seat 10: MTails ($144.14 in chips)
MTails: posts small blind $1
biermann78: posts big blind $3
*** HOLE CARDS ***
MTails: raises $3 to $6
biermann78: calls $3
*** FLOP *** [3h Jc 2h]
biermann78: bets $3
mylifeluvsol joins the table at seat #5
MTails: calls $3
*** TURN *** [3h Jc 2h] [6d]
biermann78: bets $6
MTails: calls $6
*** RIVER *** [3h Jc 2h 6d] [7h]
biermann78: bets $6
MTails: calls $6
*** SHOW DOWN ***
biermann78: shows [9s 7d] (a pair of Sevens)
MTails: mucks hand
biermann78 collected $41.50 from pot
*** SUMMARY ***
Total pot $42 | Rake $0.50
Board [3h Jc 2h 6d 7h]
Seat 9: biermann78 (big blind) showed [9s 7d] and won ($41.50) with a pair of Sevens
Seat 10: MTails (button) (small blind) mucked


PokerStars Hand #145920189025:  Hold'em Limit ($3/$6 USD) - 2015/12/25 18:51:55 ET
Table 'Vienna II' 10-max Seat #9 is the button
Seat 9: biermann78 ($89.81 in chips)
Seat 10: MTails ($123.14 in chips)
biermann78: posts small blind $1
MTails: posts big blind $3
*** HOLE CARDS ***
biermann78: raises $3 to $6
MTails: calls $3
*** FLOP *** [Qs 8h 8c]
MTails: checks
biermann78: bets $3
MTails: calls $3
*** TURN *** [Qs 8h 8c] [4d]
MTails: checks
biermann78: bets $6
MTails: calls $6
*** RIVER *** [Qs 8h 8c 4d] [9s]
MTails: checks
biermann78: bets $6
MTails: calls $6
*** SHOW DOWN ***
biermann78: shows [Qh As] (two pair, Queens and Eights)
MTails: mucks hand
biermann78 collected $41.50 from pot
*** SUMMARY ***
Total pot $42 | Rake $0.50
Board [Qs 8h 8c 4d 9s]
Seat 9: biermann78 (button) (small blind) showed [Qh As] and won ($41.50) with two pair, Queens and Eights
Seat 10: MTails (big blind) mucked


PokerStars Hand #145920423907:  Hold'em Limit ($3/$6 USD) - 2015/12/25 18:57:35 ET
Table 'Vienna II' 10-max Seat #7 is the button
Seat 5: mylifeluvsol ($58.90 in chips)
Seat 7: ChrisTuff ($121 in chips)
ChrisTuff: posts small blind $1
mylifeluvsol: posts big blind $3
*** HOLE CARDS ***
ChrisTuff: raises $3 to $6
mylifeluvsol: calls $3
*** FLOP *** [6c 6d 8d]
mylifeluvsol: checks
ChrisTuff: bets $3
mylifeluvsol: calls $3
*** TURN *** [6c 6d 8d] [9s]
mylifeluvsol: checks
ChrisTuff: bets $6
mylifeluvsol: raises $6 to $12
ChrisTuff: calls $6
*** RIVER *** [6c 6d 8d 9s] [6s]
mylifeluvsol: bets $6
ChrisTuff: calls $6
*** SHOW DOWN ***
mylifeluvsol: shows [5d 7c] (a straight, Five to Nine)
ChrisTuff: shows [Js 8c] (a full house, Sixes full of Eights)
ChrisTuff collected $53.50 from pot
*** SUMMARY ***
Total pot $54 | Rake $0.50
Board [6c 6d 8d 9s 6s]
Seat 5: mylifeluvsol (big blind) showed [5d 7c] and lost with a straight, Five to Nine
Seat 7: ChrisTuff (button) (small blind) showed [Js 8c] and won ($53.50) with a full house, Sixes full of Eights


PokerStars Hand #145920420442:  Hold'em Limit ($3/$6 USD) - 2015/12/25 18:57:30 ET
Table 'Vienna II' 10-max Seat #5 is the button
Seat 5: mylifeluvsol ($59.90 in chips)
Seat 7: ChrisTuff ($120 in chips)
mylifeluvsol: posts small blind $1
ChrisTuff: posts big blind $3
*** HOLE CARDS ***
mylifeluvsol: folds
Uncalled bet ($2) returned to ChrisTuff
ChrisTuff collected $2 from pot
ChrisTuff: doesn't show hand
*** SUMMARY ***
Total pot $2 | Rake $0
Seat 5: mylifeluvsol (button) (small blind) folded before Flop
Seat 7: ChrisTuff (big blind) collected ($2)


PokerStars Hand #145920405290:  Hold'em Limit ($3/$6 USD) - 2015/12/25 18:57:05 ET
Table 'Vienna II' 10-max Seat #7 is the button
Seat 5: mylifeluvsol ($51.26 in chips)
Seat 7: ChrisTuff ($126.61 in chips)
Utkuch will be allowed to play after the button
ChrisTuff: posts small blind $1
mylifeluvsol: posts big blind $3
*** HOLE CARDS ***
ChrisTuff: raises $3 to $6
Utkuch leaves the table
mylifeluvsol: raises $3 to $9
ChrisTuff: calls $3
*** FLOP *** [Qd 3h Ac]
mylifeluvsol: checks
ChrisTuff: checks
*** TURN *** [Qd 3h Ac] [9c]
mylifeluvsol: checks
ChrisTuff: checks
*** RIVER *** [Qd 3h Ac 9c] [3c]
mylifeluvsol: checks
ChrisTuff: checks
*** SHOW DOWN ***
mylifeluvsol: shows [Qc Qh] (a full house, Queens full of Threes)
ChrisTuff: mucks hand
mylifeluvsol collected $17.64 from pot
*** SUMMARY ***
Total pot $18 | Rake $0.36
Board [Qd 3h Ac 9c 3c]
Seat 5: mylifeluvsol (big blind) showed [Qc Qh] and won ($17.64) with a full house, Queens full of Threes
Seat 7: ChrisTuff (button) (small blind) mucked


