PokerStars Hand #165210270599:  Hold'em Limit ($3/$6 USD) - 2017/01/26 15:18:27 ET
Table 'Vienna II' 6-max Seat #3 is the button
Seat 3: igmade ($80 in chips)
Seat 4: Koraseg ($120 in chips)
igmade: posts small blind $1
Koraseg: posts big blind $3
*** HOLE CARDS ***
igmade: calls $2
Koraseg: checks
*** FLOP *** [Kd 4c Jh]
Koraseg: checks
igmade: checks
*** TURN *** [Kd 4c Jh] [6s]
Koraseg: bets $6
igmade: folds
Uncalled bet ($6) returned to Koraseg
Koraseg collected $5.88 from pot
Koraseg: doesn't show hand
*** SUMMARY ***
Total pot $6 | Rake $0.12
Board [Kd 4c Jh 6s]
Seat 3: igmade (button) (small blind) folded on the Turn
Seat 4: Koraseg (big blind) collected ($5.88)


PokerStars Hand #165210286575:  Hold'em Limit ($3/$6 USD) - 2017/01/26 15:18:43 ET
Table 'Vienna II' 6-max Seat #4 is the button
Seat 3: igmade ($77 in chips)
Seat 4: Koraseg ($122.88 in chips)
Koraseg: posts small blind $1
igmade: posts big blind $3
*** HOLE CARDS ***
Koraseg: folds
Uncalled bet ($2) returned to igmade
igmade collected $2 from pot
*** SUMMARY ***
Total pot $2 | Rake $0
Seat 3: igmade (big blind) collected ($2)
Seat 4: Koraseg (button) (small blind) folded before Flop


PokerStars Hand #165210295922:  Hold'em Limit ($3/$6 USD) - 2017/01/26 15:18:53 ET
Table 'Vienna II' 6-max Seat #3 is the button
Seat 3: igmade ($78 in chips)
Seat 4: Koraseg ($121.88 in chips)
igmade: posts small blind $1
Koraseg: posts big blind $3
*** HOLE CARDS ***
igmade: folds
Uncalled bet ($2) returned to Koraseg
Koraseg collected $2 from pot
Koraseg: doesn't show hand
*** SUMMARY ***
Total pot $2 | Rake $0
Seat 3: igmade (button) (small blind) folded before Flop
Seat 4: Koraseg (big blind) collected ($2)


PokerStars Hand #165210301495:  Hold'em Limit ($3/$6 USD) - 2017/01/26 15:18:58 ET
Table 'Vienna II' 6-max Seat #4 is the button
Seat 3: igmade ($77 in chips)
Seat 4: Koraseg ($122.88 in chips)
Koraseg: posts small blind $1
igmade: posts big blind $3
*** HOLE CARDS ***
Koraseg: folds
Uncalled bet ($2) returned to igmade
igmade collected $2 from pot
igmade: doesn't show hand
*** SUMMARY ***
Total pot $2 | Rake $0
Seat 3: igmade (big blind) collected ($2)
Seat 4: Koraseg (button) (small blind) folded before Flop


PokerStars Hand #165210328438:  Hold'em Limit ($3/$6 USD) - 2017/01/26 15:19:26 ET
Table 'Vienna II' 6-max Seat #4 is the button
Seat 3: igmade ($86.64 in chips)
Seat 4: Koraseg ($112.88 in chips)
Koraseg: posts small blind $1
igmade: posts big blind $3
*** HOLE CARDS ***
Wurst2000 joins the table at seat #2
belik555 joins the table at seat #5
Koraseg: folds
Uncalled bet ($2) returned to igmade
igmade collected $2 from pot
igmade: doesn't show hand
*** SUMMARY ***
Total pot $2 | Rake $0
Seat 3: igmade (big blind) collected ($2)
Seat 4: Koraseg (button) (small blind) folded before Flop


PokerStars Hand #165210308761:  Hold'em Limit ($3/$6 USD) - 2017/01/26 15:19:06 ET
Table 'Vienna II' 6-max Seat #3 is the button
Seat 3: igmade ($78 in chips)
Seat 4: Koraseg ($121.88 in chips)
igmade: posts small blind $1
Koraseg: posts big blind $3
*** HOLE CARDS ***
igmade: raises $3 to $6
Koraseg: calls $3
*** FLOP *** [6h Ah 9s]
Koraseg: checks
igmade: bets $3
Koraseg: calls $3
*** TURN *** [6h Ah 9s] [Ks]
Koraseg: checks
igmade: bets $6
Koraseg: folds
Uncalled bet ($6) returned to igmade
igmade collected $17.64 from pot
igmade: doesn't show hand
*** SUMMARY ***
Total pot $18 | Rake $0.36
Board [6h Ah 9s Ks]
Seat 3: igmade (button) (small blind) collected ($17.64)
Seat 4: Koraseg (big blind) folded on the Turn


PokerStars Hand #165210334143:  Hold'em Limit ($3/$6 USD) - 2017/01/26 15:19:32 ET
Table 'Vienna II' 6-max Seat #3 is the button
Seat 3: igmade ($87.64 in chips)
Seat 4: Koraseg ($111.88 in chips)
igmade: posts small blind $1
Koraseg: posts big blind $3
*** HOLE CARDS ***
igmade: raises $3 to $6
belik555 leaves the table
Koraseg: folds
Uncalled bet ($3) returned to igmade
igmade collected $6 from pot
igmade: doesn't show hand
*** SUMMARY ***
Total pot $6 | Rake $0
Seat 3: igmade (button) (small blind) collected ($6)
Seat 4: Koraseg (big blind) folded before Flop


PokerStars Hand #165215305510:  Hold'em Limit ($3/$6 USD) - 2017/01/26 16:47:04 ET
Table 'Vienna II' 6-max Seat #3 is the button
Seat 2: Chessnok ($88.09 in chips)
Seat 3: kusznak ($260.22 in chips)
kusznak: posts small blind $1
Zubasa07: is sitting out
Great_Kang: is sitting out
Chessnok: posts big blind $3
*** HOLE CARDS ***
kusznak: raises $3 to $6
Chessnok: calls $3
*** FLOP *** [Kc Jh 2h]
Chessnok: checks
kusznak: bets $3
Chessnok: raises $3 to $6
kusznak: folds
Uncalled bet ($3) returned to Chessnok
Chessnok collected $17.64 from pot
Chessnok: doesn't show hand
*** SUMMARY ***
Total pot $18 | Rake $0.36
Board [Kc Jh 2h]
Seat 2: Chessnok (big blind) collected ($17.64)
Seat 3: kusznak (button) (small blind) folded on the Flop


PokerStars Hand #165215318639:  Hold'em Limit ($3/$6 USD) - 2017/01/26 16:47:18 ET
Table 'Vienna II' 6-max Seat #2 is the button
Seat 2: Chessnok ($96.73 in chips)
Seat 3: kusznak ($251.22 in chips)
Chessnok: posts small blind $1
kusznak: posts big blind $3
*** HOLE CARDS ***
Chessnok: raises $3 to $6
kusznak: raises $3 to $9
Chessnok: calls $3
*** FLOP *** [4h 7d Th]
kusznak: bets $3
Chessnok: calls $3
*** TURN *** [4h 7d Th] [5h]
kusznak: bets $6
Chessnok: calls $6
*** RIVER *** [4h 7d Th 5h] [Tc]
kusznak: bets $6
Chessnok: calls $6
*** SHOW DOWN ***
kusznak: shows [7c 3h] (two pair, Tens and Sevens)
Chessnok: mucks hand
kusznak collected $47.50 from pot
*** SUMMARY ***
Total pot $48 | Rake $0.50
Board [4h 7d Th 5h Tc]
Seat 2: Chessnok (button) (small blind) mucked
Seat 3: kusznak (big blind) showed [7c 3h] and won ($47.50) with two pair, Tens and Sevens


PokerStars Hand #165215336929:  Hold'em Limit ($3/$6 USD) - 2017/01/26 16:47:37 ET
Table 'Vienna II' 6-max Seat #3 is the button
Seat 2: Chessnok ($72.73 in chips)
Seat 3: kusznak ($274.72 in chips)
kusznak: posts small blind $1
Chessnok: posts big blind $3
*** HOLE CARDS ***
Zubasa07 leaves the table
kusznak: raises $3 to $6
Chessnok: calls $3
*** FLOP *** [Qs 9d Kc]
Chessnok: checks
kusznak: bets $3
Great_Kang leaves the table
Chessnok: raises $3 to $6
kusznak: calls $3
*** TURN *** [Qs 9d Kc] [9s]
Chessnok: checks
kusznak: checks
*** RIVER *** [Qs 9d Kc 9s] [3s]
Chessnok: checks
kusznak: bets $6
Chessnok: calls $6
*** SHOW DOWN ***
kusznak: shows [4s Qc] (two pair, Queens and Nines)
Chessnok: mucks hand
kusznak collected $35.50 from pot
*** SUMMARY ***
Total pot $36 | Rake $0.50
Board [Qs 9d Kc 9s 3s]
Seat 2: Chessnok (big blind) mucked
Seat 3: kusznak (button) (small blind) showed [4s Qc] and won ($35.50) with two pair, Queens and Nines


PokerStars Hand #165215362550:  Hold'em Limit ($3/$6 USD) - 2017/01/26 16:48:04 ET
Table 'Vienna II' 6-max Seat #2 is the button
Seat 2: Chessnok ($60 in chips)
Seat 3: kusznak ($292.22 in chips)
Chessnok: posts small blind $1
kusznak: posts big blind $3
*** HOLE CARDS ***
Chessnok: raises $3 to $6
kusznak: calls $3
*** FLOP *** [3d Jc 2s]
kusznak: checks
Chessnok: checks
*** TURN *** [3d Jc 2s] [9c]
kusznak: checks
Chessnok: checks
*** RIVER *** [3d Jc 2s 9c] [7d]
kusznak: bets $6
Chessnok: calls $6
*** SHOW DOWN ***
kusznak: shows [7h 6s] (a pair of Sevens)
Chessnok: mucks hand
kusznak collected $23.52 from pot
*** SUMMARY ***
Total pot $24 | Rake $0.48
Board [3d Jc 2s 9c 7d]
Seat 2: Chessnok (button) (small blind) mucked
Seat 3: kusznak (big blind) showed [7h 6s] and won ($23.52) with a pair of Sevens


PokerStars Hand #165215426361:  Hold'em Limit ($3/$6 USD) - 2017/01/26 16:49:11 ET
Table 'Vienna II' 6-max Seat #3 is the button
Seat 2: Chessnok ($60 in chips)
Seat 3: kusznak ($319.24 in chips)
kusznak: posts small blind $1
Chessnok: posts big blind $3
*** HOLE CARDS ***
kusznak: raises $3 to $6
Chessnok: calls $3
*** FLOP *** [3s 2c 5d]
Chessnok: checks
kusznak: checks
*** TURN *** [3s 2c 5d] [7d]
Chessnok: checks
kusznak: bets $6
Chessnok: calls $6
*** RIVER *** [3s 2c 5d 7d] [7c]
Chessnok: checks
kusznak: bets $6
Chessnok: folds
Uncalled bet ($6) returned to kusznak
kusznak collected $23.52 from pot
kusznak: doesn't show hand
*** SUMMARY ***
Total pot $24 | Rake $0.48
Board [3s 2c 5d 7d 7c]
Seat 2: Chessnok (big blind) folded on the River
Seat 3: kusznak (button) (small blind) collected ($23.52)


PokerStars Hand #165215420184:  Hold'em Limit ($3/$6 USD) - 2017/01/26 16:49:04 ET
Table 'Vienna II' 6-max Seat #2 is the button
Seat 2: Chessnok ($60 in chips)
Seat 3: kusznak ($318.24 in chips)
Chessnok: posts small blind $1
kusznak: posts big blind $3
*** HOLE CARDS ***
Chessnok: folds
Uncalled bet ($2) returned to kusznak
kusznak collected $2 from pot
kusznak: doesn't show hand
*** SUMMARY ***
Total pot $2 | Rake $0
Seat 2: Chessnok (button) (small blind) folded before Flop
Seat 3: kusznak (big blind) collected ($2)


PokerStars Hand #165215395272:  Hold'em Limit ($3/$6 USD) - 2017/01/26 16:48:39 ET
Table 'Vienna II' 6-max Seat #3 is the button
Seat 2: Chessnok ($60 in chips)
Seat 3: kusznak ($303.74 in chips)
kusznak: posts small blind $1
Chessnok: posts big blind $3
*** HOLE CARDS ***
kusznak: raises $3 to $6
Chessnok: calls $3
*** FLOP *** [4d 7c 7d]
Chessnok: checks
kusznak: bets $3
Chessnok: calls $3
*** TURN *** [4d 7c 7d] [Th]
Chessnok: checks
kusznak: bets $6
Chessnok: calls $6
*** RIVER *** [4d 7c 7d Th] [3s]
Chessnok: checks
kusznak: bets $6
Chessnok: folds
Uncalled bet ($6) returned to kusznak
kusznak collected $29.50 from pot
kusznak: doesn't show hand
*** SUMMARY ***
Total pot $30 | Rake $0.50
Board [4d 7c 7d Th 3s]
Seat 2: Chessnok (big blind) folded on the River
Seat 3: kusznak (button) (small blind) collected ($29.50)


PokerStars Hand #165215451583:  Hold'em Limit ($3/$6 USD) - 2017/01/26 16:49:37 ET
Table 'Vienna II' 6-max Seat #2 is the button
Seat 2: Chessnok ($60 in chips)
Seat 3: kusznak ($330.76 in chips)
Chessnok: posts small blind $1
kusznak: posts big blind $3
*** HOLE CARDS ***
Chessnok: raises $3 to $6
kusznak: calls $3
*** FLOP *** [3c 5s Ts]
kusznak: checks
Chessnok: bets $3
kusznak: calls $3
*** TURN *** [3c 5s Ts] [3s]
kusznak: checks
Chessnok: checks
*** RIVER *** [3c 5s Ts 3s] [Qh]
kusznak: checks
Chessnok: checks
*** SHOW DOWN ***
kusznak: shows [As 2h] (a pair of Threes)
Chessnok: mucks hand
kusznak collected $17.64 from pot
*** SUMMARY ***
Total pot $18 | Rake $0.36
Board [3c 5s Ts 3s Qh]
Seat 2: Chessnok (button) (small blind) mucked
Seat 3: kusznak (big blind) showed [As 2h] and won ($17.64) with a pair of Threes


PokerStars Hand #165215470400:  Hold'em Limit ($3/$6 USD) - 2017/01/26 16:49:57 ET
Table 'Vienna II' 6-max Seat #3 is the button
Seat 2: Chessnok ($60 in chips)
Seat 3: kusznak ($339.40 in chips)
kusznak: posts small blind $1
Chessnok: posts big blind $3
*** HOLE CARDS ***
kusznak: raises $3 to $6
Chessnok: calls $3
*** FLOP *** [5c 6c As]
Chessnok: checks
kusznak: checks
*** TURN *** [5c 6c As] [Qc]
Chessnok: checks
kusznak: bets $6
Chessnok: calls $6
*** RIVER *** [5c 6c As Qc] [6s]
Chessnok: checks
kusznak: checks
*** SHOW DOWN ***
Chessnok: shows [5h 4c] (two pair, Sixes and Fives)
kusznak: shows [Kc 5s] (two pair, Sixes and Fives)
Chessnok collected $11.76 from pot
kusznak collected $11.76 from pot
*** SUMMARY ***
Total pot $24 | Rake $0.48
Board [5c 6c As Qc 6s]
Seat 2: Chessnok (big blind) showed [5h 4c] and won ($11.76) with two pair, Sixes and Fives
Seat 3: kusznak (button) (small blind) showed [Kc 5s] and won ($11.76) with two pair, Sixes and Fives


PokerStars Hand #165215490415:  Hold'em Limit ($3/$6 USD) - 2017/01/26 16:50:18 ET
Table 'Vienna II' 6-max Seat #2 is the button
Seat 2: Chessnok ($60 in chips)
Seat 3: kusznak ($339.16 in chips)
Chessnok: posts small blind $1
kusznak: posts big blind $3
*** HOLE CARDS ***
Chessnok: raises $3 to $6
kusznak: folds
Uncalled bet ($3) returned to Chessnok
Chessnok collected $6 from pot
Chessnok: doesn't show hand
*** SUMMARY ***
Total pot $6 | Rake $0
Seat 2: Chessnok (button) (small blind) collected ($6)
Seat 3: kusznak (big blind) folded before Flop


PokerStars Hand #165215495128:  Hold'em Limit ($3/$6 USD) - 2017/01/26 16:50:23 ET
Table 'Vienna II' 6-max Seat #3 is the button
Seat 2: Chessnok ($63 in chips)
Seat 3: kusznak ($336.16 in chips)
kusznak: posts small blind $1
Chessnok: posts big blind $3
*** HOLE CARDS ***
kusznak: raises $3 to $6
Chessnok: calls $3
*** FLOP *** [Qh 5c 8h]
Chessnok: checks
kusznak: bets $3
Chessnok: calls $3
*** TURN *** [Qh 5c 8h] [6c]
Chessnok: bets $6
kusznak: folds
Uncalled bet ($6) returned to Chessnok
Chessnok collected $17.64 from pot
Chessnok: doesn't show hand
*** SUMMARY ***
Total pot $18 | Rake $0.36
Board [Qh 5c 8h 6c]
Seat 2: Chessnok (big blind) collected ($17.64)
Seat 3: kusznak (button) (small blind) folded on the Turn


PokerStars Hand #165215513488:  Hold'em Limit ($3/$6 USD) - 2017/01/26 16:50:42 ET
Table 'Vienna II' 6-max Seat #2 is the button
Seat 2: Chessnok ($71.64 in chips)
Seat 3: kusznak ($327.16 in chips)
Chessnok: posts small blind $1
kusznak: posts big blind $3
*** HOLE CARDS ***
Chessnok: raises $3 to $6
kusznak: calls $3
*** FLOP *** [8d 9d Qc]
kusznak: checks
Chessnok: bets $3
kusznak: raises $3 to $6
Chessnok: folds
Uncalled bet ($3) returned to kusznak
kusznak collected $17.64 from pot
kusznak: doesn't show hand
*** SUMMARY ***
Total pot $18 | Rake $0.36
Board [8d 9d Qc]
Seat 2: Chessnok (button) (small blind) folded on the Flop
Seat 3: kusznak (big blind) collected ($17.64)


PokerStars Hand #165215526789:  Hold'em Limit ($3/$6 USD) - 2017/01/26 16:50:56 ET
Table 'Vienna II' 6-max Seat #3 is the button
Seat 2: Chessnok ($62.64 in chips)
Seat 3: kusznak ($335.80 in chips)
kusznak: posts small blind $1
Chessnok: posts big blind $3
*** HOLE CARDS ***
kusznak: raises $3 to $6
Chessnok: calls $3
*** FLOP *** [2c 5s 4c]
Chessnok: checks
kusznak: bets $3
Chessnok: calls $3
*** TURN *** [2c 5s 4c] [8c]
Chessnok: checks
kusznak: bets $6
Chessnok: calls $6
*** RIVER *** [2c 5s 4c 8c] [8d]
Chessnok: checks
kusznak: bets $6
Chessnok: folds
Uncalled bet ($6) returned to kusznak
kusznak collected $29.50 from pot
kusznak: doesn't show hand
*** SUMMARY ***
Total pot $30 | Rake $0.50
Board [2c 5s 4c 8c 8d]
Seat 2: Chessnok (big blind) folded on the River
Seat 3: kusznak (button) (small blind) collected ($29.50)


PokerStars Hand #165215548793:  Hold'em Limit ($3/$6 USD) - 2017/01/26 16:51:19 ET
Table 'Vienna II' 6-max Seat #2 is the button
Seat 2: Chessnok ($60 in chips)
Seat 3: kusznak ($350.30 in chips)
Chessnok: posts small blind $1
kusznak: posts big blind $3
*** HOLE CARDS ***
Chessnok: raises $3 to $6
kusznak: calls $3
*** FLOP *** [Kc 4c 6s]
kusznak: checks
Chessnok: bets $3
kusznak: raises $3 to $6
Chessnok: calls $3
*** TURN *** [Kc 4c 6s] [7c]
kusznak: bets $6
Chessnok: folds
Uncalled bet ($6) returned to kusznak
kusznak collected $23.52 from pot
kusznak: doesn't show hand
*** SUMMARY ***
Total pot $24 | Rake $0.48
Board [Kc 4c 6s 7c]
Seat 2: Chessnok (button) (small blind) folded on the Turn
Seat 3: kusznak (big blind) collected ($23.52)


PokerStars Hand #165215563040:  Hold'em Limit ($3/$6 USD) - 2017/01/26 16:51:34 ET
Table 'Vienna II' 6-max Seat #3 is the button
Seat 2: Chessnok ($60 in chips)
Seat 3: kusznak ($361.82 in chips)
kusznak: posts small blind $1
Chessnok: posts big blind $3
*** HOLE CARDS ***
kusznak: raises $3 to $6
Chessnok: calls $3
*** FLOP *** [2d Tc 9h]
Chessnok: checks
kusznak: checks
*** TURN *** [2d Tc 9h] [Js]
Chessnok: bets $6
kusznak: folds
Uncalled bet ($6) returned to Chessnok
fsreibnitz joins the table at seat #4
Chessnok collected $11.76 from pot
Chessnok: doesn't show hand
*** SUMMARY ***
Total pot $12 | Rake $0.24
Board [2d Tc 9h Js]
Seat 2: Chessnok (big blind) collected ($11.76)
Seat 3: kusznak (button) (small blind) folded on the Turn


PokerStars Hand #165215576235:  Hold'em Limit ($3/$6 USD) - 2017/01/26 16:51:48 ET
Table 'Vienna II' 6-max Seat #2 is the button
Seat 2: Chessnok ($65.76 in chips)
Seat 3: kusznak ($355.82 in chips)
Chessnok: posts small blind $1
kusznak: posts big blind $3
*** HOLE CARDS ***
Chessnok: raises $3 to $6
kusznak: raises $3 to $9
Chessnok: calls $3
*** FLOP *** [3h 6c Js]
kusznak: bets $3
Chessnok: calls $3
*** TURN *** [3h 6c Js] [2h]
kusznak: checks
Chessnok: bets $6
kusznak: folds
Uncalled bet ($6) returned to Chessnok
Chessnok collected $23.52 from pot
Chessnok: doesn't show hand
*** SUMMARY ***
Total pot $24 | Rake $0.48
Board [3h 6c Js 2h]
Seat 2: Chessnok (button) (small blind) collected ($23.52)
Seat 3: kusznak (big blind) folded on the Turn


PokerStars Hand #165216113874:  Hold'em Limit ($3/$6 USD) - 2017/01/26 17:02:31 ET
Table 'Vienna II' 6-max Seat #3 is the button
Seat 2: Chessnok ($178.66 in chips)
Seat 3: kusznak ($297.76 in chips)
kusznak: posts small blind $1
Chessnok: posts big blind $3
*** HOLE CARDS ***
kusznak: raises $3 to $6
Chessnok: calls $3
*** FLOP *** [Kd 9d 7d]
Chessnok: checks
kusznak: bets $3
abouiss69 leaves the table
Chessnok: raises $3 to $6
kusznak: calls $3
*** TURN *** [Kd 9d 7d] [Kh]
Chessnok: bets $6
kusznak: calls $6
*** RIVER *** [Kd 9d 7d Kh] [6c]
Chessnok: bets $6
kusznak: folds
Uncalled bet ($6) returned to Chessnok
Chessnok collected $35.50 from pot
Chessnok: doesn't show hand
*** SUMMARY ***
Total pot $36 | Rake $0.50
Board [Kd 9d 7d Kh 6c]
Seat 2: Chessnok (big blind) collected ($35.50)
Seat 3: kusznak (button) (small blind) folded on the River


PokerStars Hand #165216152466:  Hold'em Limit ($3/$6 USD) - 2017/01/26 17:03:13 ET
Table 'Vienna II' 6-max Seat #3 is the button
Seat 2: Chessnok ($213.56 in chips)
Seat 3: kusznak ($261.76 in chips)
kusznak: posts small blind $1
Chessnok: posts big blind $3
*** HOLE CARDS ***
kusznak: raises $3 to $6
Chessnok: calls $3
*** FLOP *** [Td 8d 9d]
Chessnok: checks
kusznak: checks
*** TURN *** [Td 8d 9d] [4h]
Chessnok: bets $6
kusznak: raises $6 to $12
Chessnok: raises $6 to $18
kusznak: calls $6
*** RIVER *** [Td 8d 9d 4h] [8c]
Chessnok: bets $6
kusznak: calls $6
*** SHOW DOWN ***
Chessnok: shows [3d 2d] (a flush, Ten high)
kusznak: mucks hand
Chessnok collected $59.50 from pot
*** SUMMARY ***
Total pot $60 | Rake $0.50
Board [Td 8d 9d 4h 8c]
Seat 2: Chessnok (big blind) showed [3d 2d] and won ($59.50) with a flush, Ten high
Seat 3: kusznak (button) (small blind) mucked


PokerStars Hand #165216141530:  Hold'em Limit ($3/$6 USD) - 2017/01/26 17:03:02 ET
Table 'Vienna II' 6-max Seat #2 is the button
Seat 2: Chessnok ($207.80 in chips)
Seat 3: kusznak ($267.76 in chips)
Chessnok: posts small blind $1
kusznak: posts big blind $3
*** HOLE CARDS ***
Chessnok: raises $3 to $6
kusznak: calls $3
*** FLOP *** [9c Qh 9s]
kusznak: checks
Chessnok: bets $3
kusznak: folds
Uncalled bet ($3) returned to Chessnok
Chessnok collected $11.76 from pot
Chessnok: doesn't show hand
*** SUMMARY ***
Total pot $12 | Rake $0.24
Board [9c Qh 9s]
Seat 2: Chessnok (button) (small blind) collected ($11.76)
Seat 3: kusznak (big blind) folded on the Flop


PokerStars Hand #165216132698:  Hold'em Limit ($3/$6 USD) - 2017/01/26 17:02:52 ET
Table 'Vienna II' 6-max Seat #3 is the button
Seat 2: Chessnok ($199.16 in chips)
Seat 3: kusznak ($276.76 in chips)
kusznak: posts small blind $1
Chessnok: posts big blind $3
*** HOLE CARDS ***
kusznak: raises $3 to $6
Chessnok: calls $3
*** FLOP *** [2s 8c Kc]
Chessnok: checks
kusznak: bets $3
Chessnok: raises $3 to $6
kusznak: folds
Uncalled bet ($3) returned to Chessnok
Chessnok collected $17.64 from pot
Chessnok: doesn't show hand
*** SUMMARY ***
Total pot $18 | Rake $0.36
Board [2s 8c Kc]
Seat 2: Chessnok (big blind) collected ($17.64)
Seat 3: kusznak (button) (small blind) folded on the Flop


PokerStars Hand #165216166487:  Hold'em Limit ($3/$6 USD) - 2017/01/26 17:03:28 ET
Table 'Vienna II' 6-max Seat #2 is the button
Seat 2: Chessnok ($243.06 in chips)
Seat 3: kusznak ($231.76 in chips)
Chessnok: posts small blind $1
kusznak: posts big blind $3
*** HOLE CARDS ***
Chessnok: raises $3 to $6
kusznak: raises $3 to $9
Chessnok: calls $3
*** FLOP *** [Ah 6c 9d]
kusznak: bets $3
Chessnok: calls $3
*** TURN *** [Ah 6c 9d] [Td]
kusznak: bets $6
Chessnok: raises $6 to $12
kusznak: calls $6
*** RIVER *** [Ah 6c 9d Td] [7d]
kusznak: checks
Chessnok: bets $6
kusznak: folds
Uncalled bet ($6) returned to Chessnok
Chessnok collected $47.50 from pot
Chessnok: doesn't show hand
*** SUMMARY ***
Total pot $48 | Rake $0.50
Board [Ah 6c 9d Td 7d]
Seat 2: Chessnok (button) (small blind) collected ($47.50)
Seat 3: kusznak (big blind) folded on the River


PokerStars Hand #165216126968:  Hold'em Limit ($3/$6 USD) - 2017/01/26 17:02:46 ET
Table 'Vienna II' 6-max Seat #2 is the button
Seat 2: Chessnok ($196.16 in chips)
Seat 3: kusznak ($279.76 in chips)
Chessnok: posts small blind $1
kusznak: posts big blind $3
*** HOLE CARDS ***
Chessnok: raises $3 to $6
kusznak: folds
Uncalled bet ($3) returned to Chessnok
Chessnok collected $6 from pot
Chessnok: doesn't show hand
*** SUMMARY ***
Total pot $6 | Rake $0
Seat 2: Chessnok (button) (small blind) collected ($6)
Seat 3: kusznak (big blind) folded before Flop


PokerStars Hand #165216182062:  Hold'em Limit ($3/$6 USD) - 2017/01/26 17:03:45 ET
Table 'Vienna II' 6-max Seat #3 is the button
Seat 2: Chessnok ($266.56 in chips)
Seat 3: kusznak ($207.76 in chips)
kusznak: posts small blind $1
Chessnok: posts big blind $3
*** HOLE CARDS ***
kusznak: raises $3 to $6
Chessnok: calls $3
*** FLOP *** [Ah 8s 4c]
Chessnok: checks
kusznak: bets $3
Chessnok: folds
Uncalled bet ($3) returned to kusznak
kusznak collected $11.76 from pot
kusznak: doesn't show hand
*** SUMMARY ***
Total pot $12 | Rake $0.24
Board [Ah 8s 4c]
Seat 2: Chessnok (big blind) folded on the Flop
Seat 3: kusznak (button) (small blind) collected ($11.76)


PokerStars Hand #165216210543:  Hold'em Limit ($3/$6 USD) - 2017/01/26 17:04:16 ET
Table 'Vienna II' 6-max Seat #3 is the button
Seat 2: Chessnok ($242.56 in chips)
Seat 3: kusznak ($231.02 in chips)
kusznak: posts small blind $1
Chessnok: posts big blind $3
*** HOLE CARDS ***
kusznak: raises $3 to $6
Chessnok: calls $3
*** FLOP *** [5c 7d 8c]
Chessnok: checks
kusznak: bets $3
Chessnok: calls $3
*** TURN *** [5c 7d 8c] [Td]
Chessnok: checks
kusznak: bets $6
Chessnok: folds
Uncalled bet ($6) returned to kusznak
kusznak collected $17.64 from pot
kusznak: doesn't show hand
*** SUMMARY ***
Total pot $18 | Rake $0.36
Board [5c 7d 8c Td]
Seat 2: Chessnok (big blind) folded on the Turn
Seat 3: kusznak (button) (small blind) collected ($17.64)


PokerStars Hand #165216192454:  Hold'em Limit ($3/$6 USD) - 2017/01/26 17:03:57 ET
Table 'Vienna II' 6-max Seat #2 is the button
Seat 2: Chessnok ($260.56 in chips)
Seat 3: kusznak ($213.52 in chips)
Chessnok: posts small blind $1
kusznak: posts big blind $3
*** HOLE CARDS ***
Chessnok: raises $3 to $6
kusznak: calls $3
*** FLOP *** [8s 6s Tc]
kusznak: checks
Chessnok: bets $3
kusznak: raises $3 to $6
Chessnok: calls $3
*** TURN *** [8s 6s Tc] [Jd]
kusznak: bets $6
Chessnok: calls $6
*** RIVER *** [8s 6s Tc Jd] [2c]
kusznak: bets $6
Chessnok: folds
Uncalled bet ($6) returned to kusznak
kusznak collected $35.50 from pot
kusznak: doesn't show hand
*** SUMMARY ***
Total pot $36 | Rake $0.50
Board [8s 6s Tc Jd 2c]
Seat 2: Chessnok (button) (small blind) folded on the River
Seat 3: kusznak (big blind) collected ($35.50)


PokerStars Hand #165216283106:  Hold'em Limit ($3/$6 USD) - 2017/01/26 17:05:34 ET
Table 'Vienna II' 6-max Seat #3 is the button
Seat 2: Chessnok ($238.56 in chips)
Seat 3: kusznak ($233.16 in chips)
kusznak: posts small blind $1
Chessnok: posts big blind $3
*** HOLE CARDS ***
kusznak: raises $3 to $6
Chessnok: folds
Uncalled bet ($3) returned to kusznak
kusznak collected $6 from pot
kusznak: doesn't show hand
*** SUMMARY ***
Total pot $6 | Rake $0
Seat 2: Chessnok (big blind) folded before Flop
Seat 3: kusznak (button) (small blind) collected ($6)


PokerStars Hand #165216261857:  Hold'em Limit ($3/$6 USD) - 2017/01/26 17:05:11 ET
Table 'Vienna II' 6-max Seat #2 is the button
Seat 2: Chessnok ($215.06 in chips)
Seat 3: kusznak ($257.16 in chips)
Chessnok: posts small blind $1
kusznak: posts big blind $3
*** HOLE CARDS ***
Chessnok: raises $3 to $6
kusznak: calls $3
*** FLOP *** [Js 6h Jc]
kusznak: checks
Chessnok: bets $3
kusznak: raises $3 to $6
Chessnok: calls $3
*** TURN *** [Js 6h Jc] [As]
kusznak: checks
Chessnok: bets $6
kusznak: calls $6
*** RIVER *** [Js 6h Jc As] [Tc]
kusznak: checks
Chessnok: bets $6
kusznak: calls $6
*** SHOW DOWN ***
Chessnok: shows [Ac 3c] (two pair, Aces and Jacks)
kusznak: mucks hand
Chessnok collected $47.50 from pot
*** SUMMARY ***
Total pot $48 | Rake $0.50
Board [Js 6h Jc As Tc]
Seat 2: Chessnok (button) (small blind) showed [Ac 3c] and won ($47.50) with two pair, Aces and Jacks
Seat 3: kusznak (big blind) mucked


PokerStars Hand #165216244352:  Hold'em Limit ($3/$6 USD) - 2017/01/26 17:04:53 ET
Table 'Vienna II' 6-max Seat #3 is the button
Seat 2: Chessnok ($248.06 in chips)
Seat 3: kusznak ($224.66 in chips)
kusznak: posts small blind $1
Chessnok: posts big blind $3
*** HOLE CARDS ***
kusznak: raises $3 to $6
Chessnok: raises $3 to $9
kusznak: calls $3
*** FLOP *** [7c 9d 3s]
Chessnok: bets $3
kusznak: raises $3 to $6
Chessnok: calls $3
*** TURN *** [7c 9d 3s] [Ks]
Chessnok: checks
kusznak: bets $6
Chessnok: raises $6 to $12
kusznak: calls $6
*** RIVER *** [7c 9d 3s Ks] [8h]
Chessnok: bets $6
kusznak: calls $6
*** SHOW DOWN ***
Chessnok: shows [6d Jd] (high card King)
kusznak: shows [7h Jc] (a pair of Sevens)
kusznak collected $65.50 from pot
*** SUMMARY ***
Total pot $66 | Rake $0.50
Board [7c 9d 3s Ks 8h]
Seat 2: Chessnok (big blind) showed [6d Jd] and lost with high card King
Seat 3: kusznak (button) (small blind) showed [7h Jc] and won ($65.50) with a pair of Sevens


PokerStars Hand #165216223997:  Hold'em Limit ($3/$6 USD) - 2017/01/26 17:04:31 ET
Table 'Vienna II' 6-max Seat #2 is the button
Seat 2: Chessnok ($233.56 in chips)
Seat 3: kusznak ($239.66 in chips)
Chessnok: posts small blind $1
kusznak: posts big blind $3
*** HOLE CARDS ***
Chessnok: raises $3 to $6
kusznak: calls $3
*** FLOP *** [Jd 2s 2c]
kusznak: checks
Chessnok: bets $3
kusznak: calls $3
*** TURN *** [Jd 2s 2c] [Th]
kusznak: checks
Chessnok: checks
*** RIVER *** [Jd 2s 2c Th] [8c]
kusznak: checks
Chessnok: bets $6
kusznak: calls $6
*** SHOW DOWN ***
Chessnok: shows [8d 7h] (two pair, Eights and Deuces)
kusznak: mucks hand
Chessnok collected $29.50 from pot
*** SUMMARY ***
Total pot $30 | Rake $0.50
Board [Jd 2s 2c Th 8c]
Seat 2: Chessnok (button) (small blind) showed [8d 7h] and won ($29.50) with two pair, Eights and Deuces
Seat 3: kusznak (big blind) mucked


PokerStars Hand #165216338248:  Hold'em Limit ($3/$6 USD) - 2017/01/26 17:06:35 ET
Table 'Vienna II' 6-max Seat #3 is the button
Seat 2: Chessnok ($157.56 in chips)
Seat 3: kusznak ($312.66 in chips)
kusznak: posts small blind $1
Chessnok: posts big blind $3
*** HOLE CARDS ***
kusznak: raises $3 to $6
Chessnok: folds
Uncalled bet ($3) returned to kusznak
kusznak collected $6 from pot
kusznak: doesn't show hand
*** SUMMARY ***
Total pot $6 | Rake $0
Seat 2: Chessnok (big blind) folded before Flop
Seat 3: kusznak (button) (small blind) collected ($6)


PokerStars Hand #165216323964:  Hold'em Limit ($3/$6 USD) - 2017/01/26 17:06:20 ET
Table 'Vienna II' 6-max Seat #2 is the button
Seat 2: Chessnok ($184.56 in chips)
Seat 3: kusznak ($286.16 in chips)
Chessnok: posts small blind $1
kusznak: posts big blind $3
*** HOLE CARDS ***
Chessnok: raises $3 to $6
kusznak: calls $3
*** FLOP *** [4h 9d Ad]
kusznak: checks
Chessnok: bets $3
kusznak: calls $3
*** TURN *** [4h 9d Ad] [2c]
kusznak: checks
Chessnok: bets $6
kusznak: calls $6
*** RIVER *** [4h 9d Ad 2c] [3d]
kusznak: checks
Chessnok: bets $6
kusznak: raises $6 to $12
Chessnok: calls $6
*** SHOW DOWN ***
kusznak: shows [Kd 5d] (a flush, Ace high)
Chessnok: mucks hand
kusznak collected $53.50 from pot
*** SUMMARY ***
Total pot $54 | Rake $0.50
Board [4h 9d Ad 2c 3d]
Seat 2: Chessnok (button) (small blind) mucked
Seat 3: kusznak (big blind) showed [Kd 5d] and won ($53.50) with a flush, Ace high


PokerStars Hand #165216306726:  Hold'em Limit ($3/$6 USD) - 2017/01/26 17:06:00 ET
Table 'Vienna II' 6-max Seat #3 is the button
Seat 2: Chessnok ($199.56 in chips)
Seat 3: kusznak ($271.66 in chips)
kusznak: posts small blind $1
Chessnok: posts big blind $3
*** HOLE CARDS ***
kusznak: raises $3 to $6
Chessnok: calls $3
*** FLOP *** [6d 9h 7d]
Chessnok: checks
kusznak: bets $3
Chessnok: calls $3
*** TURN *** [6d 9h 7d] [Jh]
Chessnok: checks
kusznak: checks
*** RIVER *** [6d 9h 7d Jh] [Qc]
Chessnok: bets $6
kusznak: raises $6 to $12
Chessnok: folds
Uncalled bet ($6) returned to kusznak
kusznak collected $29.50 from pot
kusznak: doesn't show hand
*** SUMMARY ***
Total pot $30 | Rake $0.50
Board [6d 9h 7d Jh Qc]
Seat 2: Chessnok (big blind) folded on the River
Seat 3: kusznak (button) (small blind) collected ($29.50)


PokerStars Hand #165216288082:  Hold'em Limit ($3/$6 USD) - 2017/01/26 17:05:40 ET
Table 'Vienna II' 6-max Seat #2 is the button
Seat 2: Chessnok ($235.56 in chips)
Seat 3: kusznak ($236.16 in chips)
Chessnok: posts small blind $1
kusznak: posts big blind $3
*** HOLE CARDS ***
Chessnok: raises $3 to $6
kusznak: raises $3 to $9
Chessnok: calls $3
*** FLOP *** [2h 4h Qh]
kusznak: bets $3
Chessnok: calls $3
*** TURN *** [2h 4h Qh] [Qc]
kusznak: bets $6
Chessnok: calls $6
*** RIVER *** [2h 4h Qh Qc] [6h]
kusznak: bets $6
Chessnok: raises $6 to $12
kusznak: raises $6 to $18
Chessnok: calls $6
*** SHOW DOWN ***
kusznak: shows [Tc Ah] (a flush, Ace high)
Chessnok: mucks hand
kusznak collected $71.50 from pot
*** SUMMARY ***
Total pot $72 | Rake $0.50
Board [2h 4h Qh Qc 6h]
Seat 2: Chessnok (button) (small blind) mucked
Seat 3: kusznak (big blind) showed [Tc Ah] and won ($71.50) with a flush, Ace high


PokerStars Hand #165216383990:  Hold'em Limit ($3/$6 USD) - 2017/01/26 17:07:24 ET
Table 'Vienna II' 6-max Seat #3 is the button
Seat 2: Chessnok ($192.22 in chips)
Seat 3: kusznak ($276.66 in chips)
kusznak: posts small blind $1
Chessnok: posts big blind $3
*** HOLE CARDS ***
kusznak: raises $3 to $6
Chessnok: calls $3
*** FLOP *** [Js Ac 2d]
Chessnok: checks
kusznak: bets $3
Chessnok: calls $3
*** TURN *** [Js Ac 2d] [2s]
Chessnok: checks
kusznak: checks
*** RIVER *** [Js Ac 2d 2s] [Jh]
Chessnok: bets $6
kusznak: calls $6
*** SHOW DOWN ***
Chessnok: shows [2h 6h] (a full house, Deuces full of Jacks)
kusznak: mucks hand
Chessnok collected $29.50 from pot
*** SUMMARY ***
Total pot $30 | Rake $0.50
Board [Js Ac 2d 2s Jh]
Seat 2: Chessnok (big blind) showed [2h 6h] and won ($29.50) with a full house, Deuces full of Jacks
Seat 3: kusznak (button) (small blind) mucked


PokerStars Hand #165216368536:  Hold'em Limit ($3/$6 USD) - 2017/01/26 17:07:08 ET
Table 'Vienna II' 6-max Seat #2 is the button
Seat 2: Chessnok ($183.58 in chips)
Seat 3: kusznak ($285.66 in chips)
Chessnok: posts small blind $1
kusznak: posts big blind $3
*** HOLE CARDS ***
Chessnok: raises $3 to $6
kusznak: calls $3
*** FLOP *** [Ts 9c 6h]
kusznak: checks
Chessnok: bets $3
kusznak: calls $3
*** TURN *** [Ts 9c 6h] [Qd]
kusznak: checks
Chessnok: checks
*** RIVER *** [Ts 9c 6h Qd] [Js]
kusznak: checks
Chessnok: checks
*** SHOW DOWN ***
kusznak: shows [7s 2s] (high card Queen)
Chessnok: shows [9s 5h] (a pair of Nines)
Chessnok collected $17.64 from pot
*** SUMMARY ***
Total pot $18 | Rake $0.36
Board [Ts 9c 6h Qd Js]
Seat 2: Chessnok (button) (small blind) showed [9s 5h] and won ($17.64) with a pair of Nines
Seat 3: kusznak (big blind) showed [7s 2s] and lost with high card Queen


PokerStars Hand #165216358157:  Hold'em Limit ($3/$6 USD) - 2017/01/26 17:06:56 ET
Table 'Vienna II' 6-max Seat #3 is the button
Seat 2: Chessnok ($172.06 in chips)
Seat 3: kusznak ($297.66 in chips)
kusznak: posts small blind $1
Chessnok: posts big blind $3
*** HOLE CARDS ***
kusznak: raises $3 to $6
Chessnok: raises $3 to $9
kusznak: calls $3
*** FLOP *** [Qc As Kc]
Chessnok: bets $3
kusznak: calls $3
*** TURN *** [Qc As Kc] [9h]
Chessnok: bets $6
kusznak: folds
Uncalled bet ($6) returned to Chessnok
Chessnok collected $23.52 from pot
Chessnok: doesn't show hand
*** SUMMARY ***
Total pot $24 | Rake $0.48
Board [Qc As Kc 9h]
Seat 2: Chessnok (big blind) collected ($23.52)
Seat 3: kusznak (button) (small blind) folded on the Turn


PokerStars Hand #165216343535:  Hold'em Limit ($3/$6 USD) - 2017/01/26 17:06:41 ET
Table 'Vienna II' 6-max Seat #2 is the button
Seat 2: Chessnok ($154.56 in chips)
Seat 3: kusznak ($315.66 in chips)
Chessnok: posts small blind $1
kusznak: posts big blind $3
*** HOLE CARDS ***
Chessnok: raises $3 to $6
kusznak: calls $3
*** FLOP *** [As 4c Ks]
kusznak: checks
Chessnok: bets $3
kusznak: raises $3 to $6
Chessnok: calls $3
*** TURN *** [As 4c Ks] [6d]
kusznak: bets $6
Chessnok: calls $6
*** RIVER *** [As 4c Ks 6d] [9h]
kusznak: checks
Chessnok: checks
*** SHOW DOWN ***
kusznak: shows [5s 7s] (high card Ace)
Chessnok: shows [2h 2d] (a pair of Deuces)
Chessnok collected $35.50 from pot
*** SUMMARY ***
Total pot $36 | Rake $0.50
Board [As 4c Ks 6d 9h]
Seat 2: Chessnok (button) (small blind) showed [2h 2d] and won ($35.50) with a pair of Deuces
Seat 3: kusznak (big blind) showed [5s 7s] and lost with high card Ace


PokerStars Hand #165216396513:  Hold'em Limit ($3/$6 USD) - 2017/01/26 17:07:38 ET
Table 'Vienna II' 6-max Seat #2 is the button
Seat 2: Chessnok ($206.72 in chips)
Seat 3: kusznak ($261.66 in chips)
Chessnok: posts small blind $1
kusznak: posts big blind $3
*** HOLE CARDS ***
Chessnok: raises $3 to $6
kusznak: calls $3
*** FLOP *** [7c Jd 4s]
kusznak: checks
Chessnok: bets $3
kusznak: raises $3 to $6
Chessnok: calls $3
*** TURN *** [7c Jd 4s] [8h]
kusznak: checks
Chessnok: bets $6
kusznak: folds
Uncalled bet ($6) returned to Chessnok
Chessnok collected $23.52 from pot
Chessnok: doesn't show hand
*** SUMMARY ***
Total pot $24 | Rake $0.48
Board [7c Jd 4s 8h]
Seat 2: Chessnok (button) (small blind) collected ($23.52)
Seat 3: kusznak (big blind) folded on the Turn


PokerStars Hand #165216456457:  Hold'em Limit ($3/$6 USD) - 2017/01/26 17:08:33 ET
Table 'Vienna II' 6-max Seat #3 is the button
Seat 2: Chessnok ($174.88 in chips)
Seat 3: kusznak ($292.16 in chips)
kusznak: posts small blind $1
Chessnok: posts big blind $3
*** HOLE CARDS ***
kusznak: raises $3 to $6
Chessnok: raises $3 to $9
kusznak: calls $3
*** FLOP *** [Ad 5d Jc]
Chessnok: bets $3
kusznak: calls $3
*** TURN *** [Ad 5d Jc] [Js]
Chessnok: bets $6
kusznak: calls $6
*** RIVER *** [Ad 5d Jc Js] [4h]
Chessnok: bets $6
kusznak: calls $6
*** SHOW DOWN ***
Chessnok: shows [Jd Qs] (three of a kind, Jacks)
kusznak: mucks hand
Chessnok collected $47.50 from pot
*** SUMMARY ***
Total pot $48 | Rake $0.50
Board [Ad 5d Jc Js 4h]
Seat 2: Chessnok (big blind) showed [Jd Qs] and won ($47.50) with three of a kind, Jacks
Seat 3: kusznak (button) (small blind) mucked


PokerStars Hand #165216451877:  Hold'em Limit ($3/$6 USD) - 2017/01/26 17:08:28 ET
Table 'Vienna II' 6-max Seat #2 is the button
Seat 2: Chessnok ($175.88 in chips)
Seat 3: kusznak ($291.16 in chips)
Chessnok: posts small blind $1
kusznak: posts big blind $3
*** HOLE CARDS ***
Chessnok: folds
Uncalled bet ($2) returned to kusznak
kusznak collected $2 from pot
kusznak: doesn't show hand
*** SUMMARY ***
Total pot $2 | Rake $0
Seat 2: Chessnok (button) (small blind) folded before Flop
Seat 3: kusznak (big blind) collected ($2)


PokerStars Hand #165216435906:  Hold'em Limit ($3/$6 USD) - 2017/01/26 17:08:11 ET
Table 'Vienna II' 6-max Seat #3 is the button
Seat 2: Chessnok ($223.88 in chips)
Seat 3: kusznak ($243.66 in chips)
kusznak: posts small blind $1
Chessnok: posts big blind $3
*** HOLE CARDS ***
kusznak: raises $3 to $6
Chessnok: calls $3
*** FLOP *** [5d 6d Js]
Chessnok: checks
kusznak: bets $3
Chessnok: raises $3 to $6
kusznak: raises $3 to $9
Chessnok: raises $3 to $12
Betting is capped
kusznak: calls $3
*** TURN *** [5d 6d Js] [Ks]
Chessnok: bets $6
kusznak: raises $6 to $12
Chessnok: raises $6 to $18
kusznak: calls $6
*** RIVER *** [5d 6d Js Ks] [Ts]
Chessnok: bets $6
kusznak: raises $6 to $12
Chessnok: calls $6
*** SHOW DOWN ***
kusznak: shows [Jc Th] (two pair, Jacks and Tens)
Chessnok: mucks hand
kusznak collected $95.50 from pot
*** SUMMARY ***
Total pot $96 | Rake $0.50
Board [5d 6d Js Ks Ts]
Seat 2: Chessnok (big blind) mucked
Seat 3: kusznak (button) (small blind) showed [Jc Th] and won ($95.50) with two pair, Jacks and Tens


PokerStars Hand #165216424964:  Hold'em Limit ($3/$6 USD) - 2017/01/26 17:07:59 ET
Table 'Vienna II' 6-max Seat #2 is the button
Seat 2: Chessnok ($215.24 in chips)
Seat 3: kusznak ($252.66 in chips)
Chessnok: posts small blind $1
kusznak: posts big blind $3
*** HOLE CARDS ***
Chessnok: raises $3 to $6
kusznak: calls $3
*** FLOP *** [9c 2s 3s]
kusznak: checks
Chessnok: bets $3
kusznak: calls $3
*** TURN *** [9c 2s 3s] [8c]
kusznak: checks
Chessnok: bets $6
kusznak: folds
Uncalled bet ($6) returned to Chessnok
Chessnok collected $17.64 from pot
Chessnok: doesn't show hand
*** SUMMARY ***
Total pot $18 | Rake $0.36
Board [9c 2s 3s 8c]
Seat 2: Chessnok (button) (small blind) collected ($17.64)
Seat 3: kusznak (big blind) folded on the Turn


PokerStars Hand #165216419129:  Hold'em Limit ($3/$6 USD) - 2017/01/26 17:07:53 ET
Table 'Vienna II' 6-max Seat #3 is the button
Seat 2: Chessnok ($218.24 in chips)
Seat 3: kusznak ($249.66 in chips)
kusznak: posts small blind $1
Chessnok: posts big blind $3
*** HOLE CARDS ***
kusznak: raises $3 to $6
Chessnok: folds
Uncalled bet ($3) returned to kusznak
kusznak collected $6 from pot
kusznak: doesn't show hand
*** SUMMARY ***
Total pot $6 | Rake $0
Seat 2: Chessnok (big blind) folded before Flop
Seat 3: kusznak (button) (small blind) collected ($6)


PokerStars Hand #165216485724:  Hold'em Limit ($3/$6 USD) - 2017/01/26 17:09:05 ET
Table 'Vienna II' 6-max Seat #3 is the button
Seat 2: Chessnok ($218.88 in chips)
Seat 3: kusznak ($247.16 in chips)
kusznak: posts small blind $1
Chessnok: posts big blind $3
*** HOLE CARDS ***
kusznak: raises $3 to $6
Chessnok: calls $3
*** FLOP *** [Ah 6h 2c]
Chessnok: checks
kusznak: bets $3
Chessnok: calls $3
*** TURN *** [Ah 6h 2c] [5d]
Chessnok: checks
kusznak: checks
*** RIVER *** [Ah 6h 2c 5d] [5s]
Chessnok: checks
kusznak: checks
*** SHOW DOWN ***
Chessnok: shows [3c Qc] (a pair of Fives)
kusznak: shows [8d Qd] (a pair of Fives - Ace+Queen+Eight kicker)
kusznak collected $17.64 from pot
*** SUMMARY ***
Total pot $18 | Rake $0.36
Board [Ah 6h 2c 5d 5s]
Seat 2: Chessnok (big blind) showed [3c Qc] and lost with a pair of Fives
Seat 3: kusznak (button) (small blind) showed [8d Qd] and won ($17.64) with a pair of Fives


PokerStars Hand #165216468042:  Hold'em Limit ($3/$6 USD) - 2017/01/26 17:08:46 ET
Table 'Vienna II' 6-max Seat #2 is the button
Seat 2: Chessnok ($198.38 in chips)
Seat 3: kusznak ($268.16 in chips)
Chessnok: posts small blind $1
kusznak: posts big blind $3
*** HOLE CARDS ***
Chessnok: raises $3 to $6
kusznak: raises $3 to $9
Chessnok: calls $3
*** FLOP *** [8h 5s 7c]
kusznak: bets $3
Chessnok: raises $3 to $6
kusznak: calls $3
*** TURN *** [8h 5s 7c] [2s]
kusznak: checks
Chessnok: bets $6
kusznak: calls $6
*** RIVER *** [8h 5s 7c 2s] [Kc]
kusznak: checks
Chessnok: bets $6
kusznak: folds
Uncalled bet ($6) returned to Chessnok
Chessnok collected $41.50 from pot
Chessnok: doesn't show hand
*** SUMMARY ***
Total pot $42 | Rake $0.50
Board [8h 5s 7c 2s Kc]
Seat 2: Chessnok (button) (small blind) collected ($41.50)
Seat 3: kusznak (big blind) folded on the River


PokerStars Hand #165216499415:  Hold'em Limit ($3/$6 USD) - 2017/01/26 17:09:20 ET
Table 'Vienna II' 6-max Seat #2 is the button
Seat 2: Chessnok ($209.88 in chips)
Seat 3: kusznak ($255.80 in chips)
Chessnok: posts small blind $1
kusznak: posts big blind $3
*** HOLE CARDS ***
Chessnok: raises $3 to $6
kusznak: calls $3
*** FLOP *** [2h 7s 7c]
kusznak: checks
Chessnok: checks
*** TURN *** [2h 7s 7c] [Js]
kusznak: checks
Chessnok: bets $6
kusznak: folds
Uncalled bet ($6) returned to Chessnok
Chessnok collected $11.76 from pot
Chessnok: doesn't show hand
*** SUMMARY ***
Total pot $12 | Rake $0.24
Board [2h 7s 7c Js]
Seat 2: Chessnok (button) (small blind) collected ($11.76)
Seat 3: kusznak (big blind) folded on the Turn


PokerStars Hand #165216530349:  Hold'em Limit ($3/$6 USD) - 2017/01/26 17:09:54 ET
Table 'Vienna II' 6-max Seat #2 is the button
Seat 2: Chessnok ($188.64 in chips)
Seat 3: kusznak ($276.30 in chips)
Chessnok: posts small blind $1
kusznak: posts big blind $3
*** HOLE CARDS ***
Chessnok: raises $3 to $6
kusznak: calls $3
*** FLOP *** [Ac 9c 5d]
kusznak: checks
Chessnok: bets $3
kusznak: calls $3
*** TURN *** [Ac 9c 5d] [Qc]
kusznak: checks
Chessnok: bets $6
kusznak: calls $6
*** RIVER *** [Ac 9c 5d Qc] [Td]
kusznak: checks
Chessnok: bets $6
kusznak: calls $6
*** SHOW DOWN ***
Chessnok: shows [Ah 4c] (a pair of Aces)
kusznak: mucks hand
Chessnok collected $41.50 from pot
*** SUMMARY ***
Total pot $42 | Rake $0.50
Board [Ac 9c 5d Qc Td]
Seat 2: Chessnok (button) (small blind) showed [Ah 4c] and won ($41.50) with a pair of Aces
Seat 3: kusznak (big blind) mucked


PokerStars Hand #165216509913:  Hold'em Limit ($3/$6 USD) - 2017/01/26 17:09:32 ET
Table 'Vienna II' 6-max Seat #3 is the button
Seat 2: Chessnok ($215.64 in chips)
Seat 3: kusznak ($249.80 in chips)
kusznak: posts small blind $1
Chessnok: posts big blind $3
*** HOLE CARDS ***
leyv595 joins the table at seat #6
kusznak: raises $3 to $6
Chessnok: calls $3
*** FLOP *** [9d Jh 2s]
Chessnok: bets $3
kusznak: calls $3
*** TURN *** [9d Jh 2s] [Tc]
Chessnok: bets $6
kusznak: raises $6 to $12
Chessnok: calls $6
*** RIVER *** [9d Jh 2s Tc] [4s]
Chessnok: checks
kusznak: bets $6
Chessnok: calls $6
*** SHOW DOWN ***
kusznak: shows [Js 6s] (a pair of Jacks)
Chessnok: mucks hand
kusznak collected $53.50 from pot
*** SUMMARY ***
Total pot $54 | Rake $0.50
Board [9d Jh 2s Tc 4s]
Seat 2: Chessnok (big blind) mucked
Seat 3: kusznak (button) (small blind) showed [Js 6s] and won ($53.50) with a pair of Jacks


PokerStars Hand #165216962544:  Hold'em Limit ($3/$6 USD) - 2017/01/26 17:17:48 ET
Table 'Vienna II' 6-max Seat #1 is the button
Seat 1: krytalex ($133.30 in chips)
Seat 6: leyv595 ($40.14 in chips)
krytalex: posts small blind $1
leyv595: posts big blind $3
*** HOLE CARDS ***
krytalex: raises $3 to $6
leyv595: calls $3
*** FLOP *** [Ad 2c 7s]
leyv595: checks
krytalex: bets $3
leyv595: calls $3
*** TURN *** [Ad 2c 7s] [6d]
leyv595: checks
krytalex: checks
*** RIVER *** [Ad 2c 7s 6d] [2d]
leyv595: bets $6
krytalex: calls $6
*** SHOW DOWN ***
leyv595: shows [3h 3c] (two pair, Threes and Deuces)
krytalex: shows [6s 5h] (two pair, Sixes and Deuces)
krytalex collected $29.50 from pot
*** SUMMARY ***
Total pot $30 | Rake $0.50
Board [Ad 2c 7s 6d 2d]
Seat 1: krytalex (button) (small blind) showed [6s 5h] and won ($29.50) with two pair, Sixes and Deuces
Seat 6: leyv595 (big blind) showed [3h 3c] and lost with two pair, Threes and Deuces


PokerStars Hand #165216984293:  Hold'em Limit ($3/$6 USD) - 2017/01/26 17:18:11 ET
Table 'Vienna II' 6-max Seat #6 is the button
Seat 1: krytalex ($147.80 in chips)
Seat 6: leyv595 ($25.14 in chips)
leyv595: posts small blind $1
krytalex: posts big blind $3
*** HOLE CARDS ***
leyv595: calls $2
krytalex: checks
*** FLOP *** [Qs 6d 9s]
krytalex: checks
leyv595: checks
*** TURN *** [Qs 6d 9s] [Ad]
krytalex: bets $6
leyv595: folds
Uncalled bet ($6) returned to krytalex
krytalex collected $5.88 from pot
*** SUMMARY ***
Total pot $6 | Rake $0.12
Board [Qs 6d 9s Ad]
Seat 1: krytalex (big blind) collected ($5.88)
Seat 6: leyv595 (button) (small blind) folded on the Turn


PokerStars Hand #165217040923:  Hold'em Limit ($3/$6 USD) - 2017/01/26 17:19:12 ET
Table 'Vienna II' 6-max Seat #6 is the button
Seat 1: krytalex ($149.68 in chips)
Seat 6: leyv595 ($23.14 in chips)
leyv595: posts small blind $1
krytalex: posts big blind $3
*** HOLE CARDS ***
leyv595: folds
Uncalled bet ($2) returned to krytalex
krytalex collected $2 from pot
*** SUMMARY ***
Total pot $2 | Rake $0
Seat 1: krytalex (big blind) collected ($2)
Seat 6: leyv595 (button) (small blind) folded before Flop


PokerStars Hand #165217022620:  Hold'em Limit ($3/$6 USD) - 2017/01/26 17:18:52 ET
Table 'Vienna II' 6-max Seat #1 is the button
Seat 1: krytalex ($150.68 in chips)
Seat 6: leyv595 ($22.14 in chips)
krytalex: posts small blind $1
leyv595: posts big blind $3
*** HOLE CARDS ***
krytalex: folds
Uncalled bet ($2) returned to leyv595
leyv595 collected $2 from pot
leyv595: doesn't show hand
*** SUMMARY ***
Total pot $2 | Rake $0
Seat 1: krytalex (button) (small blind) folded before Flop
Seat 6: leyv595 (big blind) collected ($2)


PokerStars Hand #165217045957:  Hold'em Limit ($3/$6 USD) - 2017/01/26 17:19:18 ET
Table 'Vienna II' 6-max Seat #1 is the button
Seat 1: krytalex ($150.68 in chips)
Seat 6: leyv595 ($22.14 in chips)
krytalex: posts small blind $1
leyv595: posts big blind $3
*** HOLE CARDS ***
krytalex: raises $3 to $6
leyv595: calls $3
*** FLOP *** [Ts Td 4s]
leyv595: checks
krytalex: bets $3
leyv595: calls $3
*** TURN *** [Ts Td 4s] [6c]
leyv595: bets $6
krytalex: folds
Uncalled bet ($6) returned to leyv595
leyv595 collected $17.64 from pot
leyv595: doesn't show hand
*** SUMMARY ***
Total pot $18 | Rake $0.36
Board [Ts Td 4s 6c]
Seat 1: krytalex (button) (small blind) folded on the Turn
Seat 6: leyv595 (big blind) collected ($17.64)


PokerStars Hand #165217086836:  Hold'em Limit ($3/$6 USD) - 2017/01/26 17:20:03 ET
Table 'Vienna II' 6-max Seat #6 is the button
Seat 1: krytalex ($141.68 in chips)
Seat 6: leyv595 ($30.78 in chips)
leyv595: posts small blind $1
krytalex: posts big blind $3
*** HOLE CARDS ***
leyv595: raises $3 to $6
krytalex: calls $3
*** FLOP *** [5h 2h 9d]
krytalex: checks
leyv595: bets $3
krytalex: calls $3
*** TURN *** [5h 2h 9d] [Jd]
krytalex: checks
leyv595: bets $6
Chessnok leaves the table
krytalex: folds
Uncalled bet ($6) returned to leyv595
leyv595 collected $17.64 from pot
leyv595: doesn't show hand
*** SUMMARY ***
Total pot $18 | Rake $0.36
Board [5h 2h 9d Jd]
Seat 1: krytalex (big blind) folded on the Turn
Seat 6: leyv595 (button) (small blind) collected ($17.64)


PokerStars Hand #165217113188:  Hold'em Limit ($3/$6 USD) - 2017/01/26 17:20:31 ET
Table 'Vienna II' 6-max Seat #1 is the button
Seat 1: krytalex ($132.68 in chips)
Seat 6: leyv595 ($39.42 in chips)
krytalex: posts small blind $1
leyv595: posts big blind $3
*** HOLE CARDS ***
krytalex: raises $3 to $6
leyv595: calls $3
*** FLOP *** [Kd 2c Ac]
leyv595: checks
krytalex: bets $3
leyv595: folds
Uncalled bet ($3) returned to krytalex
krytalex collected $11.76 from pot
*** SUMMARY ***
Total pot $12 | Rake $0.24
Board [Kd 2c Ac]
Seat 1: krytalex (button) (small blind) collected ($11.76)
Seat 6: leyv595 (big blind) folded on the Flop


PokerStars Hand #165217130326:  Hold'em Limit ($3/$6 USD) - 2017/01/26 17:20:50 ET
Table 'Vienna II' 6-max Seat #6 is the button
Seat 1: krytalex ($138.44 in chips)
Seat 6: leyv595 ($33.42 in chips)
leyv595: posts small blind $1
krytalex: posts big blind $3
*** HOLE CARDS ***
leyv595: calls $2
krytalex: raises $3 to $6
leyv595: calls $3
*** FLOP *** [Ks 9c 4c]
krytalex: bets $3
leyv595: raises $3 to $6
krytalex: calls $3
*** TURN *** [Ks 9c 4c] [6d]
krytalex: checks
leyv595: bets $6
krytalex: folds
Uncalled bet ($6) returned to leyv595
leyv595 collected $23.52 from pot
leyv595: doesn't show hand
*** SUMMARY ***
Total pot $24 | Rake $0.48
Board [Ks 9c 4c 6d]
Seat 1: krytalex (big blind) folded on the Turn
Seat 6: leyv595 (button) (small blind) collected ($23.52)


PokerStars Hand #165217179108:  Hold'em Limit ($3/$6 USD) - 2017/01/26 17:21:44 ET
Table 'Vienna II' 6-max Seat #1 is the button
Seat 1: krytalex ($126.44 in chips)
Seat 6: leyv595 ($44.94 in chips)
krytalex: posts small blind $1
leyv595: posts big blind $3
*** HOLE CARDS ***
krytalex: raises $3 to $6
leyv595: calls $3
*** FLOP *** [Td 8s Kd]
leyv595: bets $3
krytalex: folds
Uncalled bet ($3) returned to leyv595
leyv595 collected $11.76 from pot
leyv595: doesn't show hand
*** SUMMARY ***
Total pot $12 | Rake $0.24
Board [Td 8s Kd]
Seat 1: krytalex (button) (small blind) folded on the Flop
Seat 6: leyv595 (big blind) collected ($11.76)


PokerStars Hand #165217207770:  Hold'em Limit ($3/$6 USD) - 2017/01/26 17:22:15 ET
Table 'Vienna II' 6-max Seat #6 is the button
Seat 1: krytalex ($120.44 in chips)
Seat 6: leyv595 ($50.70 in chips)
leyv595: posts small blind $1
krytalex: posts big blind $3
*** HOLE CARDS ***
leyv595: folds
Uncalled bet ($2) returned to krytalex
krytalex collected $2 from pot
*** SUMMARY ***
Total pot $2 | Rake $0
Seat 1: krytalex (big blind) collected ($2)
Seat 6: leyv595 (button) (small blind) folded before Flop


PokerStars Hand #165217213272:  Hold'em Limit ($3/$6 USD) - 2017/01/26 17:22:21 ET
Table 'Vienna II' 6-max Seat #1 is the button
Seat 1: krytalex ($121.44 in chips)
Seat 6: leyv595 ($49.70 in chips)
krytalex: posts small blind $1
leyv595: posts big blind $3
*** HOLE CARDS ***
krytalex: raises $3 to $6
leyv595: calls $3
*** FLOP *** [4d 5h 7h]
leyv595: checks
krytalex: bets $3
leyv595: calls $3
*** TURN *** [4d 5h 7h] [Qd]
leyv595: checks
krytalex: bets $6
leyv595: calls $6
*** RIVER *** [4d 5h 7h Qd] [6s]
leyv595: checks
krytalex: checks
*** SHOW DOWN ***
leyv595: shows [Ad 2c] (high card Ace)
krytalex: shows [5s 9s] (a pair of Fives)
krytalex collected $29.50 from pot
*** SUMMARY ***
Total pot $30 | Rake $0.50
Board [4d 5h 7h Qd 6s]
Seat 1: krytalex (button) (small blind) showed [5s 9s] and won ($29.50) with a pair of Fives
Seat 6: leyv595 (big blind) showed [Ad 2c] and lost with high card Ace


PokerStars Hand #165217242707:  Hold'em Limit ($3/$6 USD) - 2017/01/26 17:22:54 ET
Table 'Vienna II' 6-max Seat #6 is the button
Seat 1: krytalex ($135.94 in chips)
Seat 6: leyv595 ($34.70 in chips)
leyv595: posts small blind $1
krytalex: posts big blind $3
*** HOLE CARDS ***
leyv595: calls $2
3Princesses joins the table at seat #4
krytalex: raises $3 to $6
leyv595: calls $3
*** FLOP *** [3s 9h 5c]
krytalex: bets $3
leyv595: calls $3
*** TURN *** [3s 9h 5c] [Kh]
krytalex: bets $6
leyv595: raises $6 to $12
krytalex: calls $6
*** RIVER *** [3s 9h 5c Kh] [Jh]
krytalex: checks
leyv595: bets $6
krytalex: calls $6
*** SHOW DOWN ***
leyv595: shows [7d Ks] (a pair of Kings)
krytalex: shows [7c Kc] (a pair of Kings)
krytalex collected $26.75 from pot
leyv595 collected $26.75 from pot
*** SUMMARY ***
Total pot $54 | Rake $0.50
Board [3s 9h 5c Kh Jh]
Seat 1: krytalex (big blind) showed [7c Kc] and won ($26.75) with a pair of Kings
Seat 6: leyv595 (button) (small blind) showed [7d Ks] and won ($26.75) with a pair of Kings


PokerStars Hand #165217603483:  Hold'em Limit ($3/$6 USD) - 2017/01/26 17:29:43 ET
Table 'Vienna II' 6-max Seat #2 is the button
Seat 1: krytalex ($230.44 in chips)
Seat 2: Great_Kang ($120 in chips)
Great_Kang: posts small blind $1
krytalex: posts big blind $3
*** HOLE CARDS ***
Great_Kang: folds
Uncalled bet ($2) returned to krytalex
krytalex collected $2 from pot
*** SUMMARY ***
Total pot $2 | Rake $0
Seat 1: krytalex (big blind) collected ($2)
Seat 2: Great_Kang (button) (small blind) folded before Flop


