PokerStars Hand #169590492594:  Hold'em Limit ($3/$6 USD) - 2017/04/26 13:40:47 ET
Table 'Vienna II' 6-max Seat #3 is the button
Seat 3: Solist62119 ($39.63 in chips)
Seat 4: MTails ($120 in chips)
Solist62119: posts small blind $1
MTails: posts big blind $3
*** HOLE CARDS ***
Solist62119: raises $3 to $6
MTails: calls $3
*** FLOP *** [5d Kd Kh]
MTails: checks
Solist62119: bets $3
MTails: raises $3 to $6
Solist62119: raises $3 to $9
MTails: calls $3
*** TURN *** [5d Kd Kh] [Ah]
MTails: checks
Solist62119: checks
*** RIVER *** [5d Kd Kh Ah] [Qh]
MTails: bets $6
Solist62119: calls $6
*** SHOW DOWN ***
MTails: shows [As 9s] (two pair, Aces and Kings)
Solist62119: shows [Ac 5h] (two pair, Aces and Kings)
MTails collected $20.75 from pot
Solist62119 collected $20.75 from pot
*** SUMMARY ***
Total pot $42 | Rake $0.50
Board [5d Kd Kh Ah Qh]
Seat 3: Solist62119 (button) (small blind) showed [Ac 5h] and won ($20.75) with two pair, Aces and Kings
Seat 4: MTails (big blind) showed [As 9s] and won ($20.75) with two pair, Aces and Kings


PokerStars Hand #169590519330:  Hold'em Limit ($3/$6 USD) - 2017/04/26 13:41:22 ET
Table 'Vienna II' 6-max Seat #3 is the button
Seat 3: Solist62119 ($36.38 in chips)
Seat 4: MTails ($122.75 in chips)
Solist62119: posts small blind $1
MTails: posts big blind $3
*** HOLE CARDS ***
Solist62119: raises $3 to $6
MTails: calls $3
*** FLOP *** [8h 4s 9c]
MTails: checks
Solist62119: bets $3
Dron21200 joins the table at seat #2
MTails: calls $3
*** TURN *** [8h 4s 9c] [9s]
MTails: checks
Solist62119: bets $6
MTails: calls $6
*** RIVER *** [8h 4s 9c 9s] [8d]
MTails: checks
vestimokrec joins the table at seat #5
Solist62119: bets $6
MTails: calls $6
*** SHOW DOWN ***
Solist62119: shows [Jd 9d] (a full house, Nines full of Eights)
MTails: mucks hand
Solist62119 collected $41.50 from pot
*** SUMMARY ***
Total pot $42 | Rake $0.50
Board [8h 4s 9c 9s 8d]
Seat 3: Solist62119 (button) (small blind) showed [Jd 9d] and won ($41.50) with a full house, Nines full of Eights
Seat 4: MTails (big blind) mucked


PokerStars Hand #169590514380:  Hold'em Limit ($3/$6 USD) - 2017/04/26 13:41:15 ET
Table 'Vienna II' 6-max Seat #4 is the button
Seat 3: Solist62119 ($39.38 in chips)
Seat 4: MTails ($119.75 in chips)
MTails: posts small blind $1
Solist62119: posts big blind $3
*** HOLE CARDS ***
MTails: raises $3 to $6
Solist62119: folds
Uncalled bet ($3) returned to MTails
MTails collected $6 from pot
*** SUMMARY ***
Total pot $6 | Rake $0
Seat 3: Solist62119 (big blind) folded before Flop
Seat 4: MTails (button) (small blind) collected ($6)


PokerStars Hand #169595287283:  Hold'em Limit ($3/$6 USD) - 2017/04/26 15:22:18 ET
Table 'Vienna II' 6-max Seat #2 is the button
Seat 2: RaisemyNut$ ($134 in chips)
Seat 5: krossguard ($199.44 in chips)
RaisemyNut$: posts small blind $1
bloeffer: is sitting out
krossguard: posts big blind $3
*** HOLE CARDS ***
RaisemyNut$: folds
Uncalled bet ($2) returned to krossguard
krossguard collected $2 from pot
krossguard: doesn't show hand
*** SUMMARY ***
Total pot $2 | Rake $0
Seat 2: RaisemyNut$ (button) (small blind) folded before Flop
Seat 5: krossguard (big blind) collected ($2)


PokerStars Hand #169595291944:  Hold'em Limit ($3/$6 USD) - 2017/04/26 15:22:23 ET
Table 'Vienna II' 6-max Seat #5 is the button
Seat 2: RaisemyNut$ ($133 in chips)
Seat 5: krossguard ($200.44 in chips)
krossguard: posts small blind $1
RaisemyNut$: posts big blind $3
*** HOLE CARDS ***
krossguard: raises $3 to $6
RaisemyNut$: raises $3 to $9
bloeffer leaves the table
krossguard: calls $3
*** FLOP *** [Th Qs Qc]
RaisemyNut$: bets $3
krossguard: folds
Uncalled bet ($3) returned to RaisemyNut$
RaisemyNut$ collected $17.64 from pot
RaisemyNut$: doesn't show hand
*** SUMMARY ***
Total pot $18 | Rake $0.36
Board [Th Qs Qc]
Seat 2: RaisemyNut$ (big blind) collected ($17.64)
Seat 5: krossguard (button) (small blind) folded on the Flop


