PokerStars Hand #155548802564:  Hold'em Limit ($3/$6 USD) - 2016/07/04 9:53:25 ET
Table 'Vienna II' 10-max Seat #5 is the button
Seat 5: beekka ($49 in chips)
Seat 6: VolkovDmitri ($150.50 in chips)
beekka: posts small blind $1
VolkovDmitri: posts big blind $3
*** HOLE CARDS ***
beekka: raises $3 to $6
VolkovDmitri: calls $3
*** FLOP *** [4d 8d 6c]
VolkovDmitri: checks
beekka: bets $3
VolkovDmitri: raises $3 to $6
beekka: raises $3 to $9
VolkovDmitri: calls $3
*** TURN *** [4d 8d 6c] [As]
VolkovDmitri: checks
beekka: bets $6
VolkovDmitri: calls $6
*** RIVER *** [4d 8d 6c As] [5h]
VolkovDmitri: checks
beekka: bets $6
VolkovDmitri: folds
Uncalled bet ($6) returned to beekka
beekka collected $41.50 from pot
beekka: doesn't show hand
*** SUMMARY ***
Total pot $42 | Rake $0.50
Board [4d 8d 6c As 5h]
Seat 5: beekka (button) (small blind) collected ($41.50)
Seat 6: VolkovDmitri (big blind) folded on the River


PokerStars Hand #155548775852:  Hold'em Limit ($3/$6 USD) - 2016/07/04 9:52:33 ET
Table 'Vienna II' 10-max Seat #6 is the button
Seat 5: beekka ($79 in chips)
Seat 6: VolkovDmitri ($121 in chips)
VolkovDmitri: posts small blind $1
beekka: posts big blind $3
*** HOLE CARDS ***
VolkovDmitri: raises $3 to $6
beekka: calls $3
*** FLOP *** [6h 7s 5h]
beekka: checks
VolkovDmitri: bets $3
beekka: raises $3 to $6
VolkovDmitri: calls $3
*** TURN *** [6h 7s 5h] [6d]
beekka: bets $6
VolkovDmitri: raises $6 to $12
beekka: calls $6
*** RIVER *** [6h 7s 5h 6d] [Qc]
beekka: bets $6
VolkovDmitri: raises $6 to $12
RockKillerTY joins the table at seat #7
beekka: folds
Uncalled bet ($6) returned to VolkovDmitri
VolkovDmitri collected $59.50 from pot
VolkovDmitri: doesn't show hand
*** SUMMARY ***
Total pot $60 | Rake $0.50
Board [6h 7s 5h 6d Qc]
Seat 5: beekka (big blind) folded on the River
Seat 6: VolkovDmitri (button) (small blind) collected ($59.50)


PokerStars Hand #155548890405:  Hold'em Limit ($3/$6 USD) - 2016/07/04 9:56:23 ET
Table 'Vienna II' 10-max Seat #7 is the button
Seat 5: beekka ($93 in chips)
Seat 7: RockKillerTY ($93 in chips)
RockKillerTY: posts small blind $1
beekka: posts big blind $3
*** HOLE CARDS ***
RockKillerTY: folds
Uncalled bet ($2) returned to beekka
beekka collected $2 from pot
beekka: doesn't show hand
*** SUMMARY ***
Total pot $2 | Rake $0
Seat 5: beekka (big blind) collected ($2)
Seat 7: RockKillerTY (button) (small blind) folded before Flop


PokerStars Hand #155548874298:  Hold'em Limit ($3/$6 USD) - 2016/07/04 9:55:47 ET
Table 'Vienna II' 10-max Seat #5 is the button
Seat 5: beekka ($66.50 in chips)
Seat 7: RockKillerTY ($120 in chips)
beekka: posts small blind $1
RockKillerTY: posts big blind $3
*** HOLE CARDS ***
beekka: raises $3 to $6
RockKillerTY: raises $3 to $9
beekka: raises $3 to $12
Betting is capped
RockKillerTY: calls $3
*** FLOP *** [5h 2c Kd]
RockKillerTY: checks
beekka: bets $3
RockKillerTY: calls $3
*** TURN *** [5h 2c Kd] [4h]
RockKillerTY: checks
beekka: bets $6
RockKillerTY: calls $6
*** RIVER *** [5h 2c Kd 4h] [5d]
RockKillerTY: checks
beekka: bets $6
RockKillerTY: calls $6
*** SHOW DOWN ***
beekka: shows [Ah Jc] (a pair of Fives)
RockKillerTY: mucks hand
beekka collected $53.50 from pot
*** SUMMARY ***
Total pot $54 | Rake $0.50
Board [5h 2c Kd 4h 5d]
Seat 5: beekka (button) (small blind) showed [Ah Jc] and won ($53.50) with a pair of Fives
Seat 7: RockKillerTY (big blind) mucked


PokerStars Hand #155548892288:  Hold'em Limit ($3/$6 USD) - 2016/07/04 9:56:27 ET
Table 'Vienna II' 10-max Seat #5 is the button
Seat 5: beekka ($94 in chips)
Seat 7: RockKillerTY ($92 in chips)
beekka: posts small blind $1
RockKillerTY: posts big blind $3
*** HOLE CARDS ***
beekka: raises $3 to $6
RockKillerTY: calls $3
*** FLOP *** [Kc Kh As]
RockKillerTY: checks
beekka: bets $3
RockKillerTY: folds
Uncalled bet ($3) returned to beekka
beekka collected $11.76 from pot
beekka: doesn't show hand
*** SUMMARY ***
Total pot $12 | Rake $0.24
Board [Kc Kh As]
Seat 5: beekka (button) (small blind) collected ($11.76)
Seat 7: RockKillerTY (big blind) folded on the Flop


PokerStars Hand #155548903585:  Hold'em Limit ($3/$6 USD) - 2016/07/04 9:56:52 ET
Table 'Vienna II' 10-max Seat #7 is the button
Seat 5: beekka ($99.76 in chips)
Seat 7: RockKillerTY ($86 in chips)
RockKillerTY: posts small blind $1
beekka: posts big blind $3
*** HOLE CARDS ***
RockKillerTY: raises $3 to $6
beekka: raises $3 to $9
RockKillerTY: calls $3
*** FLOP *** [9h 8c Jh]
beekka: bets $3
RockKillerTY: calls $3
*** TURN *** [9h 8c Jh] [Ah]
beekka: bets $6
RockKillerTY: folds
Uncalled bet ($6) returned to beekka
beekka collected $23.52 from pot
beekka: doesn't show hand
*** SUMMARY ***
Total pot $24 | Rake $0.48
Board [9h 8c Jh Ah]
Seat 5: beekka (big blind) collected ($23.52)
Seat 7: RockKillerTY (button) (small blind) folded on the Turn


PokerStars Hand #155548924515:  Hold'em Limit ($3/$6 USD) - 2016/07/04 9:57:38 ET
Table 'Vienna II' 10-max Seat #5 is the button
Seat 5: beekka ($111.28 in chips)
Seat 7: RockKillerTY ($74 in chips)
beekka: posts small blind $1
RockKillerTY: posts big blind $3
*** HOLE CARDS ***
beekka has timed out
beekka: folds
Uncalled bet ($2) returned to RockKillerTY
RockKillerTY collected $2 from pot
RockKillerTY: doesn't show hand
*** SUMMARY ***
Total pot $2 | Rake $0
Seat 5: beekka (button) (small blind) folded before Flop
Seat 7: RockKillerTY (big blind) collected ($2)


PokerStars Hand #155548946777:  Hold'em Limit ($3/$6 USD) - 2016/07/04 9:58:27 ET
Table 'Vienna II' 10-max Seat #7 is the button
Seat 5: beekka ($110.28 in chips)
Seat 7: RockKillerTY ($75 in chips)
RockKillerTY: posts small blind $1
beekka: posts big blind $3
*** HOLE CARDS ***
RockKillerTY: folds
Uncalled bet ($2) returned to beekka
beekka collected $2 from pot
beekka: doesn't show hand
*** SUMMARY ***
Total pot $2 | Rake $0
Seat 5: beekka (big blind) collected ($2)
Seat 7: RockKillerTY (button) (small blind) folded before Flop


PokerStars Hand #155548956800:  Hold'em Limit ($3/$6 USD) - 2016/07/04 9:58:49 ET
Table 'Vienna II' 10-max Seat #7 is the button
Seat 5: beekka ($110.28 in chips)
Seat 7: RockKillerTY ($75 in chips)
RockKillerTY: posts small blind $1
beekka: posts big blind $3
*** HOLE CARDS ***
RockKillerTY: folds
Uncalled bet ($2) returned to beekka
beekka collected $2 from pot
beekka: doesn't show hand
*** SUMMARY ***
Total pot $2 | Rake $0
Seat 5: beekka (big blind) collected ($2)
Seat 7: RockKillerTY (button) (small blind) folded before Flop


PokerStars Hand #155548954680:  Hold'em Limit ($3/$6 USD) - 2016/07/04 9:58:44 ET
Table 'Vienna II' 10-max Seat #5 is the button
Seat 5: beekka ($111.28 in chips)
Seat 7: RockKillerTY ($74 in chips)
beekka: posts small blind $1
RockKillerTY: posts big blind $3
*** HOLE CARDS ***
beekka: folds
Uncalled bet ($2) returned to RockKillerTY
RockKillerTY collected $2 from pot
RockKillerTY: doesn't show hand
*** SUMMARY ***
Total pot $2 | Rake $0
Seat 5: beekka (button) (small blind) folded before Flop
Seat 7: RockKillerTY (big blind) collected ($2)


PokerStars Hand #155548959832:  Hold'em Limit ($3/$6 USD) - 2016/07/04 9:58:56 ET
Table 'Vienna II' 10-max Seat #5 is the button
Seat 5: beekka ($111.28 in chips)
Seat 7: RockKillerTY ($74 in chips)
beekka: posts small blind $1
RockKillerTY: posts big blind $3
*** HOLE CARDS ***
beekka: raises $3 to $6
RockKillerTY: calls $3
*** FLOP *** [Qs 3c 9d]
RockKillerTY: checks
beekka: bets $3
RockKillerTY: raises $3 to $6
beekka: calls $3
*** TURN *** [Qs 3c 9d] [7s]
RockKillerTY: bets $6
beekka: calls $6
*** RIVER *** [Qs 3c 9d 7s] [8d]
RockKillerTY: bets $6
beekka: calls $6
*** SHOW DOWN ***
RockKillerTY: shows [Qh 9h] (two pair, Queens and Nines)
beekka: mucks hand
RockKillerTY collected $47.50 from pot
*** SUMMARY ***
Total pot $48 | Rake $0.50
Board [Qs 3c 9d 7s 8d]
Seat 5: beekka (button) (small blind) mucked
Seat 7: RockKillerTY (big blind) showed [Qh 9h] and won ($47.50) with two pair, Queens and Nines


PokerStars Hand #155548978934:  Hold'em Limit ($3/$6 USD) - 2016/07/04 9:59:37 ET
Table 'Vienna II' 10-max Seat #7 is the button
Seat 5: beekka ($87.28 in chips)
Seat 7: RockKillerTY ($97.50 in chips)
RockKillerTY: posts small blind $1
beekka: posts big blind $3
*** HOLE CARDS ***
RockKillerTY: raises $3 to $6
beekka: calls $3
*** FLOP *** [2s Kd 7c]
beekka: checks
RockKillerTY: bets $3
beekka: calls $3
*** TURN *** [2s Kd 7c] [Qd]
beekka: bets $6
RockKillerTY: folds
Uncalled bet ($6) returned to beekka
beekka collected $17.64 from pot
beekka: doesn't show hand
*** SUMMARY ***
Total pot $18 | Rake $0.36
Board [2s Kd 7c Qd]
Seat 5: beekka (big blind) collected ($17.64)
Seat 7: RockKillerTY (button) (small blind) folded on the Turn


PokerStars Hand #155548993603:  Hold'em Limit ($3/$6 USD) - 2016/07/04 10:00:09 ET
Table 'Vienna II' 10-max Seat #5 is the button
Seat 5: beekka ($95.92 in chips)
Seat 7: RockKillerTY ($88.50 in chips)
beekka: posts small blind $1
RockKillerTY: posts big blind $3
*** HOLE CARDS ***
beekka: raises $3 to $6
RockKillerTY: raises $3 to $9
beekka: calls $3
*** FLOP *** [2s Js 2h]
RockKillerTY: bets $3
beekka: calls $3
*** TURN *** [2s Js 2h] [2d]
RockKillerTY: checks
beekka: bets $6
kolaz03 joins the table at seat #6
RockKillerTY: folds
Uncalled bet ($6) returned to beekka
beekka collected $23.52 from pot
beekka: doesn't show hand
*** SUMMARY ***
Total pot $24 | Rake $0.48
Board [2s Js 2h 2d]
Seat 5: beekka (button) (small blind) collected ($23.52)
Seat 7: RockKillerTY (big blind) folded on the Turn


PokerStars Hand #155549008194:  Hold'em Limit ($3/$6 USD) - 2016/07/04 10:00:39 ET
Table 'Vienna II' 10-max Seat #7 is the button
Seat 5: beekka ($107.44 in chips)
Seat 7: RockKillerTY ($76.50 in chips)
RockKillerTY: posts small blind $1
beekka: posts big blind $3
*** HOLE CARDS ***
RockKillerTY: folds
Uncalled bet ($2) returned to beekka
beekka collected $2 from pot
beekka: doesn't show hand
*** SUMMARY ***
Total pot $2 | Rake $0
Seat 5: beekka (big blind) collected ($2)
Seat 7: RockKillerTY (button) (small blind) folded before Flop


PokerStars Hand #155549209239:  Hold'em Limit ($3/$6 USD) - 2016/07/04 10:06:53 ET
Table 'Vienna II' 10-max Seat #5 is the button
Seat 5: beekka ($157.40 in chips)
Seat 6: kolaz03 ($75 in chips)
beekka: posts small blind $1
kolaz03: posts big blind $3
*** HOLE CARDS ***
beekka: folds
Uncalled bet ($2) returned to kolaz03
kolaz03 collected $2 from pot
kolaz03: doesn't show hand
*** SUMMARY ***
Total pot $2 | Rake $0
Seat 5: beekka (button) (small blind) folded before Flop
Seat 6: kolaz03 (big blind) collected ($2)


PokerStars Hand #155549205939:  Hold'em Limit ($3/$6 USD) - 2016/07/04 10:06:47 ET
Table 'Vienna II' 10-max Seat #6 is the button
Seat 5: beekka ($156.40 in chips)
Seat 6: kolaz03 ($76 in chips)
kolaz03: posts small blind $1
beekka: posts big blind $3
*** HOLE CARDS ***
kolaz03: folds
Uncalled bet ($2) returned to beekka
beekka collected $2 from pot
beekka: doesn't show hand
*** SUMMARY ***
Total pot $2 | Rake $0
Seat 5: beekka (big blind) collected ($2)
Seat 6: kolaz03 (button) (small blind) folded before Flop


PokerStars Hand #155549203087:  Hold'em Limit ($3/$6 USD) - 2016/07/04 10:06:41 ET
Table 'Vienna II' 10-max Seat #5 is the button
Seat 5: beekka ($157.40 in chips)
Seat 6: kolaz03 ($75 in chips)
beekka: posts small blind $1
kolaz03: posts big blind $3
*** HOLE CARDS ***
beekka: folds
Uncalled bet ($2) returned to kolaz03
kolaz03 collected $2 from pot
kolaz03: doesn't show hand
*** SUMMARY ***
Total pot $2 | Rake $0
Seat 5: beekka (button) (small blind) folded before Flop
Seat 6: kolaz03 (big blind) collected ($2)


PokerStars Hand #155549197796:  Hold'em Limit ($3/$6 USD) - 2016/07/04 10:06:32 ET
Table 'Vienna II' 10-max Seat #6 is the button
Seat 5: beekka ($160.40 in chips)
Seat 6: kolaz03 ($72 in chips)
kolaz03: posts small blind $1
RockKillerTY: is sitting out
beekka: posts big blind $3
*** HOLE CARDS ***
kolaz03: raises $3 to $6
beekka: folds
Uncalled bet ($3) returned to kolaz03
kolaz03 collected $6 from pot
kolaz03: doesn't show hand
*** SUMMARY ***
Total pot $6 | Rake $0
Seat 5: beekka (big blind) folded before Flop
Seat 6: kolaz03 (button) (small blind) collected ($6)


PokerStars Hand #155549211950:  Hold'em Limit ($3/$6 USD) - 2016/07/04 10:06:58 ET
Table 'Vienna II' 10-max Seat #6 is the button
Seat 5: beekka ($156.40 in chips)
Seat 6: kolaz03 ($76 in chips)
kolaz03: posts small blind $1
beekka: posts big blind $3
*** HOLE CARDS ***
kolaz03: raises $3 to $6
beekka: calls $3
*** FLOP *** [6s 8c Kh]
beekka: checks
kolaz03: bets $3
beekka: calls $3
*** TURN *** [6s 8c Kh] [Ts]
beekka: checks
kolaz03: bets $6
beekka: calls $6
*** RIVER *** [6s 8c Kh Ts] [Js]
beekka: bets $6
kolaz03: folds
Uncalled bet ($6) returned to beekka
beekka collected $29.50 from pot
beekka: doesn't show hand
*** SUMMARY ***
Total pot $30 | Rake $0.50
Board [6s 8c Kh Ts Js]
Seat 5: beekka (big blind) collected ($29.50)
Seat 6: kolaz03 (button) (small blind) folded on the River


PokerStars Hand #155549227475:  Hold'em Limit ($3/$6 USD) - 2016/07/04 10:07:27 ET
Table 'Vienna II' 10-max Seat #5 is the button
Seat 5: beekka ($170.90 in chips)
Seat 6: kolaz03 ($72 in chips)
beekka: posts small blind $1
kolaz03: posts big blind $3
*** HOLE CARDS ***
beekka: raises $3 to $6
kolaz03: calls $3
*** FLOP *** [Ah 8h 4c]
kolaz03: checks
beekka: bets $3
kolaz03: folds
Uncalled bet ($3) returned to beekka
beekka collected $11.76 from pot
beekka: doesn't show hand
*** SUMMARY ***
Total pot $12 | Rake $0.24
Board [Ah 8h 4c]
Seat 5: beekka (button) (small blind) collected ($11.76)
Seat 6: kolaz03 (big blind) folded on the Flop


PokerStars Hand #155549233759:  Hold'em Limit ($3/$6 USD) - 2016/07/04 10:07:39 ET
Table 'Vienna II' 10-max Seat #6 is the button
Seat 5: beekka ($176.66 in chips)
Seat 6: kolaz03 ($72 in chips)
kolaz03: posts small blind $1
beekka: posts big blind $3
*** HOLE CARDS ***
jørgen smith joins the table at seat #10
kolaz03: raises $3 to $6
beekka: raises $3 to $9
kolaz03: calls $3
*** FLOP *** [Jh As 2s]
beekka: bets $3
kolaz03: folds
Uncalled bet ($3) returned to beekka
beekka collected $17.64 from pot
beekka: doesn't show hand
*** SUMMARY ***
Total pot $18 | Rake $0.36
Board [Jh As 2s]
Seat 5: beekka (big blind) collected ($17.64)
Seat 6: kolaz03 (button) (small blind) folded on the Flop


PokerStars Hand #155549244414:  Hold'em Limit ($3/$6 USD) - 2016/07/04 10:07:59 ET
Table 'Vienna II' 10-max Seat #5 is the button
Seat 5: beekka ($185.30 in chips)
Seat 6: kolaz03 ($72 in chips)
beekka: posts small blind $1
kolaz03: posts big blind $3
*** HOLE CARDS ***
beekka: folds
Uncalled bet ($2) returned to kolaz03
kolaz03 collected $2 from pot
kolaz03: doesn't show hand
*** SUMMARY ***
Total pot $2 | Rake $0
Seat 5: beekka (button) (small blind) folded before Flop
Seat 6: kolaz03 (big blind) collected ($2)


PokerStars Hand #155549379096:  Hold'em Limit ($3/$6 USD) - 2016/07/04 10:12:12 ET
Table 'Vienna II' 10-max Seat #9 is the button
Seat 9: Vincenzo Vs ($143.20 in chips)
Seat 10: BrownieSpy ($76 in chips)
Vincenzo Vs: posts small blind $1
BrownieSpy: posts big blind $3
*** HOLE CARDS ***
Vincenzo Vs: calls $2
Makomar leaves the table
BrownieSpy: checks
*** FLOP *** [6s Jc Jh]
BrownieSpy: bets $3
Vincenzo Vs: raises $3 to $6
BrownieSpy: calls $3
*** TURN *** [6s Jc Jh] [9h]
BrownieSpy: checks
Vincenzo Vs: checks
*** RIVER *** [6s Jc Jh 9h] [7s]
BrownieSpy: checks
Vincenzo Vs: checks
*** SHOW DOWN ***
BrownieSpy: shows [6c 4d] (two pair, Jacks and Sixes)
Vincenzo Vs: shows [6d Kh] (two pair, Jacks and Sixes - King kicker)
Vincenzo Vs collected $17.64 from pot
*** SUMMARY ***
Total pot $18 | Rake $0.36
Board [6s Jc Jh 9h 7s]
Seat 9: Vincenzo Vs (button) (small blind) showed [6d Kh] and won ($17.64) with two pair, Jacks and Sixes
Seat 10: BrownieSpy (big blind) showed [6c 4d] and lost with two pair, Jacks and Sixes


PokerStars Hand #155549368299:  Hold'em Limit ($3/$6 USD) - 2016/07/04 10:11:51 ET
Table 'Vienna II' 10-max Seat #10 is the button
Seat 9: Vincenzo Vs ($146.20 in chips)
Seat 10: BrownieSpy ($73 in chips)
BrownieSpy: posts small blind $1
Punkyfee: is sitting out
Makomar: is sitting out
Vincenzo Vs: posts big blind $3
*** HOLE CARDS ***
BrownieSpy: raises $3 to $6
Vincenzo Vs: folds
Uncalled bet ($3) returned to BrownieSpy
BrownieSpy collected $6 from pot
BrownieSpy: doesn't show hand
*** SUMMARY ***
Total pot $6 | Rake $0
Seat 9: Vincenzo Vs (big blind) folded before Flop
Seat 10: BrownieSpy (button) (small blind) collected ($6)


PokerStars Hand #155549402852:  Hold'em Limit ($3/$6 USD) - 2016/07/04 10:12:56 ET
Table 'Vienna II' 10-max Seat #10 is the button
Seat 9: Vincenzo Vs ($151.84 in chips)
Seat 10: BrownieSpy ($72 in chips)
BrownieSpy: posts small blind $1
Vincenzo Vs: posts big blind $3
*** HOLE CARDS ***
BrownieSpy: folds
Uncalled bet ($2) returned to Vincenzo Vs
Vincenzo Vs collected $2 from pot
Vincenzo Vs: doesn't show hand
*** SUMMARY ***
Total pot $2 | Rake $0
Seat 9: Vincenzo Vs (big blind) collected ($2)
Seat 10: BrownieSpy (button) (small blind) folded before Flop


