PokerStars Hand #159995722050:  Hold'em Limit ($3/$6 USD) - 2016/10/16 1:26:40 ET
Table 'Vienna' 6-max Seat #2 is the button
Seat 2: vavosik ($165.74 in chips)
Seat 3: Agrotait ($72 in chips)
vavosik: posts small blind $1
Agrotait: posts big blind $3
*** HOLE CARDS ***
vavosik: raises $3 to $6
Agrotait: calls $3
*** FLOP *** [Qc 8s Kd]
Agrotait: checks
vavosik: bets $3
Agrotait: raises $3 to $6
vavosik: raises $3 to $9
Agrotait: raises $3 to $12
Betting is capped
vavosik: calls $3
*** TURN *** [Qc 8s Kd] [4h]
Agrotait: bets $6
vavosik: folds
Uncalled bet ($6) returned to Agrotait
Agrotait collected $35.50 from pot
Agrotait: doesn't show hand
*** SUMMARY ***
Total pot $36 | Rake $0.50
Board [Qc 8s Kd 4h]
Seat 2: vavosik (button) (small blind) folded on the Turn
Seat 3: Agrotait (big blind) collected ($35.50)


PokerStars Hand #159995742397:  Hold'em Limit ($3/$6 USD) - 2016/10/16 1:28:01 ET
Table 'Vienna' 6-max Seat #3 is the button
Seat 2: vavosik ($129.50 in chips)
Seat 3: Agrotait ($107 in chips)
Agrotait: posts small blind $1
vavosik: posts big blind $3
*** HOLE CARDS ***
Agrotait: raises $3 to $6
vavosik: raises $3 to $9
verde7 joins the table at seat #1
Agrotait: calls $3
*** FLOP *** [Qs 2c Kd]
vavosik: bets $3
Agrotait: calls $3
*** TURN *** [Qs 2c Kd] [Ad]
vavosik: bets $6
Agrotait: calls $6
*** RIVER *** [Qs 2c Kd Ad] [4h]
vavosik: bets $6
Agrotait: calls $6
*** SHOW DOWN ***
vavosik: shows [Jd Ks] (a pair of Kings)
Agrotait: shows [9d Ac] (a pair of Aces)
Agrotait collected $47.50 from pot
*** SUMMARY ***
Total pot $48 | Rake $0.50
Board [Qs 2c Kd Ad 4h]
Seat 2: vavosik (big blind) showed [Jd Ks] and lost with a pair of Kings
Seat 3: Agrotait (button) (small blind) showed [9d Ac] and won ($47.50) with a pair of Aces


PokerStars Hand #159995736602:  Hold'em Limit ($3/$6 USD) - 2016/10/16 1:27:38 ET
Table 'Vienna' 6-max Seat #2 is the button
Seat 2: vavosik ($123.74 in chips)
Seat 3: Agrotait ($113 in chips)
vavosik: posts small blind $1
Agrotait: posts big blind $3
*** HOLE CARDS ***
vavosik: raises $3 to $6
Agrotait: calls $3
*** FLOP *** [3s Kh 7c]
Agrotait: checks
vavosik: bets $3
Agrotait: folds
Uncalled bet ($3) returned to vavosik
vavosik collected $11.76 from pot
*** SUMMARY ***
Total pot $12 | Rake $0.24
Board [3s Kh 7c]
Seat 2: vavosik (button) (small blind) collected ($11.76)
Seat 3: Agrotait (big blind) folded on the Flop


PokerStars Hand #159995730537:  Hold'em Limit ($3/$6 USD) - 2016/10/16 1:27:14 ET
Table 'Vienna' 6-max Seat #3 is the button
Seat 2: vavosik ($147.74 in chips)
Seat 3: Agrotait ($89.50 in chips)
Agrotait: posts small blind $1
vavosik: posts big blind $3
*** HOLE CARDS ***
Agrotait: raises $3 to $6
vavosik: raises $3 to $9
Agrotait: calls $3
*** FLOP *** [7h 7d Jc]
vavosik: bets $3
Agrotait: calls $3
*** TURN *** [7h 7d Jc] [8d]
vavosik: bets $6
Agrotait: calls $6
*** RIVER *** [7h 7d Jc 8d] [3c]
vavosik: bets $6
Agrotait: calls $6
*** SHOW DOWN ***
vavosik: shows [Th Kc] (a pair of Sevens)
Agrotait: shows [Ah 9h] (a pair of Sevens - Ace kicker)
Agrotait collected $47.50 from pot
*** SUMMARY ***
Total pot $48 | Rake $0.50
Board [7h 7d Jc 8d 3c]
Seat 2: vavosik (big blind) showed [Th Kc] and lost with a pair of Sevens
Seat 3: Agrotait (button) (small blind) showed [Ah 9h] and won ($47.50) with a pair of Sevens


PokerStars Hand #159995747224:  Hold'em Limit ($3/$6 USD) - 2016/10/16 1:28:21 ET
Table 'Vienna' 6-max Seat #2 is the button
Seat 2: vavosik ($105.50 in chips)
Seat 3: Agrotait ($130.50 in chips)
vavosik: posts small blind $1
Agrotait: posts big blind $3
*** HOLE CARDS ***
vavosik: raises $3 to $6
Agrotait: calls $3
*** FLOP *** [7h Qh 4c]
Agrotait: checks
vavosik: checks
*** TURN *** [7h Qh 4c] [3h]
Agrotait: checks
vavosik: bets $6
Agrotait: calls $6
*** RIVER *** [7h Qh 4c 3h] [Qd]
Agrotait: checks
vavosik: checks
*** SHOW DOWN ***
Agrotait: shows [3c Tc] (two pair, Queens and Threes)
vavosik: mucks hand
Agrotait collected $23.52 from pot
*** SUMMARY ***
Total pot $24 | Rake $0.48
Board [7h Qh 4c 3h Qd]
Seat 2: vavosik (button) (small blind) mucked
Seat 3: Agrotait (big blind) showed [3c Tc] and won ($23.52) with two pair, Queens and Threes


PokerStars Hand #159995778097:  Hold'em Limit ($3/$6 USD) - 2016/10/16 1:30:24 ET
Table 'Vienna' 6-max Seat #2 is the button
Seat 2: vavosik ($79.57 in chips)
Seat 3: Agrotait ($114.02 in chips)
vavosik: posts small blind $1
Agrotait: posts big blind $3
*** HOLE CARDS ***
vavosik: raises $3 to $6
Agrotait: calls $3
*** FLOP *** [Ac 4d Ts]
Agrotait: checks
vavosik: bets $3
Agrotait: raises $3 to $6
vavosik: calls $3
*** TURN *** [Ac 4d Ts] [Ks]
Agrotait: bets $6
vavosik: raises $6 to $12
Agrotait: calls $6
*** RIVER *** [Ac 4d Ts Ks] [7c]
Agrotait: checks
vavosik: bets $6
Agrotait: calls $6
*** SHOW DOWN ***
vavosik: shows [Kh Ah] (two pair, Aces and Kings)
Agrotait: mucks hand
vavosik collected $59.50 from pot
*** SUMMARY ***
Total pot $60 | Rake $0.50
Board [Ac 4d Ts Ks 7c]
Seat 2: vavosik (button) (small blind) showed [Kh Ah] and won ($59.50) with two pair, Aces and Kings
Seat 3: Agrotait (big blind) mucked


PokerStars Hand #159995773971:  Hold'em Limit ($3/$6 USD) - 2016/10/16 1:30:07 ET
Table 'Vienna' 6-max Seat #3 is the button
Seat 2: vavosik ($70.93 in chips)
Seat 3: Agrotait ($123.02 in chips)
Agrotait: posts small blind $1
vavosik: posts big blind $3
*** HOLE CARDS ***
Agrotait: raises $3 to $6
verde7 leaves the table
vavosik: raises $3 to $9
Agrotait: calls $3
*** FLOP *** [6h 3d Qd]
vavosik: bets $3
Agrotait: folds
Uncalled bet ($3) returned to vavosik
vavosik collected $17.64 from pot
*** SUMMARY ***
Total pot $18 | Rake $0.36
Board [6h 3d Qd]
Seat 2: vavosik (big blind) collected ($17.64)
Seat 3: Agrotait (button) (small blind) folded on the Flop


PokerStars Hand #159995797106:  Hold'em Limit ($3/$6 USD) - 2016/10/16 1:31:39 ET
Table 'Vienna' 6-max Seat #2 is the button
Seat 2: vavosik ($105.57 in chips)
Seat 3: Agrotait ($86.28 in chips)
vavosik: posts small blind $1
Agrotait: posts big blind $3
*** HOLE CARDS ***
vavosik: raises $3 to $6
Agrotait: calls $3
*** FLOP *** [2h Qc 3h]
Agrotait: checks
vavosik: bets $3
Agrotait: folds
Uncalled bet ($3) returned to vavosik
vavosik collected $11.76 from pot
*** SUMMARY ***
Total pot $12 | Rake $0.24
Board [2h Qc 3h]
Seat 2: vavosik (button) (small blind) collected ($11.76)
Seat 3: Agrotait (big blind) folded on the Flop


PokerStars Hand #159995794702:  Hold'em Limit ($3/$6 USD) - 2016/10/16 1:31:29 ET
Table 'Vienna' 6-max Seat #3 is the button
Seat 2: vavosik ($111.57 in chips)
Seat 3: Agrotait ($80.52 in chips)
Agrotait: posts small blind $1
vavosik: posts big blind $3
*** HOLE CARDS ***
Agrotait: raises $3 to $6
vavosik: calls $3
*** FLOP *** [4d Qh Qd]
vavosik: checks
Agrotait: bets $3
vavosik: folds
Uncalled bet ($3) returned to Agrotait
Agrotait collected $11.76 from pot
Agrotait: doesn't show hand
*** SUMMARY ***
Total pot $12 | Rake $0.24
Board [4d Qh Qd]
Seat 2: vavosik (big blind) folded on the Flop
Seat 3: Agrotait (button) (small blind) collected ($11.76)


PokerStars Hand #159995789007:  Hold'em Limit ($3/$6 USD) - 2016/10/16 1:31:07 ET
Table 'Vienna' 6-max Seat #2 is the button
Seat 2: vavosik ($126.57 in chips)
Seat 3: Agrotait ($66.02 in chips)
vavosik: posts small blind $1
Agrotait: posts big blind $3
*** HOLE CARDS ***
vavosik: raises $3 to $6
Agrotait: calls $3
*** FLOP *** [2s 2h Jc]
Agrotait: checks
vavosik: bets $3
Agrotait: calls $3
*** TURN *** [2s 2h Jc] [9s]
Agrotait: checks
vavosik: checks
*** RIVER *** [2s 2h Jc 9s] [9c]
Agrotait: bets $6
vavosik: calls $6
*** SHOW DOWN ***
Agrotait: shows [Jd 9h] (a full house, Nines full of Jacks)
vavosik: mucks hand
Agrotait collected $29.50 from pot
*** SUMMARY ***
Total pot $30 | Rake $0.50
Board [2s 2h Jc 9s 9c]
Seat 2: vavosik (button) (small blind) mucked
Seat 3: Agrotait (big blind) showed [Jd 9h] and won ($29.50) with a full house, Nines full of Jacks


PokerStars Hand #159995815752:  Hold'em Limit ($3/$6 USD) - 2016/10/16 1:32:54 ET
Table 'Vienna' 6-max Seat #2 is the button
Seat 2: vavosik ($118.83 in chips)
Seat 3: Agrotait ($71.92 in chips)
vavosik: posts small blind $1
Agrotait: posts big blind $3
*** HOLE CARDS ***
vavosik: raises $3 to $6
Agrotait: calls $3
*** FLOP *** [Ts 7s Qd]
Agrotait: checks
vavosik: bets $3
Agrotait: folds
Uncalled bet ($3) returned to vavosik
vavosik collected $11.76 from pot
*** SUMMARY ***
Total pot $12 | Rake $0.24
Board [Ts 7s Qd]
Seat 2: vavosik (button) (small blind) collected ($11.76)
Seat 3: Agrotait (big blind) folded on the Flop


PokerStars Hand #159995811980:  Hold'em Limit ($3/$6 USD) - 2016/10/16 1:32:38 ET
Table 'Vienna' 6-max Seat #3 is the button
Seat 2: vavosik ($101.33 in chips)
Seat 3: Agrotait ($89.92 in chips)
Agrotait: posts small blind $1
vavosik: posts big blind $3
*** HOLE CARDS ***
Agrotait: raises $3 to $6
vavosik: raises $3 to $9
Agrotait: calls $3
*** FLOP *** [6c Ks 9d]
vavosik: bets $3
Agrotait: calls $3
*** TURN *** [6c Ks 9d] [4h]
vavosik: bets $6
Agrotait: calls $6
*** RIVER *** [6c Ks 9d 4h] [As]
vavosik: checks
Agrotait: checks
*** SHOW DOWN ***
vavosik: shows [Kd 3c] (a pair of Kings)
Agrotait: mucks hand
vavosik collected $35.50 from pot
*** SUMMARY ***
Total pot $36 | Rake $0.50
Board [6c Ks 9d 4h As]
Seat 2: vavosik (big blind) showed [Kd 3c] and won ($35.50) with a pair of Kings
Seat 3: Agrotait (button) (small blind) mucked


PokerStars Hand #159995810482:  Hold'em Limit ($3/$6 USD) - 2016/10/16 1:32:33 ET
Table 'Vienna' 6-max Seat #2 is the button
Seat 2: vavosik ($102.33 in chips)
Seat 3: Agrotait ($88.92 in chips)
vavosik: posts small blind $1
Agrotait: posts big blind $3
*** HOLE CARDS ***
vavosik: folds
Uncalled bet ($2) returned to Agrotait
Agrotait collected $2 from pot
Agrotait: doesn't show hand
*** SUMMARY ***
Total pot $2 | Rake $0
Seat 2: vavosik (button) (small blind) folded before Flop
Seat 3: Agrotait (big blind) collected ($2)


PokerStars Hand #159995804138:  Hold'em Limit ($3/$6 USD) - 2016/10/16 1:32:07 ET
Table 'Vienna' 6-max Seat #3 is the button
Seat 2: vavosik ($111.33 in chips)
Seat 3: Agrotait ($80.28 in chips)
Agrotait: posts small blind $1
vavosik: posts big blind $3
*** HOLE CARDS ***
Agrotait: raises $3 to $6
vavosik: calls $3
*** FLOP *** [4c 2h 3s]
vavosik: checks
Agrotait: bets $3
vavosik: calls $3
*** TURN *** [4c 2h 3s] [8h]
vavosik: checks
Agrotait: bets $6
vavosik: folds
Uncalled bet ($6) returned to Agrotait
Agrotait collected $17.64 from pot
Agrotait: doesn't show hand
*** SUMMARY ***
Total pot $18 | Rake $0.36
Board [4c 2h 3s 8h]
Seat 2: vavosik (big blind) folded on the Turn
Seat 3: Agrotait (button) (small blind) collected ($17.64)


PokerStars Hand #159995832332:  Hold'em Limit ($3/$6 USD) - 2016/10/16 1:34:00 ET
Table 'Vienna' 6-max Seat #2 is the button
Seat 2: vavosik ($119.09 in chips)
Seat 3: Agrotait ($94.50 in chips)
vavosik: posts small blind $1
Agrotait: posts big blind $3
*** HOLE CARDS ***
vavosik: raises $3 to $6
Agrotait: calls $3
*** FLOP *** [Kh 3s 9c]
Agrotait: checks
vavosik: bets $3
Agrotait: folds
Uncalled bet ($3) returned to vavosik
vavosik collected $11.76 from pot
*** SUMMARY ***
Total pot $12 | Rake $0.24
Board [Kh 3s 9c]
Seat 2: vavosik (button) (small blind) collected ($11.76)
Seat 3: Agrotait (big blind) folded on the Flop


PokerStars Hand #159995830494:  Hold'em Limit ($3/$6 USD) - 2016/10/16 1:33:53 ET
Table 'Vienna' 6-max Seat #3 is the button
Seat 2: vavosik ($118.09 in chips)
Seat 3: Agrotait ($95.50 in chips)
Agrotait: posts small blind $1
vavosik: posts big blind $3
*** HOLE CARDS ***
Agrotait: folds
Uncalled bet ($2) returned to vavosik
vavosik collected $2 from pot
*** SUMMARY ***
Total pot $2 | Rake $0
Seat 2: vavosik (big blind) collected ($2)
Seat 3: Agrotait (button) (small blind) folded before Flop


PokerStars Hand #159995824905:  Hold'em Limit ($3/$6 USD) - 2016/10/16 1:33:30 ET
Table 'Vienna' 6-max Seat #2 is the button
Seat 2: vavosik ($142.09 in chips)
Seat 3: Agrotait ($72 in chips)
vavosik: posts small blind $1
Agrotait: posts big blind $3
*** HOLE CARDS ***
vavosik: raises $3 to $6
Agrotait: raises $3 to $9
vavosik: calls $3
*** FLOP *** [Kc 5h 3d]
Agrotait: bets $3
vavosik: calls $3
*** TURN *** [Kc 5h 3d] [As]
Agrotait: checks
vavosik: bets $6
Agrotait: calls $6
*** RIVER *** [Kc 5h 3d As] [Qd]
Agrotait: checks
vavosik: bets $6
Agrotait: raises $6 to $12
vavosik: folds
Uncalled bet ($6) returned to Agrotait
Agrotait collected $47.50 from pot
Agrotait: doesn't show hand
*** SUMMARY ***
Total pot $48 | Rake $0.50
Board [Kc 5h 3d As Qd]
Seat 2: vavosik (button) (small blind) folded on the River
Seat 3: Agrotait (big blind) collected ($47.50)


PokerStars Hand #159995820129:  Hold'em Limit ($3/$6 USD) - 2016/10/16 1:33:11 ET
Table 'Vienna' 6-max Seat #3 is the button
Seat 2: vavosik ($124.59 in chips)
Seat 3: Agrotait ($65.92 in chips)
Agrotait: posts small blind $1
vavosik: posts big blind $3
*** HOLE CARDS ***
Agrotait: raises $3 to $6
vavosik: calls $3
*** FLOP *** [Ts Tc Kc]
vavosik: checks
Agrotait: checks
*** TURN *** [Ts Tc Kc] [6s]
vavosik: checks
Agrotait: bets $6
vavosik: calls $6
*** RIVER *** [Ts Tc Kc 6s] [7c]
vavosik: bets $6
Agrotait: calls $6
*** SHOW DOWN ***
vavosik: shows [5c 8c] (a flush, King high)
Agrotait: mucks hand
vavosik collected $35.50 from pot
*** SUMMARY ***
Total pot $36 | Rake $0.50
Board [Ts Tc Kc 6s 7c]
Seat 2: vavosik (big blind) showed [5c 8c] and won ($35.50) with a flush, King high
Seat 3: Agrotait (button) (small blind) mucked


PokerStars Hand #159995842808:  Hold'em Limit ($3/$6 USD) - 2016/10/16 1:34:43 ET
Table 'Vienna' 6-max Seat #2 is the button
Seat 2: vavosik ($85.85 in chips)
Seat 3: Agrotait ($127 in chips)
vavosik: posts small blind $1
Agrotait: posts big blind $3
*** HOLE CARDS ***
vavosik: raises $3 to $6
Agrotait: calls $3
*** FLOP *** [4d 8h 3c]
Agrotait: checks
vavosik: bets $3
Agrotait: calls $3
*** TURN *** [4d 8h 3c] [9d]
Agrotait: checks
vavosik: bets $6
Agrotait: calls $6
*** RIVER *** [4d 8h 3c 9d] [5s]
Agrotait: checks
vavosik: bets $6
Agrotait: raises $6 to $12
vavosik: calls $6
*** SHOW DOWN ***
Agrotait: shows [2h Ah] (a straight, Ace to Five)
vavosik: mucks hand
Agrotait collected $53.50 from pot
*** SUMMARY ***
Total pot $54 | Rake $0.50
Board [4d 8h 3c 9d 5s]
Seat 2: vavosik (button) (small blind) mucked
Seat 3: Agrotait (big blind) showed [2h Ah] and won ($53.50) with a straight, Ace to Five


PokerStars Hand #159995835778:  Hold'em Limit ($3/$6 USD) - 2016/10/16 1:34:14 ET
Table 'Vienna' 6-max Seat #3 is the button
Seat 2: vavosik ($124.85 in chips)
Seat 3: Agrotait ($88.50 in chips)
Agrotait: posts small blind $1
vavosik: posts big blind $3
*** HOLE CARDS ***
Darts joins the table at seat #4
Agrotait: raises $3 to $6
vavosik: calls $3
*** FLOP *** [8h 8s 7c]
vavosik: checks
Agrotait: bets $3
vavosik: calls $3
*** TURN *** [8h 8s 7c] [Ac]
vavosik: checks
Agrotait: bets $6
vavosik: raises $6 to $12
Agrotait: raises $6 to $18
vavosik: raises $6 to $24
Betting is capped
Agrotait: calls $6
*** RIVER *** [8h 8s 7c Ac] [Qc]
vavosik: bets $6
Agrotait: raises $6 to $12
vavosik: folds
Uncalled bet ($6) returned to Agrotait
Agrotait collected $77.50 from pot
Agrotait: doesn't show hand
*** SUMMARY ***
Total pot $78 | Rake $0.50
Board [8h 8s 7c Ac Qc]
Seat 2: vavosik (big blind) folded on the River
Seat 3: Agrotait (button) (small blind) collected ($77.50)


PokerStars Hand #159995865692:  Hold'em Limit ($3/$6 USD) - 2016/10/16 1:36:15 ET
Table 'Vienna' 6-max Seat #3 is the button
Seat 2: vavosik ($37.85 in chips)
Seat 3: Agrotait ($164.84 in chips)
Agrotait: posts small blind $1
Darts: is sitting out
vavosik: posts big blind $3
*** HOLE CARDS ***
Agrotait: raises $3 to $6
vavosik: folds
Uncalled bet ($3) returned to Agrotait
Agrotait collected $6 from pot
Agrotait: doesn't show hand
Darts leaves the table
*** SUMMARY ***
Total pot $6 | Rake $0
Seat 2: vavosik (big blind) folded before Flop
Seat 3: Agrotait (button) (small blind) collected ($6)


PokerStars Hand #159995875695:  Hold'em Limit ($3/$6 USD) - 2016/10/16 1:36:52 ET
Table 'Vienna' 6-max Seat #2 is the button
Seat 2: vavosik ($52.35 in chips)
Seat 3: Agrotait ($149.84 in chips)
vavosik: posts small blind $1
Agrotait: posts big blind $3
*** HOLE CARDS ***
vavosik: raises $3 to $6
Agrotait: calls $3
*** FLOP *** [9d Qh 8s]
Agrotait: checks
vavosik: bets $3
Agrotait: raises $3 to $6
vavosik: calls $3
*** TURN *** [9d Qh 8s] [3c]
Agrotait: checks
vavosik: bets $6
Agrotait: calls $6
*** RIVER *** [9d Qh 8s 3c] [Qd]
Agrotait: checks
vavosik: bets $6
Agrotait: calls $6
*** SHOW DOWN ***
vavosik: shows [Kc 5c] (a pair of Queens)
Agrotait: shows [Ad 8d] (two pair, Queens and Eights)
Agrotait collected $47.50 from pot
*** SUMMARY ***
Total pot $48 | Rake $0.50
Board [9d Qh 8s 3c Qd]
Seat 2: vavosik (button) (small blind) showed [Kc 5c] and lost with a pair of Queens
Seat 3: Agrotait (big blind) showed [Ad 8d] and won ($47.50) with two pair, Queens and Eights


PokerStars Hand #159995869043:  Hold'em Limit ($3/$6 USD) - 2016/10/16 1:36:28 ET
Table 'Vienna' 6-max Seat #3 is the button
Seat 2: vavosik ($37.85 in chips)
Seat 3: Agrotait ($164.84 in chips)
Agrotait: posts small blind $1
vavosik: posts big blind $3
*** HOLE CARDS ***
Agrotait: raises $3 to $6
vavosik: calls $3
*** FLOP *** [Ac Qd 4c]
vavosik: checks
Agrotait: bets $3
vavosik: calls $3
*** TURN *** [Ac Qd 4c] [2s]
vavosik: checks
Agrotait: bets $6
vavosik: calls $6
*** RIVER *** [Ac Qd 4c 2s] [3d]
vavosik: checks
Agrotait: checks
*** SHOW DOWN ***
vavosik: shows [6h 6d] (a pair of Sixes)
Agrotait: mucks hand
vavosik collected $29.50 from pot
*** SUMMARY ***
Total pot $30 | Rake $0.50
Board [Ac Qd 4c 2s 3d]
Seat 2: vavosik (big blind) showed [6h 6d] and won ($29.50) with a pair of Sixes
Seat 3: Agrotait (button) (small blind) mucked


PokerStars Hand #159995867476:  Hold'em Limit ($3/$6 USD) - 2016/10/16 1:36:22 ET
Table 'Vienna' 6-max Seat #2 is the button
Seat 2: vavosik ($34.85 in chips)
Seat 3: Agrotait ($167.84 in chips)
vavosik: posts small blind $1
Agrotait: posts big blind $3
*** HOLE CARDS ***
vavosik: raises $3 to $6
Agrotait: folds
Uncalled bet ($3) returned to vavosik
vavosik collected $6 from pot
*** SUMMARY ***
Total pot $6 | Rake $0
Seat 2: vavosik (button) (small blind) collected ($6)
Seat 3: Agrotait (big blind) folded before Flop


PokerStars Hand #159995890248:  Hold'em Limit ($3/$6 USD) - 2016/10/16 1:37:50 ET
Table 'Vienna' 6-max Seat #2 is the button
Seat 2: vavosik ($42.85 in chips)
Seat 3: Agrotait ($158.34 in chips)
vavosik: posts small blind $1
Agrotait: posts big blind $3
*** HOLE CARDS ***
vavosik: raises $3 to $6
Agrotait: calls $3
*** FLOP *** [8c 9c Ac]
Agrotait: checks
vavosik: bets $3
Agrotait: calls $3
*** TURN *** [8c 9c Ac] [Qh]
Agrotait: checks
vavosik: bets $6
Agrotait: calls $6
*** RIVER *** [8c 9c Ac Qh] [Qs]
Agrotait: checks
vavosik: bets $6
Agrotait: folds
Uncalled bet ($6) returned to vavosik
vavosik collected $29.50 from pot
*** SUMMARY ***
Total pot $30 | Rake $0.50
Board [8c 9c Ac Qh Qs]
Seat 2: vavosik (button) (small blind) collected ($29.50)
Seat 3: Agrotait (big blind) folded on the River


PokerStars Hand #159995889032:  Hold'em Limit ($3/$6 USD) - 2016/10/16 1:37:45 ET
Table 'Vienna' 6-max Seat #3 is the button
Seat 2: vavosik ($41.85 in chips)
Seat 3: Agrotait ($159.34 in chips)
Agrotait: posts small blind $1
vavosik: posts big blind $3
*** HOLE CARDS ***
Agrotait: folds
Uncalled bet ($2) returned to vavosik
vavosik collected $2 from pot
*** SUMMARY ***
Total pot $2 | Rake $0
Seat 2: vavosik (big blind) collected ($2)
Seat 3: Agrotait (button) (small blind) folded before Flop


PokerStars Hand #159995887597:  Hold'em Limit ($3/$6 USD) - 2016/10/16 1:37:40 ET
Table 'Vienna' 6-max Seat #2 is the button
Seat 2: vavosik ($42.85 in chips)
Seat 3: Agrotait ($158.34 in chips)
vavosik: posts small blind $1
Agrotait: posts big blind $3
*** HOLE CARDS ***
vavosik: folds
Uncalled bet ($2) returned to Agrotait
Agrotait collected $2 from pot
Agrotait: doesn't show hand
*** SUMMARY ***
Total pot $2 | Rake $0
Seat 2: vavosik (button) (small blind) folded before Flop
Seat 3: Agrotait (big blind) collected ($2)


PokerStars Hand #159995882757:  Hold'em Limit ($3/$6 USD) - 2016/10/16 1:37:21 ET
Table 'Vienna' 6-max Seat #3 is the button
Seat 2: vavosik ($28.35 in chips)
Seat 3: Agrotait ($173.34 in chips)
Agrotait: posts small blind $1
vavosik: posts big blind $3
*** HOLE CARDS ***
Agrotait: raises $3 to $6
vavosik: calls $3
*** FLOP *** [7c 6s Kh]
vavosik: checks
Agrotait: bets $3
vavosik: calls $3
*** TURN *** [7c 6s Kh] [5c]
vavosik: checks
Agrotait: checks
*** RIVER *** [7c 6s Kh 5c] [3d]
vavosik: bets $6
Agrotait: calls $6
*** SHOW DOWN ***
vavosik: shows [4d 5s] (a straight, Three to Seven)
Agrotait: mucks hand
vavosik collected $29.50 from pot
*** SUMMARY ***
Total pot $30 | Rake $0.50
Board [7c 6s Kh 5c 3d]
Seat 2: vavosik (big blind) showed [4d 5s] and won ($29.50) with a straight, Three to Seven
Seat 3: Agrotait (button) (small blind) mucked


PokerStars Hand #159995902829:  Hold'em Limit ($3/$6 USD) - 2016/10/16 1:38:40 ET
Table 'Vienna' 6-max Seat #2 is the button
Seat 2: vavosik ($30.35 in chips)
Seat 3: Agrotait ($169.84 in chips)
vavosik: posts small blind $1
Agrotait: posts big blind $3
*** HOLE CARDS ***
vavosik: raises $3 to $6
Agrotait: calls $3
*** FLOP *** [5c 2h 2c]
Agrotait: checks
vavosik: checks
*** TURN *** [5c 2h 2c] [9h]
Agrotait: bets $6
vavosik: folds
Uncalled bet ($6) returned to Agrotait
Agrotait collected $11.76 from pot
Agrotait: doesn't show hand
*** SUMMARY ***
Total pot $12 | Rake $0.24
Board [5c 2h 2c 9h]
Seat 2: vavosik (button) (small blind) folded on the Turn
Seat 3: Agrotait (big blind) collected ($11.76)


PokerStars Hand #159995895764:  Hold'em Limit ($3/$6 USD) - 2016/10/16 1:38:12 ET
Table 'Vienna' 6-max Seat #3 is the button
Seat 2: vavosik ($57.35 in chips)
Seat 3: Agrotait ($143.34 in chips)
Agrotait: posts small blind $1
vavosik: posts big blind $3
*** HOLE CARDS ***
Agrotait: calls $2
vavosik: raises $3 to $6
Agrotait: calls $3
*** FLOP *** [Tc 5h 7h]
vavosik: bets $3
Agrotait: calls $3
*** TURN *** [Tc 5h 7h] [Kc]
vavosik: bets $6
Agrotait: calls $6
*** RIVER *** [Tc 5h 7h Kc] [5c]
vavosik: bets $6
Agrotait: raises $6 to $12
vavosik: calls $6
*** SHOW DOWN ***
Agrotait: shows [5s Jh] (three of a kind, Fives)
vavosik: mucks hand
Agrotait collected $53.50 from pot
*** SUMMARY ***
Total pot $54 | Rake $0.50
Board [Tc 5h 7h Kc 5c]
Seat 2: vavosik (big blind) mucked
Seat 3: Agrotait (button) (small blind) showed [5s Jh] and won ($53.50) with three of a kind, Fives


PokerStars Hand #159995924539:  Hold'em Limit ($3/$6 USD) - 2016/10/16 1:40:06 ET
Table 'Vienna' 6-max Seat #3 is the button
Seat 2: vavosik ($16.37 in chips)
Seat 3: Agrotait ($182.77 in chips)
Agrotait: posts small blind $1
vavosik: posts big blind $3
*** HOLE CARDS ***
Agrotait: folds
Uncalled bet ($2) returned to vavosik
vavosik collected $2 from pot
*** SUMMARY ***
Total pot $2 | Rake $0
Seat 2: vavosik (big blind) collected ($2)
Seat 3: Agrotait (button) (small blind) folded before Flop


PokerStars Hand #159995921217:  Hold'em Limit ($3/$6 USD) - 2016/10/16 1:39:53 ET
Table 'Vienna' 6-max Seat #2 is the button
Seat 2: vavosik ($8.35 in chips)
Seat 3: Agrotait ($191.12 in chips)
vavosik: posts small blind $1
Agrotait: posts big blind $3
*** HOLE CARDS ***
vavosik: raises $3 to $6
Agrotait: raises $3 to $9
vavosik: calls $2.35 and is all-in
Uncalled bet ($0.65) returned to Agrotait
*** FLOP *** [3s Tc 5c]
*** TURN *** [3s Tc 5c] [5d]
*** RIVER *** [3s Tc 5c 5d] [3d]
*** SHOW DOWN ***
Agrotait: shows [Ah Qd] (two pair, Fives and Threes)
vavosik: shows [Ks Td] (two pair, Tens and Fives)
vavosik collected $16.37 from pot
*** SUMMARY ***
Total pot $16.70 | Rake $0.33
Board [3s Tc 5c 5d 3d]
Seat 2: vavosik (button) (small blind) showed [Ks Td] and won ($16.37) with two pair, Tens and Fives
Seat 3: Agrotait (big blind) showed [Ah Qd] and lost with two pair, Fives and Threes


PokerStars Hand #159995919348:  Hold'em Limit ($3/$6 USD) - 2016/10/16 1:39:45 ET
Table 'Vienna' 6-max Seat #3 is the button
Seat 2: vavosik ($11.35 in chips)
Seat 3: Agrotait ($188.12 in chips)
Agrotait: posts small blind $1
vavosik: posts big blind $3
*** HOLE CARDS ***
Agrotait: raises $3 to $6
vavosik: folds
Uncalled bet ($3) returned to Agrotait
Agrotait collected $6 from pot
Agrotait: doesn't show hand
*** SUMMARY ***
Total pot $6 | Rake $0
Seat 2: vavosik (big blind) folded before Flop
Seat 3: Agrotait (button) (small blind) collected ($6)


PokerStars Hand #159995917965:  Hold'em Limit ($3/$6 USD) - 2016/10/16 1:39:40 ET
Table 'Vienna' 6-max Seat #2 is the button
Seat 2: vavosik ($12.35 in chips)
Seat 3: Agrotait ($187.12 in chips)
vavosik: posts small blind $1
Agrotait: posts big blind $3
*** HOLE CARDS ***
vavosik: folds
Uncalled bet ($2) returned to Agrotait
Agrotait collected $2 from pot
Agrotait: doesn't show hand
*** SUMMARY ***
Total pot $2 | Rake $0
Seat 2: vavosik (button) (small blind) folded before Flop
Seat 3: Agrotait (big blind) collected ($2)


PokerStars Hand #159995909821:  Hold'em Limit ($3/$6 USD) - 2016/10/16 1:39:07 ET
Table 'Vienna' 6-max Seat #3 is the button
Seat 2: vavosik ($24.35 in chips)
Seat 3: Agrotait ($175.60 in chips)
Agrotait: posts small blind $1
vavosik: posts big blind $3
*** HOLE CARDS ***
Agrotait: raises $3 to $6
vavosik: raises $3 to $9
Agrotait: calls $3
*** FLOP *** [8h 9d Js]
vavosik: bets $3
Agrotait: calls $3
*** TURN *** [8h 9d Js] [Kc]
vavosik: checks
Agrotait: bets $6
vavosik: folds
Uncalled bet ($6) returned to Agrotait
Agrotait collected $23.52 from pot
Agrotait: doesn't show hand
*** SUMMARY ***
Total pot $24 | Rake $0.48
Board [8h 9d Js Kc]
Seat 2: vavosik (big blind) folded on the Turn
Seat 3: Agrotait (button) (small blind) collected ($23.52)


PokerStars Hand #159995940703:  Hold'em Limit ($3/$6 USD) - 2016/10/16 1:40:31 ET
Table 'Vienna' 6-max Seat #3 is the button
Seat 2: vavosik ($34.24 in chips)
Seat 3: Agrotait ($164.40 in chips)
Agrotait: posts small blind $1
vavosik: posts big blind $3
*** HOLE CARDS ***
Agrotait: raises $3 to $6
vavosik: calls $3
*** FLOP *** [4s Kh 4c]
vavosik: checks
Agrotait: checks
*** TURN *** [4s Kh 4c] [5c]
vavosik: bets $6
Agrotait: calls $6
*** RIVER *** [4s Kh 4c 5c] [Ac]
vavosik: bets $6
Agrotait: calls $6
*** SHOW DOWN ***
vavosik: shows [Jh Qd] (a pair of Fours)
Agrotait: shows [Ad 6h] (two pair, Aces and Fours)
Agrotait collected $35.50 from pot
*** SUMMARY ***
Total pot $36 | Rake $0.50
Board [4s Kh 4c 5c Ac]
Seat 2: vavosik (big blind) showed [Jh Qd] and lost with a pair of Fours
Seat 3: Agrotait (button) (small blind) showed [Ad 6h] and won ($35.50) with two pair, Aces and Fours


PokerStars Hand #159995926366:  Hold'em Limit ($3/$6 USD) - 2016/10/16 1:40:13 ET
Table 'Vienna' 6-max Seat #2 is the button
Seat 2: vavosik ($17.37 in chips)
Seat 3: Agrotait ($181.77 in chips)
vavosik: posts small blind $1
Agrotait: posts big blind $3
*** HOLE CARDS ***
vavosik: raises $3 to $6
Agrotait: calls $3
*** FLOP *** [7h Qh 2c]
Agrotait: checks
vavosik: bets $3
Agrotait: calls $3
*** TURN *** [7h Qh 2c] [Kh]
Agrotait: checks
vavosik: bets $6
Agrotait: raises $6 to $12
vavosik: calls $2.37 and is all-in
Uncalled bet ($3.63) returned to Agrotait
*** RIVER *** [7h Qh 2c Kh] [2h]
*** SHOW DOWN ***
Agrotait: shows [Qd 9s] (two pair, Queens and Deuces)
vavosik: shows [Ad Qc] (two pair, Queens and Deuces - Ace kicker)
vavosik collected $34.24 from pot
*** SUMMARY ***
Total pot $34.74 | Rake $0.50
Board [7h Qh 2c Kh 2h]
Seat 2: vavosik (button) (small blind) showed [Ad Qc] and won ($34.24) with two pair, Queens and Deuces
Seat 3: Agrotait (big blind) showed [Qd 9s] and lost with two pair, Queens and Deuces


PokerStars Hand #159995944576:  Hold'em Limit ($3/$6 USD) - 2016/10/16 1:40:46 ET
Table 'Vienna' 6-max Seat #2 is the button
Seat 2: vavosik ($16.24 in chips)
Seat 3: Agrotait ($181.90 in chips)
vavosik: posts small blind $1
Agrotait: posts big blind $3
*** HOLE CARDS ***
vavosik: raises $3 to $6
Agrotait: calls $3
*** FLOP *** [Kh 5h 4c]
Agrotait: checks
vavosik: bets $3
Agrotait: raises $3 to $6
vavosik: raises $3 to $9
Agrotait: raises $3 to $12
Betting is capped
vavosik: calls $1.24 and is all-in
Uncalled bet ($1.76) returned to Agrotait
*** TURN *** [Kh 5h 4c] [Jh]
*** RIVER *** [Kh 5h 4c Jh] [Qc]
*** SHOW DOWN ***
Agrotait: shows [4s Qs] (two pair, Queens and Fours)
vavosik: shows [2h 2d] (a pair of Deuces)
Agrotait collected $31.98 from pot
*** SUMMARY ***
Total pot $32.48 | Rake $0.50
Board [Kh 5h 4c Jh Qc]
Seat 2: vavosik (button) (small blind) showed [2h 2d] and lost with a pair of Deuces
Seat 3: Agrotait (big blind) showed [4s Qs] and won ($31.98) with two pair, Queens and Fours


PokerStars Hand #159995961142:  Hold'em Limit ($3/$6 USD) - 2016/10/16 1:41:52 ET
Table 'Vienna' 6-max Seat #3 is the button
Seat 3: Agrotait ($197.64 in chips)
Seat 4: sarasa46 ($74.25 in chips)
Agrotait: posts small blind $1
sarasa46: posts big blind $3
*** HOLE CARDS ***
Agrotait: raises $3 to $6
sarasa46: calls $3
*** FLOP *** [3h Qs Js]
sarasa46: checks
Agrotait: bets $3
sarasa46: raises $3 to $6
vavosik leaves the table
Agrotait: calls $3
*** TURN *** [3h Qs Js] [3s]
sarasa46: checks
Agrotait: checks
*** RIVER *** [3h Qs Js 3s] [4c]
sarasa46: checks
Agrotait: checks
*** SHOW DOWN ***
sarasa46: shows [9c Kd] (a pair of Threes)
Agrotait: shows [Tc Kc] (a pair of Threes)
sarasa46 collected $11.76 from pot
Agrotait collected $11.76 from pot
*** SUMMARY ***
Total pot $24 | Rake $0.48
Board [3h Qs Js 3s 4c]
Seat 3: Agrotait (button) (small blind) showed [Tc Kc] and won ($11.76) with a pair of Threes
Seat 4: sarasa46 (big blind) showed [9c Kd] and won ($11.76) with a pair of Threes


PokerStars Hand #159995979691:  Hold'em Limit ($3/$6 USD) - 2016/10/16 1:43:06 ET
Table 'Vienna' 6-max Seat #4 is the button
Seat 3: Agrotait ($197.40 in chips)
Seat 4: sarasa46 ($74.01 in chips)
sarasa46: posts small blind $1
Agrotait: posts big blind $3
*** HOLE CARDS ***
sarasa46: raises $3 to $6
Agrotait: calls $3
*** FLOP *** [Ah Ac Js]
Agrotait: checks
sarasa46: checks
*** TURN *** [Ah Ac Js] [8c]
Agrotait: checks
sarasa46: bets $6
Agrotait: calls $6
*** RIVER *** [Ah Ac Js 8c] [8d]
Agrotait: checks
sarasa46: bets $6
Agrotait: calls $6
*** SHOW DOWN ***
sarasa46: shows [4d Ad] (a full house, Aces full of Eights)
Agrotait: mucks hand
sarasa46 collected $35.50 from pot
*** SUMMARY ***
Total pot $36 | Rake $0.50
Board [Ah Ac Js 8c 8d]
Seat 3: Agrotait (big blind) mucked
Seat 4: sarasa46 (button) (small blind) showed [4d Ad] and won ($35.50) with a full house, Aces full of Eights


PokerStars Hand #159995986633:  Hold'em Limit ($3/$6 USD) - 2016/10/16 1:43:33 ET
Table 'Vienna' 6-max Seat #3 is the button
Seat 3: Agrotait ($179.40 in chips)
Seat 4: sarasa46 ($91.51 in chips)
Agrotait: posts small blind $1
sarasa46: posts big blind $3
*** HOLE CARDS ***
Agrotait: raises $3 to $6
sarasa46: calls $3
*** FLOP *** [2h 8h Qh]
sarasa46: checks
Agrotait: bets $3
sarasa46: folds
Uncalled bet ($3) returned to Agrotait
Agrotait collected $11.76 from pot
Agrotait: doesn't show hand
*** SUMMARY ***
Total pot $12 | Rake $0.24
Board [2h 8h Qh]
Seat 3: Agrotait (button) (small blind) collected ($11.76)
Seat 4: sarasa46 (big blind) folded on the Flop


PokerStars Hand #159995991652:  Hold'em Limit ($3/$6 USD) - 2016/10/16 1:43:53 ET
Table 'Vienna' 6-max Seat #4 is the button
Seat 3: Agrotait ($185.16 in chips)
Seat 4: sarasa46 ($85.51 in chips)
sarasa46: posts small blind $1
Agrotait: posts big blind $3
*** HOLE CARDS ***
sarasa46: folds
Uncalled bet ($2) returned to Agrotait
Agrotait collected $2 from pot
Agrotait: doesn't show hand
*** SUMMARY ***
Total pot $2 | Rake $0
Seat 3: Agrotait (big blind) collected ($2)
Seat 4: sarasa46 (button) (small blind) folded before Flop


PokerStars Hand #159995993391:  Hold'em Limit ($3/$6 USD) - 2016/10/16 1:44:00 ET
Table 'Vienna' 6-max Seat #3 is the button
Seat 3: Agrotait ($186.16 in chips)
Seat 4: sarasa46 ($84.51 in chips)
Agrotait: posts small blind $1
sarasa46: posts big blind $3
*** HOLE CARDS ***
Agrotait: raises $3 to $6
TbIP-TbIP 88 joins the table at seat #5
sarasa46: calls $3
*** FLOP *** [Ks 3h 5c]
sarasa46: checks
Agrotait: bets $3
sarasa46: folds
Uncalled bet ($3) returned to Agrotait
Agrotait collected $11.76 from pot
Agrotait: doesn't show hand
*** SUMMARY ***
Total pot $12 | Rake $0.24
Board [Ks 3h 5c]
Seat 3: Agrotait (button) (small blind) collected ($11.76)
Seat 4: sarasa46 (big blind) folded on the Flop


PokerStars Hand #159996387324:  Hold'em Limit ($3/$6 USD) - 2016/10/16 2:10:42 ET
Table 'Vienna' 6-max Seat #3 is the button
Seat 3: Agrotait ($247.56 in chips)
Seat 6: Leko ($27.70 in chips)
Agrotait: posts small blind $1
Leko: posts big blind $3
*** HOLE CARDS ***
Agrotait: raises $3 to $6
Leko: folds
Uncalled bet ($3) returned to Agrotait
Agrotait collected $6 from pot
Agrotait: doesn't show hand
*** SUMMARY ***
Total pot $6 | Rake $0
Seat 3: Agrotait (button) (small blind) collected ($6)
Seat 6: Leko (big blind) folded before Flop


PokerStars Hand #159996391473:  Hold'em Limit ($3/$6 USD) - 2016/10/16 2:10:58 ET
Table 'Vienna' 6-max Seat #3 is the button
Seat 3: Agrotait ($247.56 in chips)
Seat 6: Leko ($27.70 in chips)
Agrotait: posts small blind $1
Leko: posts big blind $3
*** HOLE CARDS ***
Agrotait: folds
Uncalled bet ($2) returned to Leko
Leko collected $2 from pot
Leko: doesn't show hand
*** SUMMARY ***
Total pot $2 | Rake $0
Seat 3: Agrotait (button) (small blind) folded before Flop
Seat 6: Leko (big blind) collected ($2)


PokerStars Hand #159996389597:  Hold'em Limit ($3/$6 USD) - 2016/10/16 2:10:50 ET
Table 'Vienna' 6-max Seat #6 is the button
Seat 3: Agrotait ($250.56 in chips)
Seat 6: Leko ($24.70 in chips)
Leko: posts small blind $1
Agrotait: posts big blind $3
*** HOLE CARDS ***
Leko: raises $3 to $6
Agrotait: folds
Uncalled bet ($3) returned to Leko
Leko collected $6 from pot
Leko: doesn't show hand
*** SUMMARY ***
Total pot $6 | Rake $0
Seat 3: Agrotait (big blind) folded before Flop
Seat 6: Leko (button) (small blind) collected ($6)


PokerStars Hand #159996392982:  Hold'em Limit ($3/$6 USD) - 2016/10/16 2:11:04 ET
Table 'Vienna' 6-max Seat #6 is the button
Seat 3: Agrotait ($246.56 in chips)
Seat 6: Leko ($28.70 in chips)
Leko: posts small blind $1
Agrotait: posts big blind $3
*** HOLE CARDS ***
Leko: folds
Uncalled bet ($2) returned to Agrotait
Agrotait collected $2 from pot
Agrotait: doesn't show hand
*** SUMMARY ***
Total pot $2 | Rake $0
Seat 3: Agrotait (big blind) collected ($2)
Seat 6: Leko (button) (small blind) folded before Flop


PokerStars Hand #159996394829:  Hold'em Limit ($3/$6 USD) - 2016/10/16 2:11:11 ET
Table 'Vienna' 6-max Seat #3 is the button
Seat 3: Agrotait ($247.56 in chips)
Seat 6: Leko ($27.70 in chips)
Agrotait: posts small blind $1
Leko: posts big blind $3
*** HOLE CARDS ***
Agrotait: raises $3 to $6
Leko: calls $3
*** FLOP *** [Kd 2h Kh]
Leko: checks
Plot0077 leaves the table
Agrotait: bets $3
Leko: calls $3
*** TURN *** [Kd 2h Kh] [4h]
Leko: bets $6
Agrotait: folds
Uncalled bet ($6) returned to Leko
Leko collected $17.64 from pot
Leko: doesn't show hand
*** SUMMARY ***
Total pot $18 | Rake $0.36
Board [Kd 2h Kh 4h]
Seat 3: Agrotait (button) (small blind) folded on the Turn
Seat 6: Leko (big blind) collected ($17.64)


PokerStars Hand #159996401562:  Hold'em Limit ($3/$6 USD) - 2016/10/16 2:11:37 ET
Table 'Vienna' 6-max Seat #6 is the button
Seat 3: Agrotait ($238.56 in chips)
Seat 6: Leko ($36.34 in chips)
Leko: posts small blind $1
Agrotait: posts big blind $3
*** HOLE CARDS ***
Leko: raises $3 to $6
Agrotait: raises $3 to $9
Leko: calls $3
*** FLOP *** [9h Js Jh]
Agrotait: bets $3
Leko: calls $3
*** TURN *** [9h Js Jh] [7d]
Agrotait: checks
Leko: checks
*** RIVER *** [9h Js Jh 7d] [Qd]
Agrotait: bets $6
Leko: calls $6
*** SHOW DOWN ***
Agrotait: shows [4s 6s] (a pair of Jacks)
Leko: shows [Qc 5d] (two pair, Queens and Jacks)
Leko collected $35.50 from pot
*** SUMMARY ***
Total pot $36 | Rake $0.50
Board [9h Js Jh 7d Qd]
Seat 3: Agrotait (big blind) showed [4s 6s] and lost with a pair of Jacks
Seat 6: Leko (button) (small blind) showed [Qc 5d] and won ($35.50) with two pair, Queens and Jacks


PokerStars Hand #159996408010:  Hold'em Limit ($3/$6 USD) - 2016/10/16 2:12:03 ET
Table 'Vienna' 6-max Seat #3 is the button
Seat 3: Agrotait ($220.56 in chips)
Seat 6: Leko ($53.84 in chips)
Agrotait: posts small blind $1
Leko: posts big blind $3
*** HOLE CARDS ***
Agrotait: raises $3 to $6
Leko: raises $3 to $9
Agrotait: calls $3
*** FLOP *** [4c 6c 4d]
Leko: bets $3
Agrotait: calls $3
*** TURN *** [4c 6c 4d] [Qc]
Leko: bets $6
Agrotait: folds
Uncalled bet ($6) returned to Leko
Leko collected $23.52 from pot
Leko: doesn't show hand
*** SUMMARY ***
Total pot $24 | Rake $0.48
Board [4c 6c 4d Qc]
Seat 3: Agrotait (button) (small blind) folded on the Turn
Seat 6: Leko (big blind) collected ($23.52)


PokerStars Hand #159996415755:  Hold'em Limit ($3/$6 USD) - 2016/10/16 2:12:33 ET
Table 'Vienna' 6-max Seat #6 is the button
Seat 3: Agrotait ($208.56 in chips)
Seat 6: Leko ($65.36 in chips)
Leko: posts small blind $1
Agrotait: posts big blind $3
*** HOLE CARDS ***
Leko: raises $3 to $6
Agrotait: calls $3
*** FLOP *** [7c 4h Jh]
Agrotait: checks
Leko: bets $3
Agrotait: calls $3
*** TURN *** [7c 4h Jh] [Qh]
Agrotait: checks
Leko: checks
*** RIVER *** [7c 4h Jh Qh] [6h]
Agrotait: bets $6
Leko: calls $6
*** SHOW DOWN ***
Agrotait: shows [5h 4s] (a flush, Queen high)
Leko: mucks hand
Agrotait collected $29.50 from pot
*** SUMMARY ***
Total pot $30 | Rake $0.50
Board [7c 4h Jh Qh 6h]
Seat 3: Agrotait (big blind) showed [5h 4s] and won ($29.50) with a flush, Queen high
Seat 6: Leko (button) (small blind) mucked


PokerStars Hand #159996430093:  Hold'em Limit ($3/$6 USD) - 2016/10/16 2:13:29 ET
Table 'Vienna' 6-max Seat #3 is the button
Seat 3: Agrotait ($223.06 in chips)
Seat 6: Leko ($50.36 in chips)
Agrotait: posts small blind $1
Leko: posts big blind $3
*** HOLE CARDS ***
Agrotait: raises $3 to $6
Leko: calls $3
*** FLOP *** [Ac 4s 6h]
Leko: bets $3
Agrotait: folds
Uncalled bet ($3) returned to Leko
Leko collected $11.76 from pot
Leko: doesn't show hand
*** SUMMARY ***
Total pot $12 | Rake $0.24
Board [Ac 4s 6h]
Seat 3: Agrotait (button) (small blind) folded on the Flop
Seat 6: Leko (big blind) collected ($11.76)


PokerStars Hand #159996436572:  Hold'em Limit ($3/$6 USD) - 2016/10/16 2:13:55 ET
Table 'Vienna' 6-max Seat #6 is the button
Seat 3: Agrotait ($217.06 in chips)
Seat 6: Leko ($56.12 in chips)
Leko: posts small blind $1
Agrotait: posts big blind $3
*** HOLE CARDS ***
Leko: folds
Uncalled bet ($2) returned to Agrotait
Agrotait collected $2 from pot
Agrotait: doesn't show hand
*** SUMMARY ***
Total pot $2 | Rake $0
Seat 3: Agrotait (big blind) collected ($2)
Seat 6: Leko (button) (small blind) folded before Flop


PokerStars Hand #159996437961:  Hold'em Limit ($3/$6 USD) - 2016/10/16 2:14:00 ET
Table 'Vienna' 6-max Seat #3 is the button
Seat 3: Agrotait ($218.06 in chips)
Seat 6: Leko ($55.12 in chips)
Agrotait: posts small blind $1
Leko: posts big blind $3
*** HOLE CARDS ***
Agrotait: raises $3 to $6
Leko: calls $3
*** FLOP *** [Th 8h 3h]
Leko: checks
Agrotait: bets $3
Leko: calls $3
*** TURN *** [Th 8h 3h] [9d]
Leko: bets $6
Agrotait: calls $6
*** RIVER *** [Th 8h 3h 9d] [2d]
Leko: bets $6
Agrotait: calls $6
*** SHOW DOWN ***
Leko: shows [Qd 2h] (a pair of Deuces)
Agrotait: shows [Ah 3d] (a pair of Threes)
Agrotait collected $41.50 from pot
*** SUMMARY ***
Total pot $42 | Rake $0.50
Board [Th 8h 3h 9d 2d]
Seat 3: Agrotait (button) (small blind) showed [Ah 3d] and won ($41.50) with a pair of Threes
Seat 6: Leko (big blind) showed [Qd 2h] and lost with a pair of Deuces


PokerStars Hand #159996448166:  Hold'em Limit ($3/$6 USD) - 2016/10/16 2:14:40 ET
Table 'Vienna' 6-max Seat #6 is the button
Seat 3: Agrotait ($238.56 in chips)
Seat 6: Leko ($34.12 in chips)
Leko: posts small blind $1
Agrotait: posts big blind $3
*** HOLE CARDS ***
Leko: raises $3 to $6
gb2132 joins the table at seat #2
VolkovDmitri joins the table at seat #1
Agrotait: calls $3
*** FLOP *** [6s 8c 2h]
gb2132 leaves the table
Agrotait: checks
Leko: bets $3
Agrotait: raises $3 to $6
Leko: calls $3
*** TURN *** [6s 8c 2h] [5c]
Agrotait: bets $6
gb2132 joins the table at seat #2
Leko: calls $6
*** RIVER *** [6s 8c 2h 5c] [Ts]
Agrotait: bets $6
Leko: folds
Uncalled bet ($6) returned to Agrotait
Plot0077 joins the table at seat #5
Agrotait collected $35.50 from pot
Agrotait: doesn't show hand
*** SUMMARY ***
Total pot $36 | Rake $0.50
Board [6s 8c 2h 5c Ts]
Seat 3: Agrotait (big blind) collected ($35.50)
Seat 6: Leko (button) (small blind) folded on the River


PokerStars Hand #159997101571:  Hold'em Limit ($3/$6 USD) - 2016/10/16 2:56:07 ET
Table 'Vienna' 6-max Seat #2 is the button
Seat 2: vad_hor ($178.34 in chips)
Seat 3: gb2132 ($120.29 in chips)
vad_hor: posts small blind $1
swordhigh leaves the table
gb2132: posts big blind $3
*** HOLE CARDS ***
vad_hor: folds
Uncalled bet ($2) returned to gb2132
gb2132 collected $2 from pot
gb2132: doesn't show hand
*** SUMMARY ***
Total pot $2 | Rake $0
Seat 2: vad_hor (button) (small blind) folded before Flop
Seat 3: gb2132 (big blind) collected ($2)


PokerStars Hand #159997100320:  Hold'em Limit ($3/$6 USD) - 2016/10/16 2:56:03 ET
Table 'Vienna' 6-max Seat #3 is the button
Seat 2: vad_hor ($177.34 in chips)
Seat 3: gb2132 ($121.29 in chips)
gb2132: posts small blind $1
vad_hor: posts big blind $3
*** HOLE CARDS ***
gb2132: folds
Uncalled bet ($2) returned to vad_hor
vad_hor collected $2 from pot
vad_hor: doesn't show hand
Mr Katoro leaves the table
*** SUMMARY ***
Total pot $2 | Rake $0
Seat 2: vad_hor (big blind) collected ($2)
Seat 3: gb2132 (button) (small blind) folded before Flop


