PokerStars Hand #160538339921:  Hold'em Limit ($3/$6 USD) - 2016/10/28 5:12:05 ET
Table 'Vienna' 6-max Seat #3 is the button
Seat 3: SLK500 ($118.07 in chips)
Seat 4: B_loJkl ($122.28 in chips)
SLK500: posts small blind $1
B_loJkl: posts big blind $3
*** HOLE CARDS ***
SLK500: raises $3 to $6
B_loJkl: folds
Uncalled bet ($3) returned to SLK500
SLK500 collected $6 from pot
SLK500: doesn't show hand
*** SUMMARY ***
Total pot $6 | Rake $0
Seat 3: SLK500 (button) (small blind) collected ($6)
Seat 4: B_loJkl (big blind) folded before Flop


PokerStars Hand #160538322589:  Hold'em Limit ($3/$6 USD) - 2016/10/28 5:11:18 ET
Table 'Vienna' 6-max Seat #3 is the button
Seat 3: SLK500 ($130.43 in chips)
Seat 4: B_loJkl ($111 in chips)
SLK500: posts small blind $1
B_loJkl: posts big blind $3
*** HOLE CARDS ***
SLK500: calls $2
B_loJkl: checks
*** FLOP *** [5d Qd 9h]
B_loJkl: checks
SLK500: checks
*** TURN *** [5d Qd 9h] [Jc]
B_loJkl: bets $6
SLK500: raises $6 to $12
B_loJkl: folds
Uncalled bet ($6) returned to SLK500
SLK500 collected $17.64 from pot
SLK500: doesn't show hand
*** SUMMARY ***
Total pot $18 | Rake $0.36
Board [5d Qd 9h Jc]
Seat 3: SLK500 (button) (small blind) collected ($17.64)
Seat 4: B_loJkl (big blind) folded on the Turn


PokerStars Hand #160538333026:  Hold'em Limit ($3/$6 USD) - 2016/10/28 5:11:46 ET
Table 'Vienna' 6-max Seat #3 is the button
Seat 3: SLK500 ($127.07 in chips)
Seat 4: B_loJkl ($113.52 in chips)
SLK500: posts small blind $1
B_loJkl: posts big blind $3
*** HOLE CARDS ***
SLK500: raises $3 to $6
B_loJkl: calls $3
*** FLOP *** [7s 6d Ts]
B_loJkl: checks
SLK500: checks
*** TURN *** [7s 6d Ts] [9s]
B_loJkl: bets $6
SLK500: folds
Uncalled bet ($6) returned to B_loJkl
B_loJkl collected $11.76 from pot
B_loJkl: doesn't show hand
*** SUMMARY ***
Total pot $12 | Rake $0.24
Board [7s 6d Ts 9s]
Seat 3: SLK500 (button) (small blind) folded on the Turn
Seat 4: B_loJkl (big blind) collected ($11.76)


PokerStars Hand #160538337468:  Hold'em Limit ($3/$6 USD) - 2016/10/28 5:11:58 ET
Table 'Vienna' 6-max Seat #4 is the button
Seat 3: SLK500 ($121.07 in chips)
Seat 4: B_loJkl ($119.28 in chips)
B_loJkl: posts small blind $1
SLK500: posts big blind $3
*** HOLE CARDS ***
B_loJkl: raises $3 to $6
SLK500: folds
Uncalled bet ($3) returned to B_loJkl
B_loJkl collected $6 from pot
B_loJkl: doesn't show hand
*** SUMMARY ***
Total pot $6 | Rake $0
Seat 3: SLK500 (big blind) folded before Flop
Seat 4: B_loJkl (button) (small blind) collected ($6)


PokerStars Hand #160538327403:  Hold'em Limit ($3/$6 USD) - 2016/10/28 5:11:31 ET
Table 'Vienna' 6-max Seat #4 is the button
Seat 3: SLK500 ($139.07 in chips)
Seat 4: B_loJkl ($102 in chips)
B_loJkl: posts small blind $1
SLK500: posts big blind $3
*** HOLE CARDS ***
B_loJkl: raises $3 to $6
SLK500: calls $3
*** FLOP *** [Jc Tc 5d]
SLK500: bets $3
B_loJkl: raises $3 to $6
SLK500: calls $3
*** TURN *** [Jc Tc 5d] [2d]
SLK500: checks
B_loJkl: checks
*** RIVER *** [Jc Tc 5d 2d] [3d]
SLK500: checks
B_loJkl: checks
*** SHOW DOWN ***
SLK500: shows [3c Qc] (a pair of Threes)
B_loJkl: shows [Ac 5c] (a pair of Fives)
B_loJkl collected $23.52 from pot
*** SUMMARY ***
Total pot $24 | Rake $0.48
Board [Jc Tc 5d 2d 3d]
Seat 3: SLK500 (big blind) showed [3c Qc] and lost with a pair of Threes
Seat 4: B_loJkl (button) (small blind) showed [Ac 5c] and won ($23.52) with a pair of Fives


PokerStars Hand #160538346054:  Hold'em Limit ($3/$6 USD) - 2016/10/28 5:12:22 ET
Table 'Vienna' 6-max Seat #4 is the button
Seat 3: SLK500 ($121.07 in chips)
Seat 4: B_loJkl ($119.28 in chips)
B_loJkl: posts small blind $1
SLK500: posts big blind $3
*** HOLE CARDS ***
B_loJkl: raises $3 to $6
SLK500: raises $3 to $9
B_loJkl: calls $3
*** FLOP *** [9s 5c 8h]
SLK500: bets $3
B_loJkl: calls $3
*** TURN *** [9s 5c 8h] [2h]
SLK500: bets $6
B_loJkl: calls $6
*** RIVER *** [9s 5c 8h 2h] [6h]
SLK500: bets $6
B_loJkl: calls $6
*** SHOW DOWN ***
SLK500: shows [8s 9d] (two pair, Nines and Eights)
B_loJkl: mucks hand
SLK500 collected $47.50 from pot
*** SUMMARY ***
Total pot $48 | Rake $0.50
Board [9s 5c 8h 2h 6h]
Seat 3: SLK500 (big blind) showed [8s 9d] and won ($47.50) with two pair, Nines and Eights
Seat 4: B_loJkl (button) (small blind) mucked


PokerStars Hand #160538358328:  Hold'em Limit ($3/$6 USD) - 2016/10/28 5:12:55 ET
Table 'Vienna' 6-max Seat #3 is the button
Seat 3: SLK500 ($144.57 in chips)
Seat 4: B_loJkl ($95.28 in chips)
SLK500: posts small blind $1
B_loJkl: posts big blind $3
*** HOLE CARDS ***
SLK500: folds
Uncalled bet ($2) returned to B_loJkl
B_loJkl collected $2 from pot
B_loJkl: doesn't show hand
*** SUMMARY ***
Total pot $2 | Rake $0
Seat 3: SLK500 (button) (small blind) folded before Flop
Seat 4: B_loJkl (big blind) collected ($2)


PokerStars Hand #160538360063:  Hold'em Limit ($3/$6 USD) - 2016/10/28 5:13:00 ET
Table 'Vienna' 6-max Seat #4 is the button
Seat 3: SLK500 ($143.57 in chips)
Seat 4: B_loJkl ($96.28 in chips)
B_loJkl: posts small blind $1
SLK500: posts big blind $3
*** HOLE CARDS ***
B_loJkl: raises $3 to $6
SLK500: calls $3
*** FLOP *** [Ac 4d Jd]
SLK500: checks
B_loJkl: bets $3
SLK500: folds
Uncalled bet ($3) returned to B_loJkl
B_loJkl collected $11.76 from pot
B_loJkl: doesn't show hand
*** SUMMARY ***
Total pot $12 | Rake $0.24
Board [Ac 4d Jd]
Seat 3: SLK500 (big blind) folded on the Flop
Seat 4: B_loJkl (button) (small blind) collected ($11.76)


PokerStars Hand #160538373664:  Hold'em Limit ($3/$6 USD) - 2016/10/28 5:13:37 ET
Table 'Vienna' 6-max Seat #3 is the button
Seat 3: SLK500 ($144.33 in chips)
Seat 4: B_loJkl ($95.04 in chips)
SLK500: posts small blind $1
B_loJkl: posts big blind $3
*** HOLE CARDS ***
SLK500: raises $3 to $6
B_loJkl: calls $3
*** FLOP *** [Kc 6s 2d]
B_loJkl: checks
SLK500: bets $3
B_loJkl: raises $3 to $6
SLK500: calls $3
*** TURN *** [Kc 6s 2d] [3c]
B_loJkl: bets $6
SLK500: calls $6
*** RIVER *** [Kc 6s 2d 3c] [9s]
B_loJkl: bets $6
SLK500: calls $6
*** SHOW DOWN ***
B_loJkl: shows [Jd 4c] (high card King)
SLK500: shows [Qc 6d] (a pair of Sixes)
SLK500 collected $47.50 from pot
*** SUMMARY ***
Total pot $48 | Rake $0.50
Board [Kc 6s 2d 3c 9s]
Seat 3: SLK500 (button) (small blind) showed [Qc 6d] and won ($47.50) with a pair of Sixes
Seat 4: B_loJkl (big blind) showed [Jd 4c] and lost with high card King


PokerStars Hand #160538370322:  Hold'em Limit ($3/$6 USD) - 2016/10/28 5:13:28 ET
Table 'Vienna' 6-max Seat #4 is the button
Seat 3: SLK500 ($143.33 in chips)
Seat 4: B_loJkl ($96.04 in chips)
B_loJkl: posts small blind $1
SLK500: posts big blind $3
*** HOLE CARDS ***
B_loJkl: folds
Uncalled bet ($2) returned to SLK500
SLK500 collected $2 from pot
SLK500: doesn't show hand
*** SUMMARY ***
Total pot $2 | Rake $0
Seat 3: SLK500 (big blind) collected ($2)
Seat 4: B_loJkl (button) (small blind) folded before Flop


PokerStars Hand #160538364639:  Hold'em Limit ($3/$6 USD) - 2016/10/28 5:13:12 ET
Table 'Vienna' 6-max Seat #3 is the button
Seat 3: SLK500 ($137.57 in chips)
Seat 4: B_loJkl ($102.04 in chips)
SLK500: posts small blind $1
B_loJkl: posts big blind $3
*** HOLE CARDS ***
SLK500: raises $3 to $6
B_loJkl: calls $3
*** FLOP *** [3h 7h 7d]
B_loJkl: checks
SLK500: bets $3
B_loJkl: folds
Uncalled bet ($3) returned to SLK500
SLK500 collected $11.76 from pot
SLK500: doesn't show hand
*** SUMMARY ***
Total pot $12 | Rake $0.24
Board [3h 7h 7d]
Seat 3: SLK500 (button) (small blind) collected ($11.76)
Seat 4: B_loJkl (big blind) folded on the Flop


PokerStars Hand #160538386819:  Hold'em Limit ($3/$6 USD) - 2016/10/28 5:14:12 ET
Table 'Vienna' 6-max Seat #4 is the button
Seat 3: SLK500 ($167.83 in chips)
Seat 4: B_loJkl ($71.04 in chips)
B_loJkl: posts small blind $1
SLK500: posts big blind $3
*** HOLE CARDS ***
B_loJkl: raises $3 to $6
SLK500: calls $3
*** FLOP *** [Ah Ac Qh]
SLK500: checks
B_loJkl: bets $3
SLK500: calls $3
*** TURN *** [Ah Ac Qh] [9c]
SLK500: checks
B_loJkl: checks
*** RIVER *** [Ah Ac Qh 9c] [3s]
SLK500: bets $6
B_loJkl: folds
Uncalled bet ($6) returned to SLK500
SLK500 collected $17.64 from pot
SLK500: doesn't show hand
*** SUMMARY ***
Total pot $18 | Rake $0.36
Board [Ah Ac Qh 9c 3s]
Seat 3: SLK500 (big blind) collected ($17.64)
Seat 4: B_loJkl (button) (small blind) folded on the River


PokerStars Hand #160538397694:  Hold'em Limit ($3/$6 USD) - 2016/10/28 5:14:41 ET
Table 'Vienna' 6-max Seat #4 is the button
Seat 3: SLK500 ($152.47 in chips)
Seat 4: B_loJkl ($85.54 in chips)
B_loJkl: posts small blind $1
SLK500: posts big blind $3
*** HOLE CARDS ***
B_loJkl: raises $3 to $6
SLK500: calls $3
*** FLOP *** [4s 6c Js]
SLK500: checks
B_loJkl: bets $3
SLK500: folds
Uncalled bet ($3) returned to B_loJkl
B_loJkl collected $11.76 from pot
B_loJkl: doesn't show hand
*** SUMMARY ***
Total pot $12 | Rake $0.24
Board [4s 6c Js]
Seat 3: SLK500 (big blind) folded on the Flop
Seat 4: B_loJkl (button) (small blind) collected ($11.76)


PokerStars Hand #160538400832:  Hold'em Limit ($3/$6 USD) - 2016/10/28 5:14:50 ET
Table 'Vienna' 6-max Seat #3 is the button
Seat 3: SLK500 ($146.47 in chips)
Seat 4: B_loJkl ($91.30 in chips)
SLK500: posts small blind $1
B_loJkl: posts big blind $3
*** HOLE CARDS ***
SLK500: raises $3 to $6
B_loJkl: calls $3
*** FLOP *** [4s 5h Kc]
B_loJkl: checks
SLK500: checks
*** TURN *** [4s 5h Kc] [Jd]
B_loJkl: bets $6
SLK500: folds
Uncalled bet ($6) returned to B_loJkl
B_loJkl collected $11.76 from pot
B_loJkl: doesn't show hand
*** SUMMARY ***
Total pot $12 | Rake $0.24
Board [4s 5h Kc Jd]
Seat 3: SLK500 (button) (small blind) folded on the Turn
Seat 4: B_loJkl (big blind) collected ($11.76)


PokerStars Hand #160538405094:  Hold'em Limit ($3/$6 USD) - 2016/10/28 5:15:01 ET
Table 'Vienna' 6-max Seat #4 is the button
Seat 3: SLK500 ($140.47 in chips)
Seat 4: B_loJkl ($97.06 in chips)
B_loJkl: posts small blind $1
SLK500: posts big blind $3
*** HOLE CARDS ***
B_loJkl: raises $3 to $6
SLK500: raises $3 to $9
B_loJkl: calls $3
*** FLOP *** [2d 4c 9d]
SLK500: bets $3
B_loJkl: calls $3
*** TURN *** [2d 4c 9d] [6d]
SLK500: bets $6
B_loJkl: calls $6
*** RIVER *** [2d 4c 9d 6d] [5h]
SLK500: bets $6
B_loJkl: calls $6
*** SHOW DOWN ***
SLK500: shows [Ad Kd] (a flush, Ace high)
B_loJkl: mucks hand
SLK500 collected $47.50 from pot
*** SUMMARY ***
Total pot $48 | Rake $0.50
Board [2d 4c 9d 6d 5h]
Seat 3: SLK500 (big blind) showed [Ad Kd] and won ($47.50) with a flush, Ace high
Seat 4: B_loJkl (button) (small blind) mucked


PokerStars Hand #160538424771:  Hold'em Limit ($3/$6 USD) - 2016/10/28 5:15:53 ET
Table 'Vienna' 6-max Seat #4 is the button
Seat 3: SLK500 ($172.61 in chips)
Seat 4: B_loJkl ($64.06 in chips)
B_loJkl: posts small blind $1
SLK500: posts big blind $3
*** HOLE CARDS ***
B_loJkl: raises $3 to $6
SLK500: folds
Uncalled bet ($3) returned to B_loJkl
B_loJkl collected $6 from pot
B_loJkl: doesn't show hand
*** SUMMARY ***
Total pot $6 | Rake $0
Seat 3: SLK500 (big blind) folded before Flop
Seat 4: B_loJkl (button) (small blind) collected ($6)


PokerStars Hand #160538417102:  Hold'em Limit ($3/$6 USD) - 2016/10/28 5:15:33 ET
Table 'Vienna' 6-max Seat #3 is the button
Seat 3: SLK500 ($163.97 in chips)
Seat 4: B_loJkl ($73.06 in chips)
SLK500: posts small blind $1
B_loJkl: posts big blind $3
*** HOLE CARDS ***
SLK500: raises $3 to $6
B_loJkl: calls $3
*** FLOP *** [Ts 3d 5s]
B_loJkl: checks
SLK500: bets $3
B_loJkl: calls $3
*** TURN *** [Ts 3d 5s] [7h]
B_loJkl: checks
SLK500: checks
*** RIVER *** [Ts 3d 5s 7h] [5h]
B_loJkl: checks
SLK500: bets $6
B_loJkl: folds
Uncalled bet ($6) returned to SLK500
SLK500 collected $17.64 from pot
SLK500: doesn't show hand
*** SUMMARY ***
Total pot $18 | Rake $0.36
Board [Ts 3d 5s 7h 5h]
Seat 3: SLK500 (button) (small blind) collected ($17.64)
Seat 4: B_loJkl (big blind) folded on the River


PokerStars Hand #160538448123:  Hold'em Limit ($3/$6 USD) - 2016/10/28 5:16:55 ET
Table 'Vienna' 6-max Seat #4 is the button
Seat 3: SLK500 ($155.37 in chips)
Seat 4: B_loJkl ($80.56 in chips)
B_loJkl: posts small blind $1
SLK500: posts big blind $3
*** HOLE CARDS ***
B_loJkl: raises $3 to $6
SLK500: calls $3
*** FLOP *** [8s 6s 8d]
SLK500: checks
B_loJkl: checks
*** TURN *** [8s 6s 8d] [Jd]
SLK500: checks
B_loJkl: checks
*** RIVER *** [8s 6s 8d Jd] [Qs]
SLK500: bets $6
B_loJkl: calls $6
*** SHOW DOWN ***
SLK500: shows [Qd 4h] (two pair, Queens and Eights)
B_loJkl: shows [Qh 2h] (two pair, Queens and Eights)
SLK500 collected $11.76 from pot
B_loJkl collected $11.76 from pot
*** SUMMARY ***
Total pot $24 | Rake $0.48
Board [8s 6s 8d Jd Qs]
Seat 3: SLK500 (big blind) showed [Qd 4h] and won ($11.76) with two pair, Queens and Eights
Seat 4: B_loJkl (button) (small blind) showed [Qh 2h] and won ($11.76) with two pair, Queens and Eights


PokerStars Hand #160538442102:  Hold'em Limit ($3/$6 USD) - 2016/10/28 5:16:38 ET
Table 'Vienna' 6-max Seat #4 is the button
Seat 3: SLK500 ($148.61 in chips)
Seat 4: B_loJkl ($87.56 in chips)
B_loJkl: posts small blind $1
SLK500: posts big blind $3
*** HOLE CARDS ***
B_loJkl: folds
Uncalled bet ($2) returned to SLK500
SLK500 collected $2 from pot
SLK500: doesn't show hand
*** SUMMARY ***
Total pot $2 | Rake $0
Seat 3: SLK500 (big blind) collected ($2)
Seat 4: B_loJkl (button) (small blind) folded before Flop


PokerStars Hand #160538444119:  Hold'em Limit ($3/$6 USD) - 2016/10/28 5:16:44 ET
Table 'Vienna' 6-max Seat #3 is the button
Seat 3: SLK500 ($149.61 in chips)
Seat 4: B_loJkl ($86.56 in chips)
SLK500: posts small blind $1
B_loJkl: posts big blind $3
*** HOLE CARDS ***
SLK500: raises $3 to $6
B_loJkl: calls $3
*** FLOP *** [Qh Kh Ac]
B_loJkl: checks
SLK500: bets $3
B_loJkl: folds
Uncalled bet ($3) returned to SLK500
SLK500 collected $11.76 from pot
SLK500: doesn't show hand
*** SUMMARY ***
Total pot $12 | Rake $0.24
Board [Qh Kh Ac]
Seat 3: SLK500 (button) (small blind) collected ($11.76)
Seat 4: B_loJkl (big blind) folded on the Flop


PokerStars Hand #160538454142:  Hold'em Limit ($3/$6 USD) - 2016/10/28 5:17:10 ET
Table 'Vienna' 6-max Seat #3 is the button
Seat 3: SLK500 ($155.13 in chips)
Seat 4: B_loJkl ($80.32 in chips)
SLK500: posts small blind $1
B_loJkl: posts big blind $3
*** HOLE CARDS ***
SLK500: calls $2
B_loJkl: checks
*** FLOP *** [9c 6s Qh]
B_loJkl: checks
SLK500: checks
*** TURN *** [9c 6s Qh] [9h]
B_loJkl: checks
SLK500: bets $6
B_loJkl: calls $6
*** RIVER *** [9c 6s Qh 9h] [8s]
B_loJkl: checks
SLK500: bets $6
B_loJkl: calls $6
*** SHOW DOWN ***
SLK500: shows [6d 8c] (two pair, Nines and Eights)
B_loJkl: shows [Td Qc] (two pair, Queens and Nines)
B_loJkl collected $29.50 from pot
*** SUMMARY ***
Total pot $30 | Rake $0.50
Board [9c 6s Qh 9h 8s]
Seat 3: SLK500 (button) (small blind) showed [6d 8c] and lost with two pair, Nines and Eights
Seat 4: B_loJkl (big blind) showed [Td Qc] and won ($29.50) with two pair, Queens and Nines


PokerStars Hand #160538466481:  Hold'em Limit ($3/$6 USD) - 2016/10/28 5:17:43 ET
Table 'Vienna' 6-max Seat #4 is the button
Seat 3: SLK500 ($147.77 in chips)
Seat 4: B_loJkl ($86.82 in chips)
B_loJkl: posts small blind $1
SLK500: posts big blind $3
*** HOLE CARDS ***
B_loJkl: raises $3 to $6
SLK500: calls $3
*** FLOP *** [9c 4c Jd]
SLK500: checks
B_loJkl: checks
*** TURN *** [9c 4c Jd] [3c]
SLK500: bets $6
B_loJkl: calls $6
*** RIVER *** [9c 4c Jd 3c] [5c]
SLK500: checks
B_loJkl: checks
*** SHOW DOWN ***
SLK500: shows [2h 5h] (a pair of Fives)
B_loJkl: mucks hand
SLK500 collected $23.52 from pot
*** SUMMARY ***
Total pot $24 | Rake $0.48
Board [9c 4c Jd 3c 5c]
Seat 3: SLK500 (big blind) showed [2h 5h] and won ($23.52) with a pair of Fives
Seat 4: B_loJkl (button) (small blind) mucked


PokerStars Hand #160538464592:  Hold'em Limit ($3/$6 USD) - 2016/10/28 5:17:38 ET
Table 'Vienna' 6-max Seat #3 is the button
Seat 3: SLK500 ($148.77 in chips)
Seat 4: B_loJkl ($85.82 in chips)
SLK500: posts small blind $1
B_loJkl: posts big blind $3
*** HOLE CARDS ***
SLK500: folds
Uncalled bet ($2) returned to B_loJkl
B_loJkl collected $2 from pot
B_loJkl: doesn't show hand
*** SUMMARY ***
Total pot $2 | Rake $0
Seat 3: SLK500 (button) (small blind) folded before Flop
Seat 4: B_loJkl (big blind) collected ($2)


PokerStars Hand #160538460159:  Hold'em Limit ($3/$6 USD) - 2016/10/28 5:17:27 ET
Table 'Vienna' 6-max Seat #4 is the button
Seat 3: SLK500 ($140.13 in chips)
Seat 4: B_loJkl ($94.82 in chips)
B_loJkl: posts small blind $1
SLK500: posts big blind $3
*** HOLE CARDS ***
B_loJkl: raises $3 to $6
SLK500: raises $3 to $9
B_loJkl: calls $3
*** FLOP *** [Ah 5h As]
SLK500: bets $3
B_loJkl: folds
Uncalled bet ($3) returned to SLK500
SLK500 collected $17.64 from pot
SLK500: doesn't show hand
*** SUMMARY ***
Total pot $18 | Rake $0.36
Board [Ah 5h As]
Seat 3: SLK500 (big blind) collected ($17.64)
Seat 4: B_loJkl (button) (small blind) folded on the Flop


PokerStars Hand #160538478876:  Hold'em Limit ($3/$6 USD) - 2016/10/28 5:18:16 ET
Table 'Vienna' 6-max Seat #3 is the button
Seat 3: SLK500 ($164.05 in chips)
Seat 4: B_loJkl ($69.82 in chips)
SLK500: posts small blind $1
B_loJkl: posts big blind $3
*** HOLE CARDS ***
SLK500: folds
Uncalled bet ($2) returned to B_loJkl
B_loJkl collected $2 from pot
B_loJkl: doesn't show hand
*** SUMMARY ***
Total pot $2 | Rake $0
Seat 3: SLK500 (button) (small blind) folded before Flop
Seat 4: B_loJkl (big blind) collected ($2)


PokerStars Hand #160538475236:  Hold'em Limit ($3/$6 USD) - 2016/10/28 5:18:06 ET
Table 'Vienna' 6-max Seat #4 is the button
Seat 3: SLK500 ($158.29 in chips)
Seat 4: B_loJkl ($75.82 in chips)
B_loJkl: posts small blind $1
SLK500: posts big blind $3
*** HOLE CARDS ***
B_loJkl: raises $3 to $6
SLK500: calls $3
*** FLOP *** [7c 9s Ad]
SLK500: bets $3
B_loJkl: folds
Uncalled bet ($3) returned to SLK500
SLK500 collected $11.76 from pot
SLK500: doesn't show hand
*** SUMMARY ***
Total pot $12 | Rake $0.24
Board [7c 9s Ad]
Seat 3: SLK500 (big blind) collected ($11.76)
Seat 4: B_loJkl (button) (small blind) folded on the Flop


PokerStars Hand #160538473215:  Hold'em Limit ($3/$6 USD) - 2016/10/28 5:18:01 ET
Table 'Vienna' 6-max Seat #3 is the button
Seat 3: SLK500 ($159.29 in chips)
Seat 4: B_loJkl ($74.82 in chips)
SLK500: posts small blind $1
B_loJkl: posts big blind $3
*** HOLE CARDS ***
SLK500: folds
Uncalled bet ($2) returned to B_loJkl
B_loJkl collected $2 from pot
B_loJkl: doesn't show hand
*** SUMMARY ***
Total pot $2 | Rake $0
Seat 3: SLK500 (button) (small blind) folded before Flop
Seat 4: B_loJkl (big blind) collected ($2)


PokerStars Hand #160538480785:  Hold'em Limit ($3/$6 USD) - 2016/10/28 5:18:21 ET
Table 'Vienna' 6-max Seat #4 is the button
Seat 3: SLK500 ($163.05 in chips)
Seat 4: B_loJkl ($70.82 in chips)
B_loJkl: posts small blind $1
SLK500: posts big blind $3
*** HOLE CARDS ***
B_loJkl: raises $3 to $6
SLK500: raises $3 to $9
B_loJkl: calls $3
*** FLOP *** [Tc Kh Ks]
SLK500: bets $3
B_loJkl: raises $3 to $6
SLK500: raises $3 to $9
B_loJkl: folds
Uncalled bet ($3) returned to SLK500
SLK500 collected $29.50 from pot
SLK500: doesn't show hand
*** SUMMARY ***
Total pot $30 | Rake $0.50
Board [Tc Kh Ks]
Seat 3: SLK500 (big blind) collected ($29.50)
Seat 4: B_loJkl (button) (small blind) folded on the Flop


PokerStars Hand #160538487283:  Hold'em Limit ($3/$6 USD) - 2016/10/28 5:18:38 ET
Table 'Vienna' 6-max Seat #3 is the button
Seat 3: SLK500 ($177.55 in chips)
Seat 4: B_loJkl ($55.82 in chips)
SLK500: posts small blind $1
B_loJkl: posts big blind $3
*** HOLE CARDS ***
SLK500: raises $3 to $6
B_loJkl: calls $3
*** FLOP *** [4c Qd 7c]
B_loJkl: checks
SLK500: checks
*** TURN *** [4c Qd 7c] [Tc]
B_loJkl: bets $6
SLK500: calls $6
*** RIVER *** [4c Qd 7c Tc] [Ks]
B_loJkl: bets $6
SLK500: calls $6
*** SHOW DOWN ***
B_loJkl: shows [8c 9s] (high card King)
SLK500: shows [Td Jd] (a pair of Tens)
SLK500 collected $35.50 from pot
*** SUMMARY ***
Total pot $36 | Rake $0.50
Board [4c Qd 7c Tc Ks]
Seat 3: SLK500 (button) (small blind) showed [Td Jd] and won ($35.50) with a pair of Tens
Seat 4: B_loJkl (big blind) showed [8c 9s] and lost with high card King


PokerStars Hand #160538499261:  Hold'em Limit ($3/$6 USD) - 2016/10/28 5:19:10 ET
Table 'Vienna' 6-max Seat #4 is the button
Seat 3: SLK500 ($195.05 in chips)
Seat 4: B_loJkl ($37.82 in chips)
B_loJkl: posts small blind $1
SLK500: posts big blind $3
*** HOLE CARDS ***
B_loJkl: raises $3 to $6
SLK500: raises $3 to $9
B_loJkl: calls $3
*** FLOP *** [3c 4s 8d]
SLK500: bets $3
B_loJkl: calls $3
*** TURN *** [3c 4s 8d] [Kc]
SLK500: checks
B_loJkl: bets $6
SLK500: folds
Uncalled bet ($6) returned to B_loJkl
B_loJkl collected $23.52 from pot
B_loJkl: doesn't show hand
*** SUMMARY ***
Total pot $24 | Rake $0.48
Board [3c 4s 8d Kc]
Seat 3: SLK500 (big blind) folded on the Turn
Seat 4: B_loJkl (button) (small blind) collected ($23.52)


PokerStars Hand #160538509786:  Hold'em Limit ($3/$6 USD) - 2016/10/28 5:19:38 ET
Table 'Vienna' 6-max Seat #4 is the button
Seat 3: SLK500 ($171.05 in chips)
Seat 4: B_loJkl ($60.86 in chips)
B_loJkl: posts small blind $1
SLK500: posts big blind $3
*** HOLE CARDS ***
B_loJkl: raises $3 to $6
SLK500: raises $3 to $9
B_loJkl: calls $3
*** FLOP *** [Qs 8s 5h]
SLK500: bets $3
B_loJkl: raises $3 to $6
SLK500: calls $3
*** TURN *** [Qs 8s 5h] [3s]
SLK500: checks
B_loJkl: bets $6
SLK500: folds
Uncalled bet ($6) returned to B_loJkl
B_loJkl collected $29.50 from pot
B_loJkl: doesn't show hand
*** SUMMARY ***
Total pot $30 | Rake $0.50
Board [Qs 8s 5h 3s]
Seat 3: SLK500 (big blind) folded on the Turn
Seat 4: B_loJkl (button) (small blind) collected ($29.50)


PokerStars Hand #160538505226:  Hold'em Limit ($3/$6 USD) - 2016/10/28 5:19:26 ET
Table 'Vienna' 6-max Seat #3 is the button
Seat 3: SLK500 ($183.05 in chips)
Seat 4: B_loJkl ($49.34 in chips)
SLK500: posts small blind $1
B_loJkl: posts big blind $3
*** HOLE CARDS ***
SLK500: raises $3 to $6
B_loJkl: calls $3
*** FLOP *** [2c Kc 7d]
B_loJkl: checks
SLK500: bets $3
B_loJkl: raises $3 to $6
SLK500: calls $3
*** TURN *** [2c Kc 7d] [8h]
B_loJkl: bets $6
SLK500: folds
Uncalled bet ($6) returned to B_loJkl
B_loJkl collected $23.52 from pot
B_loJkl: doesn't show hand
*** SUMMARY ***
Total pot $24 | Rake $0.48
Board [2c Kc 7d 8h]
Seat 3: SLK500 (button) (small blind) folded on the Turn
Seat 4: B_loJkl (big blind) collected ($23.52)


PokerStars Hand #160538515072:  Hold'em Limit ($3/$6 USD) - 2016/10/28 5:19:53 ET
Table 'Vienna' 6-max Seat #3 is the button
Seat 3: SLK500 ($156.05 in chips)
Seat 4: B_loJkl ($75.36 in chips)
SLK500: posts small blind $1
B_loJkl: posts big blind $3
*** HOLE CARDS ***
SLK500: raises $3 to $6
B_loJkl: raises $3 to $9
SLK500: calls $3
*** FLOP *** [Kd 9d As]
B_loJkl: bets $3
SLK500: calls $3
*** TURN *** [Kd 9d As] [5c]
B_loJkl: bets $6
SLK500: calls $6
*** RIVER *** [Kd 9d As 5c] [3d]
B_loJkl: bets $6
SLK500: folds
Uncalled bet ($6) returned to B_loJkl
B_loJkl collected $35.50 from pot
B_loJkl: doesn't show hand
*** SUMMARY ***
Total pot $36 | Rake $0.50
Board [Kd 9d As 5c 3d]
Seat 3: SLK500 (button) (small blind) folded on the River
Seat 4: B_loJkl (big blind) collected ($35.50)


PokerStars Hand #160538528476:  Hold'em Limit ($3/$6 USD) - 2016/10/28 5:20:28 ET
Table 'Vienna' 6-max Seat #3 is the button
Seat 3: SLK500 ($132.05 in chips)
Seat 4: B_loJkl ($98.62 in chips)
SLK500: posts small blind $1
B_loJkl: posts big blind $3
*** HOLE CARDS ***
SLK500: raises $3 to $6
B_loJkl: calls $3
*** FLOP *** [4h 4s 2d]
B_loJkl: checks
SLK500: bets $3
B_loJkl: raises $3 to $6
SLK500: raises $3 to $9
B_loJkl: calls $3
*** TURN *** [4h 4s 2d] [2s]
B_loJkl: checks
SLK500: checks
*** RIVER *** [4h 4s 2d 2s] [8s]
B_loJkl: checks
SLK500: bets $6
B_loJkl: calls $6
*** SHOW DOWN ***
SLK500: shows [3c 6c] (two pair, Fours and Deuces)
B_loJkl: shows [As Tc] (two pair, Fours and Deuces - Ace kicker)
B_loJkl collected $41.50 from pot
*** SUMMARY ***
Total pot $42 | Rake $0.50
Board [4h 4s 2d 2s 8s]
Seat 3: SLK500 (button) (small blind) showed [3c 6c] and lost with two pair, Fours and Deuces
Seat 4: B_loJkl (big blind) showed [As Tc] and won ($41.50) with two pair, Fours and Deuces


PokerStars Hand #160538522577:  Hold'em Limit ($3/$6 USD) - 2016/10/28 5:20:12 ET
Table 'Vienna' 6-max Seat #4 is the button
Seat 3: SLK500 ($138.05 in chips)
Seat 4: B_loJkl ($92.86 in chips)
B_loJkl: posts small blind $1
SLK500: posts big blind $3
*** HOLE CARDS ***
B_loJkl: raises $3 to $6
SLK500: calls $3
*** FLOP *** [6d Ac 6h]
SLK500: checks
B_loJkl: bets $3
SLK500: folds
Uncalled bet ($3) returned to B_loJkl
B_loJkl collected $11.76 from pot
B_loJkl: doesn't show hand
*** SUMMARY ***
Total pot $12 | Rake $0.24
Board [6d Ac 6h]
Seat 3: SLK500 (big blind) folded on the Flop
Seat 4: B_loJkl (button) (small blind) collected ($11.76)


PokerStars Hand #160538558797:  Hold'em Limit ($3/$6 USD) - 2016/10/28 5:21:49 ET
Table 'Vienna' 6-max Seat #3 is the button
Seat 3: SLK500 ($51.05 in chips)
Seat 4: B_loJkl ($178.12 in chips)
SLK500: posts small blind $1
B_loJkl: posts big blind $3
*** HOLE CARDS ***
SLK500: raises $3 to $6
B_loJkl: calls $3
*** FLOP *** [3h Kd 7d]
B_loJkl: checks
SLK500: bets $3
B_loJkl: calls $3
*** TURN *** [3h Kd 7d] [7h]
B_loJkl: checks
SLK500: checks
*** RIVER *** [3h Kd 7d 7h] [3c]
B_loJkl: bets $6
SLK500: calls $6
*** SHOW DOWN ***
B_loJkl: shows [3s 6d] (a full house, Threes full of Sevens)
SLK500: mucks hand
B_loJkl collected $29.50 from pot
*** SUMMARY ***
Total pot $30 | Rake $0.50
Board [3h Kd 7d 7h 3c]
Seat 3: SLK500 (button) (small blind) mucked
Seat 4: B_loJkl (big blind) showed [3s 6d] and won ($29.50) with a full house, Threes full of Sevens


PokerStars Hand #160538552996:  Hold'em Limit ($3/$6 USD) - 2016/10/28 5:21:33 ET
Table 'Vienna' 6-max Seat #4 is the button
Seat 3: SLK500 ($90.05 in chips)
Seat 4: B_loJkl ($139.62 in chips)
B_loJkl: posts small blind $1
SLK500: posts big blind $3
*** HOLE CARDS ***
B_loJkl: raises $3 to $6
SLK500: calls $3
*** FLOP *** [3h 2s Ts]
SLK500: bets $3
B_loJkl: calls $3
*** TURN *** [3h 2s Ts] [Kd]
SLK500: bets $6
B_loJkl: raises $6 to $12
SLK500: raises $6 to $18
B_loJkl: calls $6
*** RIVER *** [3h 2s Ts Kd] [8s]
SLK500: bets $6
B_loJkl: raises $6 to $12
SLK500: calls $6
*** SHOW DOWN ***
B_loJkl: shows [Kc 8h] (two pair, Kings and Eights)
SLK500: mucks hand
B_loJkl collected $77.50 from pot
*** SUMMARY ***
Total pot $78 | Rake $0.50
Board [3h 2s Ts Kd 8s]
Seat 3: SLK500 (big blind) mucked
Seat 4: B_loJkl (button) (small blind) showed [Kc 8h] and won ($77.50) with two pair, Kings and Eights


PokerStars Hand #160538550796:  Hold'em Limit ($3/$6 USD) - 2016/10/28 5:21:27 ET
Table 'Vienna' 6-max Seat #3 is the button
Seat 3: SLK500 ($87.05 in chips)
Seat 4: B_loJkl ($142.62 in chips)
SLK500: posts small blind $1
B_loJkl: posts big blind $3
*** HOLE CARDS ***
SLK500: raises $3 to $6
B_loJkl: folds
Uncalled bet ($3) returned to SLK500
SLK500 collected $6 from pot
SLK500: doesn't show hand
*** SUMMARY ***
Total pot $6 | Rake $0
Seat 3: SLK500 (button) (small blind) collected ($6)
Seat 4: B_loJkl (big blind) folded before Flop


PokerStars Hand #160538541633:  Hold'em Limit ($3/$6 USD) - 2016/10/28 5:21:03 ET
Table 'Vienna' 6-max Seat #4 is the button
Seat 3: SLK500 ($111.05 in chips)
Seat 4: B_loJkl ($119.12 in chips)
B_loJkl: posts small blind $1
SLK500: posts big blind $3
*** HOLE CARDS ***
B_loJkl: raises $3 to $6
SLK500: raises $3 to $9
B_loJkl: calls $3
*** FLOP *** [4c Tc Th]
SLK500: bets $3
B_loJkl: calls $3
*** TURN *** [4c Tc Th] [Kc]
SLK500: checks
B_loJkl: bets $6
SLK500: calls $6
*** RIVER *** [4c Tc Th Kc] [7c]
SLK500: checks
B_loJkl: bets $6
SLK500: calls $6
*** SHOW DOWN ***
B_loJkl: shows [2d Ac] (a flush, Ace high)
SLK500: mucks hand
B_loJkl collected $47.50 from pot
*** SUMMARY ***
Total pot $48 | Rake $0.50
Board [4c Tc Th Kc 7c]
Seat 3: SLK500 (big blind) mucked
Seat 4: B_loJkl (button) (small blind) showed [2d Ac] and won ($47.50) with a flush, Ace high


PokerStars Hand #160538567443:  Hold'em Limit ($3/$6 USD) - 2016/10/28 5:22:11 ET
Table 'Vienna' 6-max Seat #4 is the button
Seat 3: SLK500 ($36.05 in chips)
Seat 4: B_loJkl ($192.62 in chips)
B_loJkl: posts small blind $1
SLK500: posts big blind $3
*** HOLE CARDS ***
B_loJkl: raises $3 to $6
SLK500: raises $3 to $9
B_loJkl: calls $3
*** FLOP *** [Qd 3s 7s]
SLK500: bets $3
B_loJkl: calls $3
*** TURN *** [Qd 3s 7s] [9h]
SLK500: checks
B_loJkl: bets $6
SLK500: calls $6
*** RIVER *** [Qd 3s 7s 9h] [7d]
SLK500: checks
B_loJkl: bets $6
SLK500: calls $6
*** SHOW DOWN ***
B_loJkl: shows [4s 2s] (a pair of Sevens)
SLK500: shows [Jd Ah] (a pair of Sevens - Ace kicker)
SLK500 collected $47.50 from pot
*** SUMMARY ***
Total pot $48 | Rake $0.50
Board [Qd 3s 7s 9h 7d]
Seat 3: SLK500 (big blind) showed [Jd Ah] and won ($47.50) with a pair of Sevens
Seat 4: B_loJkl (button) (small blind) showed [4s 2s] and lost with a pair of Sevens


PokerStars Hand #160538590792:  Hold'em Limit ($3/$6 USD) - 2016/10/28 5:23:13 ET
Table 'Vienna' 6-max Seat #4 is the button
Seat 3: SLK500 ($50.19 in chips)
Seat 4: B_loJkl ($176.90 in chips)
B_loJkl: posts small blind $1
SLK500: posts big blind $3
*** HOLE CARDS ***
B_loJkl: raises $3 to $6
SLK500: raises $3 to $9
B_loJkl: calls $3
*** FLOP *** [2s 5d 2c]
SLK500: bets $3
B_loJkl: calls $3
*** TURN *** [2s 5d 2c] [8c]
SLK500: bets $6
B_loJkl: calls $6
*** RIVER *** [2s 5d 2c 8c] [Ts]
SLK500: bets $6
B_loJkl: calls $6
*** SHOW DOWN ***
SLK500: shows [As 8h] (two pair, Eights and Deuces)
B_loJkl: mucks hand
SLK500 collected $47.50 from pot
*** SUMMARY ***
Total pot $48 | Rake $0.50
Board [2s 5d 2c 8c Ts]
Seat 3: SLK500 (big blind) showed [As 8h] and won ($47.50) with two pair, Eights and Deuces
Seat 4: B_loJkl (button) (small blind) mucked


PokerStars Hand #160538585592:  Hold'em Limit ($3/$6 USD) - 2016/10/28 5:22:59 ET
Table 'Vienna' 6-max Seat #3 is the button
Seat 3: SLK500 ($56.19 in chips)
Seat 4: B_loJkl ($171.14 in chips)
SLK500: posts small blind $1
B_loJkl: posts big blind $3
*** HOLE CARDS ***
SLK500: raises $3 to $6
B_loJkl: calls $3
*** FLOP *** [3d 8h 6h]
B_loJkl: checks
SLK500: checks
*** TURN *** [3d 8h 6h] [5c]
B_loJkl: bets $6
SLK500: folds
Uncalled bet ($6) returned to B_loJkl
B_loJkl collected $11.76 from pot
B_loJkl: doesn't show hand
*** SUMMARY ***
Total pot $12 | Rake $0.24
Board [3d 8h 6h 5c]
Seat 3: SLK500 (button) (small blind) folded on the Turn
Seat 4: B_loJkl (big blind) collected ($11.76)


PokerStars Hand #160538574807:  Hold'em Limit ($3/$6 USD) - 2016/10/28 5:22:31 ET
Table 'Vienna' 6-max Seat #3 is the button
Seat 3: SLK500 ($59.55 in chips)
Seat 4: B_loJkl ($168.62 in chips)
SLK500: posts small blind $1
B_loJkl: posts big blind $3
*** HOLE CARDS ***
SLK500: raises $3 to $6
B_loJkl: raises $3 to $9
SLK500: calls $3
*** FLOP *** [Qh 5c 5d]
B_loJkl: bets $3
SLK500: calls $3
*** TURN *** [Qh 5c 5d] [Kd]
B_loJkl: bets $6
SLK500: folds
Uncalled bet ($6) returned to B_loJkl
B_loJkl collected $23.52 from pot
B_loJkl: doesn't show hand
*** SUMMARY ***
Total pot $24 | Rake $0.48
Board [Qh 5c 5d Kd]
Seat 3: SLK500 (button) (small blind) folded on the Turn
Seat 4: B_loJkl (big blind) collected ($23.52)


PokerStars Hand #160538581610:  Hold'em Limit ($3/$6 USD) - 2016/10/28 5:22:49 ET
Table 'Vienna' 6-max Seat #4 is the button
Seat 3: SLK500 ($47.55 in chips)
Seat 4: B_loJkl ($180.14 in chips)
B_loJkl: posts small blind $1
SLK500: posts big blind $3
*** HOLE CARDS ***
B_loJkl: raises $3 to $6
SLK500: raises $3 to $9
B_loJkl: calls $3
*** FLOP *** [9d Ad 4h]
SLK500: bets $3
B_loJkl: folds
Uncalled bet ($3) returned to SLK500
SLK500 collected $17.64 from pot
SLK500: doesn't show hand
*** SUMMARY ***
Total pot $18 | Rake $0.36
Board [9d Ad 4h]
Seat 3: SLK500 (big blind) collected ($17.64)
Seat 4: B_loJkl (button) (small blind) folded on the Flop


PokerStars Hand #160538607166:  Hold'em Limit ($3/$6 USD) - 2016/10/28 5:23:56 ET
Table 'Vienna' 6-max Seat #4 is the button
Seat 3: SLK500 ($80.33 in chips)
Seat 4: B_loJkl ($145.90 in chips)
B_loJkl: posts small blind $1
SLK500: posts big blind $3
*** HOLE CARDS ***
B_loJkl: raises $3 to $6
SLK500: calls $3
*** FLOP *** [4d Ts 6h]
SLK500: checks
B_loJkl: checks
*** TURN *** [4d Ts 6h] [Js]
SLK500: bets $6
B_loJkl: raises $6 to $12
SLK500: calls $6
*** RIVER *** [4d Ts 6h Js] [Qh]
SLK500: checks
B_loJkl: bets $6
SLK500: raises $6 to $12
B_loJkl: folds
Uncalled bet ($6) returned to SLK500
SLK500 collected $47.50 from pot
SLK500: doesn't show hand
*** SUMMARY ***
Total pot $48 | Rake $0.50
Board [4d Ts 6h Js Qh]
Seat 3: SLK500 (big blind) collected ($47.50)
Seat 4: B_loJkl (button) (small blind) folded on the River


PokerStars Hand #160538605134:  Hold'em Limit ($3/$6 USD) - 2016/10/28 5:23:51 ET
Table 'Vienna' 6-max Seat #3 is the button
Seat 3: SLK500 ($81.33 in chips)
Seat 4: B_loJkl ($144.90 in chips)
SLK500: posts small blind $1
B_loJkl: posts big blind $3
*** HOLE CARDS ***
SLK500: folds
Uncalled bet ($2) returned to B_loJkl
B_loJkl collected $2 from pot
B_loJkl: doesn't show hand
*** SUMMARY ***
Total pot $2 | Rake $0
Seat 3: SLK500 (button) (small blind) folded before Flop
Seat 4: B_loJkl (big blind) collected ($2)


PokerStars Hand #160538598192:  Hold'em Limit ($3/$6 USD) - 2016/10/28 5:23:32 ET
Table 'Vienna' 6-max Seat #4 is the button
Seat 3: SLK500 ($72.69 in chips)
Seat 4: B_loJkl ($153.90 in chips)
B_loJkl: posts small blind $1
SLK500: posts big blind $3
*** HOLE CARDS ***
B_loJkl: raises $3 to $6
SLK500: raises $3 to $9
B_loJkl: calls $3
*** FLOP *** [Ad 7c 6h]
SLK500: bets $3
B_loJkl: folds
Uncalled bet ($3) returned to SLK500
SLK500 collected $17.64 from pot
SLK500: doesn't show hand
*** SUMMARY ***
Total pot $18 | Rake $0.36
Board [Ad 7c 6h]
Seat 3: SLK500 (big blind) collected ($17.64)
Seat 4: B_loJkl (button) (small blind) folded on the Flop


PokerStars Hand #160538613374:  Hold'em Limit ($3/$6 USD) - 2016/10/28 5:24:12 ET
Table 'Vienna' 6-max Seat #3 is the button
Seat 3: SLK500 ($103.83 in chips)
Seat 4: B_loJkl ($121.90 in chips)
SLK500: posts small blind $1
B_loJkl: posts big blind $3
*** HOLE CARDS ***
SLK500: raises $3 to $6
B_loJkl: calls $3
*** FLOP *** [5s 8c Qh]
B_loJkl: checks
SLK500: checks
*** TURN *** [5s 8c Qh] [Ad]
B_loJkl: checks
SLK500: bets $6
B_loJkl: folds
Uncalled bet ($6) returned to SLK500
SLK500 collected $11.76 from pot
SLK500: doesn't show hand
*** SUMMARY ***
Total pot $12 | Rake $0.24
Board [5s 8c Qh Ad]
Seat 3: SLK500 (button) (small blind) collected ($11.76)
Seat 4: B_loJkl (big blind) folded on the Turn


PokerStars Hand #160538633776:  Hold'em Limit ($3/$6 USD) - 2016/10/28 5:25:06 ET
Table 'Vienna' 6-max Seat #3 is the button
Seat 3: SLK500 ($100.23 in chips)
Seat 4: B_loJkl ($124.18 in chips)
SLK500: posts small blind $1
B_loJkl: posts big blind $3
*** HOLE CARDS ***
SLK500: raises $3 to $6
B_loJkl: calls $3
*** FLOP *** [7h 9s 2d]
B_loJkl: checks
SLK500: bets $3
B_loJkl: calls $3
*** TURN *** [7h 9s 2d] [2h]
B_loJkl: checks
SLK500: bets $6
B_loJkl: calls $6
*** RIVER *** [7h 9s 2d 2h] [3s]
B_loJkl: checks
SLK500: bets $6
B_loJkl: calls $6
*** SHOW DOWN ***
SLK500: shows [4h 4d] (two pair, Fours and Deuces)
B_loJkl: mucks hand
SLK500 collected $41.50 from pot
*** SUMMARY ***
Total pot $42 | Rake $0.50
Board [7h 9s 2d 2h 3s]
Seat 3: SLK500 (button) (small blind) showed [4h 4d] and won ($41.50) with two pair, Fours and Deuces
Seat 4: B_loJkl (big blind) mucked


PokerStars Hand #160538624155:  Hold'em Limit ($3/$6 USD) - 2016/10/28 5:24:41 ET
Table 'Vienna' 6-max Seat #3 is the button
Seat 3: SLK500 ($118.23 in chips)
Seat 4: B_loJkl ($106.90 in chips)
SLK500: posts small blind $1
B_loJkl: posts big blind $3
*** HOLE CARDS ***
SLK500: raises $3 to $6
B_loJkl: calls $3
*** FLOP *** [8h 4d 9s]
B_loJkl: checks
SLK500: checks
*** TURN *** [8h 4d 9s] [Ad]
B_loJkl: checks
SLK500: bets $6
B_loJkl: raises $6 to $12
SLK500: folds
Uncalled bet ($6) returned to B_loJkl
B_loJkl collected $23.52 from pot
B_loJkl: doesn't show hand
*** SUMMARY ***
Total pot $24 | Rake $0.48
Board [8h 4d 9s Ad]
Seat 3: SLK500 (button) (small blind) folded on the Turn
Seat 4: B_loJkl (big blind) collected ($23.52)


PokerStars Hand #160538618399:  Hold'em Limit ($3/$6 USD) - 2016/10/28 5:24:25 ET
Table 'Vienna' 6-max Seat #4 is the button
Seat 3: SLK500 ($109.59 in chips)
Seat 4: B_loJkl ($115.90 in chips)
B_loJkl: posts small blind $1
SLK500: posts big blind $3
*** HOLE CARDS ***
B_loJkl: raises $3 to $6
SLK500: calls $3
*** FLOP *** [9s 7s 8h]
SLK500: bets $3
B_loJkl: calls $3
*** TURN *** [9s 7s 8h] [Kd]
SLK500: checks
B_loJkl: checks
*** RIVER *** [9s 7s 8h Kd] [2d]
SLK500: bets $6
B_loJkl: folds
Uncalled bet ($6) returned to SLK500
SLK500 collected $17.64 from pot
SLK500: doesn't show hand
*** SUMMARY ***
Total pot $18 | Rake $0.36
Board [9s 7s 8h Kd 2d]
Seat 3: SLK500 (big blind) collected ($17.64)
Seat 4: B_loJkl (button) (small blind) folded on the River


PokerStars Hand #160538628705:  Hold'em Limit ($3/$6 USD) - 2016/10/28 5:24:53 ET
Table 'Vienna' 6-max Seat #4 is the button
Seat 3: SLK500 ($106.23 in chips)
Seat 4: B_loJkl ($118.42 in chips)
B_loJkl: posts small blind $1
SLK500: posts big blind $3
*** HOLE CARDS ***
B_loJkl: raises $3 to $6
SLK500: calls $3
*** FLOP *** [Js 7d Ah]
SLK500: checks
B_loJkl: checks
*** TURN *** [Js 7d Ah] [Kd]
SLK500: checks
B_loJkl: checks
*** RIVER *** [Js 7d Ah Kd] [8s]
SLK500: checks
B_loJkl: bets $6
SLK500: folds
Uncalled bet ($6) returned to B_loJkl
B_loJkl collected $11.76 from pot
B_loJkl: doesn't show hand
*** SUMMARY ***
Total pot $12 | Rake $0.24
Board [Js 7d Ah Kd 8s]
Seat 3: SLK500 (big blind) folded on the River
Seat 4: B_loJkl (button) (small blind) collected ($11.76)


PokerStars Hand #160538642499:  Hold'em Limit ($3/$6 USD) - 2016/10/28 5:25:29 ET
Table 'Vienna' 6-max Seat #3 is the button
Seat 3: SLK500 ($117.73 in chips)
Seat 4: B_loJkl ($106.18 in chips)
SLK500: posts small blind $1
B_loJkl: posts big blind $3
*** HOLE CARDS ***
SLK500: raises $3 to $6
B_loJkl: calls $3
*** FLOP *** [7s Ts 9c]
B_loJkl: checks
SLK500: bets $3
B_loJkl: calls $3
*** TURN *** [7s Ts 9c] [3c]
B_loJkl: checks
SLK500: bets $6
B_loJkl: calls $6
*** RIVER *** [7s Ts 9c 3c] [Ad]
B_loJkl: checks
SLK500: bets $6
B_loJkl: folds
Uncalled bet ($6) returned to SLK500
SLK500 collected $29.50 from pot
SLK500: doesn't show hand
*** SUMMARY ***
Total pot $30 | Rake $0.50
Board [7s Ts 9c 3c Ad]
Seat 3: SLK500 (button) (small blind) collected ($29.50)
Seat 4: B_loJkl (big blind) folded on the River


PokerStars Hand #160538659862:  Hold'em Limit ($3/$6 USD) - 2016/10/28 5:26:15 ET
Table 'Vienna' 6-max Seat #3 is the button
Seat 3: SLK500 ($149.73 in chips)
Seat 4: B_loJkl ($73.18 in chips)
SLK500: posts small blind $1
B_loJkl: posts big blind $3
*** HOLE CARDS ***
SLK500: calls $2
B_loJkl: checks
*** FLOP *** [6s Th 4h]
B_loJkl: bets $3
SLK500: folds
Uncalled bet ($3) returned to B_loJkl
B_loJkl collected $5.88 from pot
B_loJkl: doesn't show hand
*** SUMMARY ***
Total pot $6 | Rake $0.12
Board [6s Th 4h]
Seat 3: SLK500 (button) (small blind) folded on the Flop
Seat 4: B_loJkl (big blind) collected ($5.88)


PokerStars Hand #160538648399:  Hold'em Limit ($3/$6 USD) - 2016/10/28 5:25:45 ET
Table 'Vienna' 6-max Seat #4 is the button
Seat 3: SLK500 ($132.23 in chips)
Seat 4: B_loJkl ($91.18 in chips)
B_loJkl: posts small blind $1
SLK500: posts big blind $3
*** HOLE CARDS ***
B_loJkl: raises $3 to $6
SLK500: raises $3 to $9
B_loJkl: calls $3
*** FLOP *** [Ad Jh Qd]
SLK500: bets $3
B_loJkl: calls $3
*** TURN *** [Ad Jh Qd] [8d]
SLK500: bets $6
B_loJkl: calls $6
*** RIVER *** [Ad Jh Qd 8d] [2d]
SLK500: checks
B_loJkl: checks
*** SHOW DOWN ***
SLK500: shows [Qc Kc] (a pair of Queens)
B_loJkl: mucks hand
SLK500 collected $35.50 from pot
*** SUMMARY ***
Total pot $36 | Rake $0.50
Board [Ad Jh Qd 8d 2d]
Seat 3: SLK500 (big blind) showed [Qc Kc] and won ($35.50) with a pair of Queens
Seat 4: B_loJkl (button) (small blind) mucked


PokerStars Hand #160538639637:  Hold'em Limit ($3/$6 USD) - 2016/10/28 5:25:21 ET
Table 'Vienna' 6-max Seat #4 is the button
Seat 3: SLK500 ($120.73 in chips)
Seat 4: B_loJkl ($103.18 in chips)
B_loJkl: posts small blind $1
SLK500: posts big blind $3
*** HOLE CARDS ***
B_loJkl: raises $3 to $6
SLK500: folds
Uncalled bet ($3) returned to B_loJkl
B_loJkl collected $6 from pot
B_loJkl: doesn't show hand
*** SUMMARY ***
Total pot $6 | Rake $0
Seat 3: SLK500 (big blind) folded before Flop
Seat 4: B_loJkl (button) (small blind) collected ($6)


PokerStars Hand #160538657922:  Hold'em Limit ($3/$6 USD) - 2016/10/28 5:26:10 ET
Table 'Vienna' 6-max Seat #4 is the button
Seat 3: SLK500 ($148.73 in chips)
Seat 4: B_loJkl ($74.18 in chips)
B_loJkl: posts small blind $1
SLK500: posts big blind $3
*** HOLE CARDS ***
B_loJkl: folds
Uncalled bet ($2) returned to SLK500
SLK500 collected $2 from pot
SLK500: doesn't show hand
*** SUMMARY ***
Total pot $2 | Rake $0
Seat 3: SLK500 (big blind) collected ($2)
Seat 4: B_loJkl (button) (small blind) folded before Flop


PokerStars Hand #160538655266:  Hold'em Limit ($3/$6 USD) - 2016/10/28 5:26:03 ET
Table 'Vienna' 6-max Seat #3 is the button
Seat 3: SLK500 ($149.73 in chips)
Seat 4: B_loJkl ($73.18 in chips)
SLK500: posts small blind $1
B_loJkl: posts big blind $3
*** HOLE CARDS ***
SLK500: folds
Uncalled bet ($2) returned to B_loJkl
B_loJkl collected $2 from pot
B_loJkl: doesn't show hand
*** SUMMARY ***
Total pot $2 | Rake $0
Seat 3: SLK500 (button) (small blind) folded before Flop
Seat 4: B_loJkl (big blind) collected ($2)


PokerStars Hand #160538663816:  Hold'em Limit ($3/$6 USD) - 2016/10/28 5:26:25 ET
Table 'Vienna' 6-max Seat #4 is the button
Seat 3: SLK500 ($146.73 in chips)
Seat 4: B_loJkl ($76.06 in chips)
B_loJkl: posts small blind $1
SLK500: posts big blind $3
*** HOLE CARDS ***
B_loJkl: raises $3 to $6
SLK500: raises $3 to $9
B_loJkl: calls $3
*** FLOP *** [Js 5s 4c]
SLK500: bets $3
B_loJkl: calls $3
*** TURN *** [Js 5s 4c] [Kc]
SLK500: checks
B_loJkl: bets $6
SLK500: folds
Uncalled bet ($6) returned to B_loJkl
B_loJkl collected $23.52 from pot
B_loJkl: doesn't show hand
*** SUMMARY ***
Total pot $24 | Rake $0.48
Board [Js 5s 4c Kc]
Seat 3: SLK500 (big blind) folded on the Turn
Seat 4: B_loJkl (button) (small blind) collected ($23.52)


PokerStars Hand #160538695645:  Hold'em Limit ($3/$6 USD) - 2016/10/28 5:27:49 ET
Table 'Vienna' 6-max Seat #3 is the button
Seat 3: SLK500 ($163.87 in chips)
Seat 4: B_loJkl ($57.58 in chips)
SLK500: posts small blind $1
B_loJkl: posts big blind $3
*** HOLE CARDS ***
SLK500: folds
Uncalled bet ($2) returned to B_loJkl
B_loJkl collected $2 from pot
B_loJkl: doesn't show hand
*** SUMMARY ***
Total pot $2 | Rake $0
Seat 3: SLK500 (button) (small blind) folded before Flop
Seat 4: B_loJkl (big blind) collected ($2)


PokerStars Hand #160538689478:  Hold'em Limit ($3/$6 USD) - 2016/10/28 5:27:33 ET
Table 'Vienna' 6-max Seat #4 is the button
Seat 3: SLK500 ($155.23 in chips)
Seat 4: B_loJkl ($66.58 in chips)
B_loJkl: posts small blind $1
SLK500: posts big blind $3
*** HOLE CARDS ***
B_loJkl: raises $3 to $6
SLK500: calls $3
*** FLOP *** [9h As Jc]
SLK500: checks
B_loJkl: bets $3
SLK500: raises $3 to $6
B_loJkl: folds
Uncalled bet ($3) returned to SLK500
SLK500 collected $17.64 from pot
SLK500: doesn't show hand
*** SUMMARY ***
Total pot $18 | Rake $0.36
Board [9h As Jc]
Seat 3: SLK500 (big blind) collected ($17.64)
Seat 4: B_loJkl (button) (small blind) folded on the Flop


PokerStars Hand #160538670279:  Hold'em Limit ($3/$6 USD) - 2016/10/28 5:26:42 ET
Table 'Vienna' 6-max Seat #3 is the button
Seat 3: SLK500 ($134.73 in chips)
Seat 4: B_loJkl ($87.58 in chips)
SLK500: posts small blind $1
B_loJkl: posts big blind $3
*** HOLE CARDS ***
SLK500: raises $3 to $6
B_loJkl: calls $3
*** FLOP *** [Qc 9c Th]
B_loJkl: checks
SLK500: bets $3
B_loJkl: calls $3
*** TURN *** [Qc 9c Th] [Qh]
B_loJkl: checks
SLK500: bets $6
B_loJkl: calls $6
*** RIVER *** [Qc 9c Th Qh] [Ks]
B_loJkl: checks
SLK500: bets $6
B_loJkl: calls $6
*** SHOW DOWN ***
SLK500: shows [Jh 2h] (a straight, Nine to King)
B_loJkl: mucks hand
SLK500 collected $41.50 from pot
*** SUMMARY ***
Total pot $42 | Rake $0.50
Board [Qc 9c Th Qh Ks]
Seat 3: SLK500 (button) (small blind) showed [Jh 2h] and won ($41.50) with a straight, Nine to King
Seat 4: B_loJkl (big blind) mucked


PokerStars Hand #160538697497:  Hold'em Limit ($3/$6 USD) - 2016/10/28 5:27:54 ET
Table 'Vienna' 6-max Seat #4 is the button
Seat 3: SLK500 ($162.87 in chips)
Seat 4: B_loJkl ($58.58 in chips)
B_loJkl: posts small blind $1
SLK500: posts big blind $3
*** HOLE CARDS ***
B_loJkl: raises $3 to $6
SLK500: calls $3
*** FLOP *** [Ah Jh 6h]
SLK500: checks
B_loJkl: bets $3
SLK500: calls $3
*** TURN *** [Ah Jh 6h] [5c]
SLK500: checks
B_loJkl: bets $6
SLK500: calls $6
*** RIVER *** [Ah Jh 6h 5c] [2c]
SLK500: checks
B_loJkl: bets $6
SLK500: calls $6
*** SHOW DOWN ***
B_loJkl: shows [Th 4h] (a flush, Ace high)
SLK500: mucks hand
B_loJkl collected $41.50 from pot
*** SUMMARY ***
Total pot $42 | Rake $0.50
Board [Ah Jh 6h 5c 2c]
Seat 3: SLK500 (big blind) mucked
Seat 4: B_loJkl (button) (small blind) showed [Th 4h] and won ($41.50) with a flush, Ace high


PokerStars Hand #160538703946:  Hold'em Limit ($3/$6 USD) - 2016/10/28 5:28:11 ET
Table 'Vienna' 6-max Seat #3 is the button
Seat 3: SLK500 ($141.87 in chips)
Seat 4: B_loJkl ($79.08 in chips)
SLK500: posts small blind $1
B_loJkl: posts big blind $3
*** HOLE CARDS ***
SLK500: raises $3 to $6
B_loJkl: raises $3 to $9
SLK500: calls $3
*** FLOP *** [9s 8s Tc]
B_loJkl: bets $3
SLK500: calls $3
*** TURN *** [9s 8s Tc] [Td]
B_loJkl: bets $6
SLK500: raises $6 to $12
B_loJkl: calls $6
*** RIVER *** [9s 8s Tc Td] [3c]
B_loJkl: checks
SLK500: bets $6
B_loJkl: calls $6
*** SHOW DOWN ***
SLK500: shows [7c 6h] (a straight, Six to Ten)
B_loJkl: mucks hand
SLK500 collected $59.50 from pot
*** SUMMARY ***
Total pot $60 | Rake $0.50
Board [9s 8s Tc Td 3c]
Seat 3: SLK500 (button) (small blind) showed [7c 6h] and won ($59.50) with a straight, Six to Ten
Seat 4: B_loJkl (big blind) mucked


PokerStars Hand #160538712569:  Hold'em Limit ($3/$6 USD) - 2016/10/28 5:28:34 ET
Table 'Vienna' 6-max Seat #4 is the button
Seat 3: SLK500 ($171.37 in chips)
Seat 4: B_loJkl ($49.08 in chips)
B_loJkl: posts small blind $1
SLK500: posts big blind $3
*** HOLE CARDS ***
B_loJkl: raises $3 to $6
SLK500: calls $3
*** FLOP *** [Ad 5c 2d]
SLK500: checks
B_loJkl: bets $3
SLK500: raises $3 to $6
B_loJkl: calls $3
*** TURN *** [Ad 5c 2d] [Qd]
SLK500: checks
B_loJkl: bets $6
SLK500: calls $6
*** RIVER *** [Ad 5c 2d Qd] [Kd]
SLK500: checks
B_loJkl: checks
*** SHOW DOWN ***
SLK500: shows [Ks 5s] (two pair, Kings and Fives)
B_loJkl: shows [Ac 2c] (two pair, Aces and Deuces)
B_loJkl collected $35.50 from pot
*** SUMMARY ***
Total pot $36 | Rake $0.50
Board [Ad 5c 2d Qd Kd]
Seat 3: SLK500 (big blind) showed [Ks 5s] and lost with two pair, Kings and Fives
Seat 4: B_loJkl (button) (small blind) showed [Ac 2c] and won ($35.50) with two pair, Aces and Deuces


PokerStars Hand #160538725865:  Hold'em Limit ($3/$6 USD) - 2016/10/28 5:29:09 ET
Table 'Vienna' 6-max Seat #4 is the button
Seat 3: SLK500 ($147.37 in chips)
Seat 4: B_loJkl ($72.34 in chips)
B_loJkl: posts small blind $1
SLK500: posts big blind $3
*** HOLE CARDS ***
B_loJkl: raises $3 to $6
SLK500: calls $3
*** FLOP *** [4d 7s Ah]
SLK500: checks
B_loJkl: bets $3
SLK500: folds
Uncalled bet ($3) returned to B_loJkl
B_loJkl collected $11.76 from pot
B_loJkl: doesn't show hand
*** SUMMARY ***
Total pot $12 | Rake $0.24
Board [4d 7s Ah]
Seat 3: SLK500 (big blind) folded on the Flop
Seat 4: B_loJkl (button) (small blind) collected ($11.76)


PokerStars Hand #160538747258:  Hold'em Limit ($3/$6 USD) - 2016/10/28 5:30:06 ET
Table 'Vienna' 6-max Seat #3 is the button
Seat 3: SLK500 ($152.64 in chips)
Seat 4: B_loJkl ($65.85 in chips)
SLK500: posts small blind $1
B_loJkl: posts big blind $3
*** HOLE CARDS ***
SLK500: folds
Uncalled bet ($2) returned to B_loJkl
B_loJkl collected $2 from pot
B_loJkl: doesn't show hand
*** SUMMARY ***
Total pot $2 | Rake $0
Seat 3: SLK500 (button) (small blind) folded before Flop
Seat 4: B_loJkl (big blind) collected ($2)


PokerStars Hand #160538749190:  Hold'em Limit ($3/$6 USD) - 2016/10/28 5:30:11 ET
Table 'Vienna' 6-max Seat #4 is the button
Seat 3: SLK500 ($151.64 in chips)
Seat 4: B_loJkl ($66.85 in chips)
B_loJkl: posts small blind $1
SLK500: posts big blind $3
*** HOLE CARDS ***
B_loJkl: raises $3 to $6
SLK500: calls $3
*** FLOP *** [5s Jc 4d]
SLK500: bets $3
B_loJkl: calls $3
*** TURN *** [5s Jc 4d] [Ah]
SLK500: bets $6
B_loJkl: raises $6 to $12
SLK500: calls $6
*** RIVER *** [5s Jc 4d Ah] [As]
SLK500: checks
B_loJkl: bets $6
SLK500: folds
Uncalled bet ($6) returned to B_loJkl
B_loJkl collected $41.50 from pot
B_loJkl: doesn't show hand
*** SUMMARY ***
Total pot $42 | Rake $0.50
Board [5s Jc 4d Ah As]
Seat 3: SLK500 (big blind) folded on the River
Seat 4: B_loJkl (button) (small blind) collected ($41.50)


PokerStars Hand #160538740604:  Hold'em Limit ($3/$6 USD) - 2016/10/28 5:29:48 ET
Table 'Vienna' 6-max Seat #4 is the button
Seat 3: SLK500 ($141.12 in chips)
Seat 4: B_loJkl ($77.85 in chips)
B_loJkl: posts small blind $1
SLK500: posts big blind $3
*** HOLE CARDS ***
B_loJkl: raises $3 to $6
SLK500: raises $3 to $9
B_loJkl: calls $3
*** FLOP *** [2s Td 2c]
SLK500: bets $3
B_loJkl: calls $3
*** TURN *** [2s Td 2c] [8d]
SLK500: bets $6
B_loJkl: folds
Uncalled bet ($6) returned to SLK500
SLK500 collected $23.52 from pot
SLK500: doesn't show hand
*** SUMMARY ***
Total pot $24 | Rake $0.48
Board [2s Td 2c 8d]
Seat 3: SLK500 (big blind) collected ($23.52)
Seat 4: B_loJkl (button) (small blind) folded on the Turn


PokerStars Hand #160538730276:  Hold'em Limit ($3/$6 USD) - 2016/10/28 5:29:21 ET
Table 'Vienna' 6-max Seat #3 is the button
Seat 3: SLK500 ($141.37 in chips)
Seat 4: B_loJkl ($78.10 in chips)
SLK500: posts small blind $1
B_loJkl: posts big blind $3
*** HOLE CARDS ***
SLK500: raises $3 to $6
B_loJkl: calls $3
*** FLOP *** [Ad 9c 2d]
B_loJkl: checks
SLK500: bets $3
B_loJkl: raises $3 to $6
SLK500: calls $3
*** TURN *** [Ad 9c 2d] [2c]
B_loJkl: bets $6
SLK500: calls $6
*** RIVER *** [Ad 9c 2d 2c] [7d]
B_loJkl: bets $6
SLK500: calls $6
*** SHOW DOWN ***
B_loJkl: shows [As 8c] (two pair, Aces and Deuces)
SLK500: shows [8d Ac] (two pair, Aces and Deuces)
B_loJkl collected $23.75 from pot
SLK500 collected $23.75 from pot
*** SUMMARY ***
Total pot $48 | Rake $0.50
Board [Ad 9c 2d 2c 7d]
Seat 3: SLK500 (button) (small blind) showed [8d Ac] and won ($23.75) with two pair, Aces and Deuces
Seat 4: B_loJkl (big blind) showed [As 8c] and won ($23.75) with two pair, Aces and Deuces


PokerStars Hand #160538755568:  Hold'em Limit ($3/$6 USD) - 2016/10/28 5:30:28 ET
Table 'Vienna' 6-max Seat #3 is the button
Seat 3: SLK500 ($130.64 in chips)
Seat 4: B_loJkl ($87.35 in chips)
SLK500: posts small blind $1
B_loJkl: posts big blind $3
*** HOLE CARDS ***
SLK500: raises $3 to $6
B_loJkl: calls $3
*** FLOP *** [5h 6s Js]
B_loJkl: checks
SLK500: bets $3
B_loJkl: calls $3
*** TURN *** [5h 6s Js] [4h]
B_loJkl: checks
SLK500: bets $6
B_loJkl: calls $6
*** RIVER *** [5h 6s Js 4h] [Ah]
B_loJkl: checks
SLK500: checks
*** SHOW DOWN ***
B_loJkl: shows [Ad 3s] (a pair of Aces)
SLK500: mucks hand
B_loJkl collected $29.50 from pot
*** SUMMARY ***
Total pot $30 | Rake $0.50
Board [5h 6s Js 4h Ah]
Seat 3: SLK500 (button) (small blind) mucked
Seat 4: B_loJkl (big blind) showed [Ad 3s] and won ($29.50) with a pair of Aces


PokerStars Hand #160538761799:  Hold'em Limit ($3/$6 USD) - 2016/10/28 5:30:45 ET
Table 'Vienna' 6-max Seat #4 is the button
Seat 3: SLK500 ($115.64 in chips)
Seat 4: B_loJkl ($101.85 in chips)
B_loJkl: posts small blind $1
SLK500: posts big blind $3
*** HOLE CARDS ***
B_loJkl: raises $3 to $6
SLK500: raises $3 to $9
B_loJkl: calls $3
*** FLOP *** [Js 7d 3s]
SLK500: bets $3
B_loJkl: calls $3
*** TURN *** [Js 7d 3s] [6d]
SLK500: checks
B_loJkl: bets $6
SLK500: calls $6
*** RIVER *** [Js 7d 3s 6d] [2h]
SLK500: checks
B_loJkl: bets $6
SLK500: calls $6
*** SHOW DOWN ***
B_loJkl: shows [7h 4h] (a pair of Sevens)
SLK500: mucks hand
B_loJkl collected $47.50 from pot
*** SUMMARY ***
Total pot $48 | Rake $0.50
Board [Js 7d 3s 6d 2h]
Seat 3: SLK500 (big blind) mucked
Seat 4: B_loJkl (button) (small blind) showed [7h 4h] and won ($47.50) with a pair of Sevens


PokerStars Hand #160538769457:  Hold'em Limit ($3/$6 USD) - 2016/10/28 5:31:04 ET
Table 'Vienna' 6-max Seat #3 is the button
Seat 3: SLK500 ($91.64 in chips)
Seat 4: B_loJkl ($125.35 in chips)
SLK500: posts small blind $1
B_loJkl: posts big blind $3
*** HOLE CARDS ***
SLK500: raises $3 to $6
B_loJkl: calls $3
*** FLOP *** [9c 4c 9h]
B_loJkl: checks
SLK500: bets $3
B_loJkl: calls $3
*** TURN *** [9c 4c 9h] [Kc]
B_loJkl: checks
SLK500: bets $6
B_loJkl: calls $6
*** RIVER *** [9c 4c 9h Kc] [2c]
B_loJkl: checks
SLK500: checks
*** SHOW DOWN ***
B_loJkl: shows [7c 8d] (a flush, King high)
SLK500: mucks hand
B_loJkl collected $29.50 from pot
*** SUMMARY ***
Total pot $30 | Rake $0.50
Board [9c 4c 9h Kc 2c]
Seat 3: SLK500 (button) (small blind) mucked
Seat 4: B_loJkl (big blind) showed [7c 8d] and won ($29.50) with a flush, King high


PokerStars Hand #160538779982:  Hold'em Limit ($3/$6 USD) - 2016/10/28 5:31:32 ET
Table 'Vienna' 6-max Seat #4 is the button
Seat 3: SLK500 ($76.64 in chips)
Seat 4: B_loJkl ($139.85 in chips)
B_loJkl: posts small blind $1
SLK500: posts big blind $3
*** HOLE CARDS ***
B_loJkl: raises $3 to $6
SLK500: calls $3
*** FLOP *** [6c 9c 6h]
SLK500: bets $3
B_loJkl: folds
Uncalled bet ($3) returned to SLK500
SLK500 collected $11.76 from pot
SLK500: doesn't show hand
*** SUMMARY ***
Total pot $12 | Rake $0.24
Board [6c 9c 6h]
Seat 3: SLK500 (big blind) collected ($11.76)
Seat 4: B_loJkl (button) (small blind) folded on the Flop


PokerStars Hand #160538784556:  Hold'em Limit ($3/$6 USD) - 2016/10/28 5:31:44 ET
Table 'Vienna' 6-max Seat #3 is the button
Seat 3: SLK500 ($82.40 in chips)
Seat 4: B_loJkl ($133.85 in chips)
SLK500: posts small blind $1
B_loJkl: posts big blind $3
*** HOLE CARDS ***
SLK500: raises $3 to $6
B_loJkl: calls $3
*** FLOP *** [9d Ts 2s]
B_loJkl: checks
SLK500: bets $3
B_loJkl: folds
Uncalled bet ($3) returned to SLK500
michi99999 joins the table at seat #6
SLK500 collected $11.76 from pot
SLK500: doesn't show hand
sinsadir joins the table at seat #1
*** SUMMARY ***
Total pot $12 | Rake $0.24
Board [9d Ts 2s]
Seat 3: SLK500 (button) (small blind) collected ($11.76)
Seat 4: B_loJkl (big blind) folded on the Flop


PokerStars Hand #160538912771:  Hold'em Limit ($3/$6 USD) - 2016/10/28 5:37:17 ET
Table 'Vienna' 6-max Seat #6 is the button
Seat 2: Ag3r0n ($72 in chips)
Seat 6: michi99999 ($148.13 in chips)
michi99999: posts small blind $1
sinsadir: is sitting out
Ag3r0n: posts big blind $3
*** HOLE CARDS ***
michi99999: calls $2
sinsadir leaves the table
Ag3r0n: checks
*** FLOP *** [Qh Qs 4s]
Ag3r0n: bets $3
B_loJkl leaves the table
michi99999: folds
Uncalled bet ($3) returned to Ag3r0n
Ag3r0n collected $5.88 from pot
*** SUMMARY ***
Total pot $6 | Rake $0.12
Board [Qh Qs 4s]
Seat 2: Ag3r0n (big blind) collected ($5.88)
Seat 6: michi99999 (button) (small blind) folded on the Flop


PokerStars Hand #160538917041:  Hold'em Limit ($3/$6 USD) - 2016/10/28 5:37:29 ET
Table 'Vienna' 6-max Seat #2 is the button
Seat 2: Ag3r0n ($74.88 in chips)
Seat 6: michi99999 ($145.13 in chips)
Ag3r0n: posts small blind $1
B_loJkl joins the table at seat #1
michi99999: posts big blind $3
*** HOLE CARDS ***
Ag3r0n: raises $3 to $6
michi99999: raises $3 to $9
Ag3r0n: calls $3
*** FLOP *** [8h Jh 2s]
michi99999: bets $3
Ag3r0n: calls $3
*** TURN *** [8h Jh 2s] [2h]
michi99999: bets $6
Ag3r0n: calls $6
*** RIVER *** [8h Jh 2s 2h] [Qc]
michi99999: bets $6
Ag3r0n: folds
Uncalled bet ($6) returned to michi99999
michi99999 collected $35.50 from pot
michi99999: doesn't show hand
*** SUMMARY ***
Total pot $36 | Rake $0.50
Board [8h Jh 2s 2h Qc]
Seat 2: Ag3r0n (button) (small blind) folded on the River
Seat 6: michi99999 (big blind) collected ($35.50)


PokerStars Hand #160539385520:  Hold'em Limit ($3/$6 USD) - 2016/10/28 5:57:42 ET
Table 'Vienna' 6-max Seat #2 is the button
Seat 2: Ag3r0n ($203.21 in chips)
Seat 5: VolkovDmitri ($129.84 in chips)
DDriessen is disconnected
DDriessen has timed out while disconnected
DDriessen: is sitting out
Ag3r0n: posts small blind $1
VolkovDmitri: posts big blind $3
*** HOLE CARDS ***
Ag3r0n: raises $3 to $6
VolkovDmitri: calls $3
*** FLOP *** [8c 4d 4c]
VolkovDmitri: checks
Ag3r0n: bets $3
VolkovDmitri: raises $3 to $6
Ag3r0n: calls $3
*** TURN *** [8c 4d 4c] [Ah]
VolkovDmitri: checks
Ag3r0n: checks
*** RIVER *** [8c 4d 4c Ah] [Td]
VolkovDmitri: bets $6
Ag3r0n: folds
Uncalled bet ($6) returned to VolkovDmitri
VolkovDmitri collected $23.52 from pot
VolkovDmitri: doesn't show hand
*** SUMMARY ***
Total pot $24 | Rake $0.48
Board [8c 4d 4c Ah Td]
Seat 2: Ag3r0n (button) (small blind) folded on the River
Seat 5: VolkovDmitri (big blind) collected ($23.52)


PokerStars Hand #160539409126:  Hold'em Limit ($3/$6 USD) - 2016/10/28 5:58:49 ET
Table 'Vienna' 6-max Seat #5 is the button
Seat 2: Ag3r0n ($191.21 in chips)
Seat 5: VolkovDmitri ($141.36 in chips)
VolkovDmitri: posts small blind $1
Ag3r0n: posts big blind $3
*** HOLE CARDS ***
VolkovDmitri: raises $3 to $6
Ag3r0n: raises $3 to $9
VolkovDmitri: calls $3
*** FLOP *** [5d Td Qs]
Ag3r0n: bets $3
VolkovDmitri: folds
Uncalled bet ($3) returned to Ag3r0n
Ag3r0n collected $17.64 from pot
*** SUMMARY ***
Total pot $18 | Rake $0.36
Board [5d Td Qs]
Seat 2: Ag3r0n (big blind) collected ($17.64)
Seat 5: VolkovDmitri (button) (small blind) folded on the Flop


PokerStars Hand #160540528922:  Hold'em Limit ($3/$6 USD) - 2016/10/28 6:43:27 ET
Table 'Vienna' 6-max Seat #4 is the button
Seat 1: andrey0709 ($132.54 in chips)
Seat 4: TbIP-TbIP 88 ($94.54 in chips)
sinsadir will be allowed to play after the button
TbIP-TbIP 88: posts small blind $1
vestimokrec: is sitting out
andrey0709: posts big blind $3
*** HOLE CARDS ***
vestimokrec leaves the table
TbIP-TbIP 88: raises $3 to $6
andrey0709: calls $3
*** FLOP *** [9d Ah 2h]
andrey0709: checks
TbIP-TbIP 88: bets $3
andrey0709: calls $3
*** TURN *** [9d Ah 2h] [Js]
andrey0709: checks
TbIP-TbIP 88: checks
*** RIVER *** [9d Ah 2h Js] [2c]
andrey0709: checks
TbIP-TbIP 88: checks
*** SHOW DOWN ***
andrey0709: shows [Qd 7d] (a pair of Deuces)
TbIP-TbIP 88: shows [8c Qc] (a pair of Deuces)
andrey0709 collected $8.82 from pot
TbIP-TbIP 88 collected $8.82 from pot
*** SUMMARY ***
Total pot $18 | Rake $0.36
Board [9d Ah 2h Js 2c]
Seat 1: andrey0709 (big blind) showed [Qd 7d] and won ($8.82) with a pair of Deuces
Seat 4: TbIP-TbIP 88 (button) (small blind) showed [8c Qc] and won ($8.82) with a pair of Deuces


PokerStars Hand #160540585262:  Hold'em Limit ($3/$6 USD) - 2016/10/28 6:45:36 ET
Table 'Vienna' 6-max Seat #1 is the button
Seat 1: andrey0709 ($117 in chips)
Seat 2: sinsadir ($163 in chips)
andrey0709: posts small blind $1
sinsadir: posts big blind $3
*** HOLE CARDS ***
andrey0709: raises $3 to $6
sinsadir: raises $3 to $9
andrey0709: raises $3 to $12
Betting is capped
sinsadir: calls $3
*** FLOP *** [3d 7c 4h]
sinsadir: checks
andrey0709: checks
*** TURN *** [3d 7c 4h] [2h]
sinsadir: checks
andrey0709: bets $6
sinsadir: calls $6
*** RIVER *** [3d 7c 4h 2h] [2c]
sinsadir: checks
andrey0709: checks
*** SHOW DOWN ***
sinsadir: shows [Qd Kc] (a pair of Deuces)
andrey0709: shows [As Th] (a pair of Deuces - Ace kicker)
andrey0709 collected $35.50 from pot
*** SUMMARY ***
Total pot $36 | Rake $0.50
Board [3d 7c 4h 2h 2c]
Seat 1: andrey0709 (button) (small blind) showed [As Th] and won ($35.50) with a pair of Deuces
Seat 2: sinsadir (big blind) showed [Qd Kc] and lost with a pair of Deuces


PokerStars Hand #160540574823:  Hold'em Limit ($3/$6 USD) - 2016/10/28 6:45:12 ET
Table 'Vienna' 6-max Seat #2 is the button
Seat 1: andrey0709 ($108.36 in chips)
Seat 2: sinsadir ($172 in chips)
sinsadir: posts small blind $1
TbIP-TbIP 88: is sitting out
andrey0709: posts big blind $3
*** HOLE CARDS ***
sinsadir: raises $3 to $6
andrey0709: calls $3
*** FLOP *** [5d Kc Tc]
TbIP-TbIP 88 leaves the table
andrey0709: checks
sinsadir: bets $3
andrey0709: calls $3
*** TURN *** [5d Kc Tc] [9h]
andrey0709: checks
sinsadir: checks
*** RIVER *** [5d Kc Tc 9h] [8c]
andrey0709: bets $6
sinsadir: folds
Uncalled bet ($6) returned to andrey0709
andrey0709 collected $17.64 from pot
*** SUMMARY ***
Total pot $18 | Rake $0.36
Board [5d Kc Tc 9h 8c]
Seat 1: andrey0709 (big blind) collected ($17.64)
Seat 2: sinsadir (button) (small blind) folded on the River


PokerStars Hand #160540602400:  Hold'em Limit ($3/$6 USD) - 2016/10/28 6:46:14 ET
Table 'Vienna' 6-max Seat #2 is the button
Seat 1: andrey0709 ($134.50 in chips)
Seat 2: sinsadir ($145 in chips)
sinsadir: posts small blind $1
andrey0709: posts big blind $3
*** HOLE CARDS ***
sinsadir: folds
Uncalled bet ($2) returned to andrey0709
andrey0709 collected $2 from pot
*** SUMMARY ***
Total pot $2 | Rake $0
Seat 1: andrey0709 (big blind) collected ($2)
Seat 2: sinsadir (button) (small blind) folded before Flop


