PokerStars Hand #156128673823:  Hold'em Limit ($3/$6 USD) - 2016/07/18 10:58:24 ET
Table 'Vienna' 6-max Seat #3 is the button
Seat 3: $liwamor ($109.67 in chips)
Seat 4: diamont flus ($90.82 in chips)
$liwamor: posts small blind $1
diamont flus: posts big blind $3
*** HOLE CARDS ***
$liwamor: folds
Uncalled bet ($2) returned to diamont flus
diamont flus collected $2 from pot
*** SUMMARY ***
Total pot $2 | Rake $0
Seat 3: $liwamor (button) (small blind) folded before Flop
Seat 4: diamont flus (big blind) collected ($2)


PokerStars Hand #156128679011:  Hold'em Limit ($3/$6 USD) - 2016/07/18 10:58:35 ET
Table 'Vienna' 6-max Seat #3 is the button
Seat 3: $liwamor ($109.67 in chips)
Seat 4: diamont flus ($90.82 in chips)
$liwamor: posts small blind $1
diamont flus: posts big blind $3
*** HOLE CARDS ***
$liwamor: raises $3 to $6
diamont flus: calls $3
*** FLOP *** [2c Ah 4h]
diamont flus: checks
$liwamor: bets $3
diamont flus: folds
Uncalled bet ($3) returned to $liwamor
$liwamor collected $11.76 from pot
$liwamor: doesn't show hand
*** SUMMARY ***
Total pot $12 | Rake $0.24
Board [2c Ah 4h]
Seat 3: $liwamor (button) (small blind) collected ($11.76)
Seat 4: diamont flus (big blind) folded on the Flop


PokerStars Hand #156128676670:  Hold'em Limit ($3/$6 USD) - 2016/07/18 10:58:30 ET
Table 'Vienna' 6-max Seat #4 is the button
Seat 3: $liwamor ($108.67 in chips)
Seat 4: diamont flus ($91.82 in chips)
diamont flus: posts small blind $1
$liwamor: posts big blind $3
*** HOLE CARDS ***
diamont flus: folds
Uncalled bet ($2) returned to $liwamor
$liwamor collected $2 from pot
$liwamor: doesn't show hand
Necromadx joins the table at seat #6
*** SUMMARY ***
Total pot $2 | Rake $0
Seat 3: $liwamor (big blind) collected ($2)
Seat 4: diamont flus (button) (small blind) folded before Flop


PokerStars Hand #156129611881:  Hold'em Limit ($3/$6 USD) - 2016/07/18 11:25:36 ET
Table 'Vienna' 6-max Seat #5 is the button
Seat 3: feilinho ($161.86 in chips)
Seat 5: ABATAPP ($100.95 in chips)
ABATAPP: posts small blind $1
feilinho: posts big blind $3
*** HOLE CARDS ***
Günni1959 leaves the table
ABATAPP: raises $3 to $6
feilinho: raises $3 to $9
Ale4o leaves the table
ABATAPP: calls $3
*** FLOP *** [8s Kh 7s]
feilinho: bets $3
ABATAPP: calls $3
*** TURN *** [8s Kh 7s] [2s]
feilinho: checks
ABATAPP: bets $6
feilinho: calls $6
*** RIVER *** [8s Kh 7s 2s] [Jh]
feilinho: checks
ABATAPP: checks
*** SHOW DOWN ***
feilinho: shows [Qh Ah] (high card Ace)
ABATAPP: shows [8c 6d] (a pair of Eights)
ABATAPP collected $35.50 from pot
*** SUMMARY ***
Total pot $36 | Rake $0.50
Board [8s Kh 7s 2s Jh]
Seat 3: feilinho (big blind) showed [Qh Ah] and lost with high card Ace
Seat 5: ABATAPP (button) (small blind) showed [8c 6d] and won ($35.50) with a pair of Eights


PokerStars Hand #156129624405:  Hold'em Limit ($3/$6 USD) - 2016/07/18 11:25:57 ET
Table 'Vienna' 6-max Seat #3 is the button
Seat 3: feilinho ($143.86 in chips)
Seat 5: ABATAPP ($118.45 in chips)
feilinho: posts small blind $1
ABATAPP: posts big blind $3
*** HOLE CARDS ***
feilinho: raises $3 to $6
ABATAPP: raises $3 to $9
feilinho: calls $3
*** FLOP *** [As Td 6s]
ABATAPP: checks
feilinho: bets $3
ABATAPP: calls $3
*** TURN *** [As Td 6s] [6h]
ABATAPP: checks
feilinho: bets $6
ABATAPP: calls $6
*** RIVER *** [As Td 6s 6h] [Qd]
ABATAPP: checks
feilinho: bets $6
ABATAPP: calls $6
*** SHOW DOWN ***
feilinho: shows [Ah 2c] (two pair, Aces and Sixes)
ABATAPP: mucks hand
feilinho collected $47.50 from pot
*** SUMMARY ***
Total pot $48 | Rake $0.50
Board [As Td 6s 6h Qd]
Seat 3: feilinho (button) (small blind) showed [Ah 2c] and won ($47.50) with two pair, Aces and Sixes
Seat 5: ABATAPP (big blind) mucked


