PokerStars Hand #145920449142:  Hold'em Limit ($3/$6 USD) - 2015/12/25 18:58:17 ET
Table 'Vienna II' 10-max Seat #7 is the button
Seat 5: mylifeluvsol ($19.90 in chips)
Seat 7: ChrisTuff ($159.02 in chips)
ChrisTuff: posts small blind $1
mylifeluvsol: posts big blind $3
*** HOLE CARDS ***
ChrisTuff: raises $3 to $6
mylifeluvsol: calls $3
*** FLOP *** [Js 5h Kc]
mylifeluvsol: checks
ChrisTuff: bets $3
mylifeluvsol: calls $3
*** TURN *** [Js 5h Kc] [8c]
mylifeluvsol: checks
ChrisTuff: bets $6
mylifeluvsol: raises $4.90 to $10.90 and is all-in
ChrisTuff: calls $4.90
*** RIVER *** [Js 5h Kc 8c] [4h]
*** SHOW DOWN ***
mylifeluvsol: shows [Ks 3d] (a pair of Kings)
ChrisTuff: shows [Kh 6s] (a pair of Kings - Jack+Eight+Six kicker)
ChrisTuff collected $39.30 from pot
*** SUMMARY ***
Total pot $39.80 | Rake $0.50
Board [Js 5h Kc 8c 4h]
Seat 5: mylifeluvsol (big blind) showed [Ks 3d] and lost with a pair of Kings
Seat 7: ChrisTuff (button) (small blind) showed [Kh 6s] and won ($39.30) with a pair of Kings


PokerStars Hand #145920439098:  Hold'em Limit ($3/$6 USD) - 2015/12/25 18:58:00 ET
Table 'Vienna II' 10-max Seat #5 is the button
Seat 5: mylifeluvsol ($31.90 in chips)
Seat 7: ChrisTuff ($147.50 in chips)
mylifeluvsol: posts small blind $1
ChrisTuff: posts big blind $3
*** HOLE CARDS ***
mylifeluvsol: raises $3 to $6
ChrisTuff: calls $3
*** FLOP *** [6d Jh 6s]
ChrisTuff: checks
mylifeluvsol: bets $3
ChrisTuff: raises $3 to $6
mylifeluvsol: calls $3
*** TURN *** [6d Jh 6s] [9c]
ChrisTuff: bets $6
mylifeluvsol: folds
Uncalled bet ($6) returned to ChrisTuff
ChrisTuff collected $23.52 from pot
ChrisTuff: doesn't show hand
*** SUMMARY ***
Total pot $24 | Rake $0.48
Board [6d Jh 6s 9c]
Seat 5: mylifeluvsol (button) (small blind) folded on the Turn
Seat 7: ChrisTuff (big blind) collected ($23.52)


PokerStars Hand #145920487041:  Hold'em Limit ($3/$6 USD) - 2015/12/25 18:59:19 ET
Table 'Vienna II' 10-max Seat #7 is the button
Seat 5: mylifeluvsol ($61.84 in chips)
Seat 7: ChrisTuff ($184.18 in chips)
ChrisTuff: posts small blind $1
mylifeluvsol: posts big blind $3
*** HOLE CARDS ***
ChrisTuff: raises $3 to $6
mylifeluvsol: raises $3 to $9
ChrisTuff: calls $3
*** FLOP *** [9h 5d 8d]
mylifeluvsol: bets $3
ChrisTuff: calls $3
*** TURN *** [9h 5d 8d] [3d]
mylifeluvsol: bets $6
ChrisTuff: calls $6
*** RIVER *** [9h 5d 8d 3d] [4c]
mylifeluvsol: bets $6
ChrisTuff: calls $6
*** SHOW DOWN ***
mylifeluvsol: shows [4s 4d] (three of a kind, Fours)
ChrisTuff: mucks hand
mylifeluvsol collected $47.50 from pot
*** SUMMARY ***
Total pot $48 | Rake $0.50
Board [9h 5d 8d 3d 4c]
Seat 5: mylifeluvsol (big blind) showed [4s 4d] and won ($47.50) with three of a kind, Fours
Seat 7: ChrisTuff (button) (small blind) mucked


PokerStars Hand #145920475989:  Hold'em Limit ($3/$6 USD) - 2015/12/25 18:59:01 ET
Table 'Vienna II' 10-max Seat #5 is the button
Seat 5: mylifeluvsol ($67.84 in chips)
Seat 7: ChrisTuff ($178.42 in chips)
mylifeluvsol: posts small blind $1
ChrisTuff: posts big blind $3
*** HOLE CARDS ***
mylifeluvsol: raises $3 to $6
ChrisTuff: calls $3
*** FLOP *** [Jc 2c 7d]
ChrisTuff: checks
mylifeluvsol: checks
*** TURN *** [Jc 2c 7d] [Qh]
ChrisTuff: bets $6
mylifeluvsol: folds
Uncalled bet ($6) returned to ChrisTuff
ChrisTuff collected $11.76 from pot
ChrisTuff: doesn't show hand
*** SUMMARY ***
Total pot $12 | Rake $0.24
Board [Jc 2c 7d Qh]
Seat 5: mylifeluvsol (button) (small blind) folded on the Turn
Seat 7: ChrisTuff (big blind) collected ($11.76)


PokerStars Hand #145920530076:  Hold'em Limit ($3/$6 USD) - 2015/12/25 19:00:29 ET
Table 'Vienna II' 10-max Seat #7 is the button
Seat 5: mylifeluvsol ($97.86 in chips)
Seat 7: ChrisTuff ($147.18 in chips)
ChrisTuff: posts small blind $1
mylifeluvsol: posts big blind $3
*** HOLE CARDS ***
ChrisTuff: raises $3 to $6
mylifeluvsol: folds
Uncalled bet ($3) returned to ChrisTuff
ChrisTuff collected $6 from pot
ChrisTuff: doesn't show hand
*** SUMMARY ***
Total pot $6 | Rake $0
Seat 5: mylifeluvsol (big blind) folded before Flop
Seat 7: ChrisTuff (button) (small blind) collected ($6)


PokerStars Hand #145920519664:  Hold'em Limit ($3/$6 USD) - 2015/12/25 19:00:12 ET
Table 'Vienna II' 10-max Seat #5 is the button
Seat 5: mylifeluvsol ($92.10 in chips)
Seat 7: ChrisTuff ($153.18 in chips)
mylifeluvsol: posts small blind $1
ChrisTuff: posts big blind $3
*** HOLE CARDS ***
mylifeluvsol: raises $3 to $6
ChrisTuff: calls $3
*** FLOP *** [3d 3s Th]
ChrisTuff: checks
mylifeluvsol: bets $3
ChrisTuff: folds
Uncalled bet ($3) returned to mylifeluvsol
mylifeluvsol collected $11.76 from pot
mylifeluvsol: doesn't show hand
*** SUMMARY ***
Total pot $12 | Rake $0.24
Board [3d 3s Th]
Seat 5: mylifeluvsol (button) (small blind) collected ($11.76)
Seat 7: ChrisTuff (big blind) folded on the Flop


PokerStars Hand #145920516256:  Hold'em Limit ($3/$6 USD) - 2015/12/25 19:00:07 ET
Table 'Vienna II' 10-max Seat #7 is the button
Seat 5: mylifeluvsol ($91.10 in chips)
Seat 7: ChrisTuff ($154.18 in chips)
ChrisTuff: posts small blind $1
mylifeluvsol: posts big blind $3
*** HOLE CARDS ***
ChrisTuff: folds
Uncalled bet ($2) returned to mylifeluvsol
mylifeluvsol collected $2 from pot
mylifeluvsol: doesn't show hand
*** SUMMARY ***
Total pot $2 | Rake $0
Seat 5: mylifeluvsol (big blind) collected ($2)
Seat 7: ChrisTuff (button) (small blind) folded before Flop


PokerStars Hand #145920504961:  Hold'em Limit ($3/$6 USD) - 2015/12/25 18:59:49 ET
Table 'Vienna II' 10-max Seat #5 is the button
Seat 5: mylifeluvsol ($85.34 in chips)
Seat 7: ChrisTuff ($160.18 in chips)
mylifeluvsol: posts small blind $1
ChrisTuff: posts big blind $3
*** HOLE CARDS ***
mylifeluvsol: raises $3 to $6
ChrisTuff: calls $3
*** FLOP *** [Jh 8c 8h]
ChrisTuff: checks
mylifeluvsol: checks
*** TURN *** [Jh 8c 8h] [Jd]
ChrisTuff: checks
mylifeluvsol: bets $6
ChrisTuff: folds
Uncalled bet ($6) returned to mylifeluvsol
mylifeluvsol collected $11.76 from pot
mylifeluvsol: doesn't show hand
*** SUMMARY ***
Total pot $12 | Rake $0.24
Board [Jh 8c 8h Jd]
Seat 5: mylifeluvsol (button) (small blind) collected ($11.76)
Seat 7: ChrisTuff (big blind) folded on the Turn


PokerStars Hand #145920533922:  Hold'em Limit ($3/$6 USD) - 2015/12/25 19:00:35 ET
Table 'Vienna II' 10-max Seat #5 is the button
Seat 5: mylifeluvsol ($94.86 in chips)
Seat 7: ChrisTuff ($150.18 in chips)
mylifeluvsol: posts small blind $1
ChrisTuff: posts big blind $3
*** HOLE CARDS ***
mylifeluvsol: raises $3 to $6
ChrisTuff: calls $3
*** FLOP *** [5h 7h 9h]
ChrisTuff: bets $3
mylifeluvsol: calls $3
*** TURN *** [5h 7h 9h] [Tc]
ChrisTuff: bets $6
mylifeluvsol: raises $6 to $12
ChrisTuff: calls $6
*** RIVER *** [5h 7h 9h Tc] [7s]
ChrisTuff: checks
mylifeluvsol: bets $6
ChrisTuff: raises $6 to $12
mylifeluvsol: calls $6
*** SHOW DOWN ***
ChrisTuff: shows [7d Th] (a full house, Sevens full of Tens)
mylifeluvsol: mucks hand
ChrisTuff collected $65.50 from pot
*** SUMMARY ***
Total pot $66 | Rake $0.50
Board [5h 7h 9h Tc 7s]
Seat 5: mylifeluvsol (button) (small blind) mucked
Seat 7: ChrisTuff (big blind) showed [7d Th] and won ($65.50) with a full house, Sevens full of Tens


PokerStars Hand #145920603008:  Hold'em Limit ($3/$6 USD) - 2015/12/25 19:02:17 ET
Table 'Vienna II' 10-max Seat #5 is the button
Seat 5: mylifeluvsol ($76.36 in chips)
Seat 7: ChrisTuff ($167.68 in chips)
mylifeluvsol: posts small blind $1
ChrisTuff: posts big blind $3
*** HOLE CARDS ***
mylifeluvsol: raises $3 to $6
ChrisTuff: calls $3
*** FLOP *** [Ad 6h 8h]
ChrisTuff: checks
mylifeluvsol: bets $3
ChrisTuff: raises $3 to $6
mylifeluvsol: raises $3 to $9
ChrisTuff: raises $3 to $12
Betting is capped
mylifeluvsol: calls $3
*** TURN *** [Ad 6h 8h] [Js]
ChrisTuff: bets $6
mylifeluvsol: calls $6
*** RIVER *** [Ad 6h 8h Js] [2s]
ChrisTuff: bets $6
mylifeluvsol: calls $6
*** SHOW DOWN ***
ChrisTuff: shows [3h Ah] (a pair of Aces)
mylifeluvsol: mucks hand
ChrisTuff collected $59.50 from pot
*** SUMMARY ***
Total pot $60 | Rake $0.50
Board [Ad 6h 8h Js 2s]
Seat 5: mylifeluvsol (button) (small blind) mucked
Seat 7: ChrisTuff (big blind) showed [3h Ah] and won ($59.50) with a pair of Aces


PokerStars Hand #145920647872:  Hold'em Limit ($3/$6 USD) - 2015/12/25 19:03:21 ET
Table 'Vienna II' 10-max Seat #5 is the button
Seat 5: mylifeluvsol ($66.86 in chips)
Seat 7: ChrisTuff ($176.18 in chips)
mylifeluvsol: posts small blind $1
ChrisTuff: posts big blind $3
*** HOLE CARDS ***
mylifeluvsol: calls $2
ChrisTuff: raises $3 to $6
mylifeluvsol: calls $3
*** FLOP *** [7d 2d 3s]
ChrisTuff: bets $3
mylifeluvsol: calls $3
*** TURN *** [7d 2d 3s] [8s]
ChrisTuff: checks
mylifeluvsol: bets $6
ChrisTuff: calls $6
*** RIVER *** [7d 2d 3s 8s] [4h]
ChrisTuff: checks
mylifeluvsol: bets $6
ChrisTuff: calls $6
*** SHOW DOWN ***
mylifeluvsol: shows [7h Ks] (a pair of Sevens)
ChrisTuff: mucks hand
mylifeluvsol collected $41.50 from pot
*** SUMMARY ***
Total pot $42 | Rake $0.50
Board [7d 2d 3s 8s 4h]
Seat 5: mylifeluvsol (button) (small blind) showed [7h Ks] and won ($41.50) with a pair of Sevens
Seat 7: ChrisTuff (big blind) mucked


PokerStars Hand #145920628751:  Hold'em Limit ($3/$6 USD) - 2015/12/25 19:02:53 ET
Table 'Vienna II' 10-max Seat #7 is the button
Seat 5: mylifeluvsol ($46.36 in chips)
Seat 7: ChrisTuff ($197.18 in chips)
ChrisTuff: posts small blind $1
mylifeluvsol: posts big blind $3
*** HOLE CARDS ***
ChrisTuff: raises $3 to $6
mylifeluvsol: raises $3 to $9
ChrisTuff: calls $3
*** FLOP *** [3h 5d 5s]
mylifeluvsol: checks
ChrisTuff: checks
*** TURN *** [3h 5d 5s] [8d]
mylifeluvsol: bets $6
ChrisTuff: calls $6
*** RIVER *** [3h 5d 5s 8d] [7c]
mylifeluvsol: bets $6
ChrisTuff: calls $6
*** SHOW DOWN ***
mylifeluvsol: shows [8c Qc] (two pair, Eights and Fives)
ChrisTuff: mucks hand
mylifeluvsol collected $41.50 from pot
*** SUMMARY ***
Total pot $42 | Rake $0.50
Board [3h 5d 5s 8d 7c]
Seat 5: mylifeluvsol (big blind) showed [8c Qc] and won ($41.50) with two pair, Eights and Fives
Seat 7: ChrisTuff (button) (small blind) mucked


PokerStars Hand #145920690243:  Hold'em Limit ($3/$6 USD) - 2015/12/25 19:04:21 ET
Table 'Vienna II' 10-max Seat #7 is the button
Seat 5: mylifeluvsol ($110.86 in chips)
Seat 7: ChrisTuff ($131.06 in chips)
ChrisTuff: posts small blind $1
mylifeluvsol: posts big blind $3
*** HOLE CARDS ***
ChrisTuff: folds
Uncalled bet ($2) returned to mylifeluvsol
mylifeluvsol collected $2 from pot
mylifeluvsol: doesn't show hand
*** SUMMARY ***
Total pot $2 | Rake $0
Seat 5: mylifeluvsol (big blind) collected ($2)
Seat 7: ChrisTuff (button) (small blind) folded before Flop


PokerStars Hand #145920683254:  Hold'em Limit ($3/$6 USD) - 2015/12/25 19:04:11 ET
Table 'Vienna II' 10-max Seat #5 is the button
Seat 5: mylifeluvsol ($113.86 in chips)
Seat 7: ChrisTuff ($128.18 in chips)
mylifeluvsol: posts small blind $1
ChrisTuff: posts big blind $3
*** HOLE CARDS ***
mylifeluvsol: calls $2
ChrisTuff: checks
*** FLOP *** [Kh Qs 4s]
ChrisTuff: bets $3
mylifeluvsol: folds
Uncalled bet ($3) returned to ChrisTuff
ChrisTuff collected $5.88 from pot
ChrisTuff: doesn't show hand
*** SUMMARY ***
Total pot $6 | Rake $0.12
Board [Kh Qs 4s]
Seat 5: mylifeluvsol (button) (small blind) folded on the Flop
Seat 7: ChrisTuff (big blind) collected ($5.88)


PokerStars Hand #145920665707:  Hold'em Limit ($3/$6 USD) - 2015/12/25 19:03:46 ET
Table 'Vienna II' 10-max Seat #7 is the button
Seat 5: mylifeluvsol ($87.36 in chips)
Seat 7: ChrisTuff ($155.18 in chips)
ChrisTuff: posts small blind $1
mylifeluvsol: posts big blind $3
*** HOLE CARDS ***
ChrisTuff: raises $3 to $6
mylifeluvsol: calls $3
*** FLOP *** [5h 4s Qs]
mylifeluvsol: checks
ChrisTuff: bets $3
mylifeluvsol: calls $3
*** TURN *** [5h 4s Qs] [8c]
mylifeluvsol: checks
ChrisTuff: bets $6
mylifeluvsol: raises $6 to $12
ChrisTuff: calls $6
*** RIVER *** [5h 4s Qs 8c] [8h]
mylifeluvsol: bets $6
ChrisTuff: calls $6
*** SHOW DOWN ***
mylifeluvsol: shows [Qh 9d] (two pair, Queens and Eights)
ChrisTuff: mucks hand
mylifeluvsol collected $53.50 from pot
*** SUMMARY ***
Total pot $54 | Rake $0.50
Board [5h 4s Qs 8c 8h]
Seat 5: mylifeluvsol (big blind) showed [Qh 9d] and won ($53.50) with two pair, Queens and Eights
Seat 7: ChrisTuff (button) (small blind) mucked


PokerStars Hand #145920693919:  Hold'em Limit ($3/$6 USD) - 2015/12/25 19:04:26 ET
Table 'Vienna II' 10-max Seat #5 is the button
Seat 5: mylifeluvsol ($111.86 in chips)
Seat 7: ChrisTuff ($130.06 in chips)
mylifeluvsol: posts small blind $1
ChrisTuff: posts big blind $3
*** HOLE CARDS ***
mylifeluvsol: calls $2
ChrisTuff: checks
*** FLOP *** [8h Ah 9h]
ChrisTuff: checks
mylifeluvsol: checks
*** TURN *** [8h Ah 9h] [2s]
ChrisTuff: checks
mylifeluvsol: bets $6
ChrisTuff: folds
Uncalled bet ($6) returned to mylifeluvsol
mylifeluvsol collected $5.88 from pot
*** SUMMARY ***
Total pot $6 | Rake $0.12
Board [8h Ah 9h 2s]
Seat 5: mylifeluvsol (button) (small blind) collected ($5.88)
Seat 7: ChrisTuff (big blind) folded on the Turn


PokerStars Hand #145920706930:  Hold'em Limit ($3/$6 USD) - 2015/12/25 19:04:44 ET
Table 'Vienna II' 10-max Seat #7 is the button
Seat 5: mylifeluvsol ($114.74 in chips)
Seat 7: ChrisTuff ($127.06 in chips)
ChrisTuff: posts small blind $1
mylifeluvsol: posts big blind $3
*** HOLE CARDS ***
ChrisTuff: raises $3 to $6
mylifeluvsol: calls $3
*** FLOP *** [Qs 3c 9c]
mylifeluvsol: checks
ChrisTuff: bets $3
mylifeluvsol: folds
Uncalled bet ($3) returned to ChrisTuff
ChrisTuff collected $11.76 from pot
ChrisTuff: doesn't show hand
*** SUMMARY ***
Total pot $12 | Rake $0.24
Board [Qs 3c 9c]
Seat 5: mylifeluvsol (big blind) folded on the Flop
Seat 7: ChrisTuff (button) (small blind) collected ($11.76)


PokerStars Hand #145920748678:  Hold'em Limit ($3/$6 USD) - 2015/12/25 19:05:43 ET
Table 'Vienna II' 10-max Seat #7 is the button
Seat 5: mylifeluvsol ($99.74 in chips)
Seat 7: ChrisTuff ($141.46 in chips)
ChrisTuff: posts small blind $1
mylifeluvsol: posts big blind $3
*** HOLE CARDS ***
ChrisTuff: folds
Uncalled bet ($2) returned to mylifeluvsol
mylifeluvsol collected $2 from pot
mylifeluvsol: doesn't show hand
*** SUMMARY ***
Total pot $2 | Rake $0
Seat 5: mylifeluvsol (big blind) collected ($2)
Seat 7: ChrisTuff (button) (small blind) folded before Flop


PokerStars Hand #145920729510:  Hold'em Limit ($3/$6 USD) - 2015/12/25 19:05:16 ET
Table 'Vienna II' 10-max Seat #5 is the button
Seat 5: mylifeluvsol ($108.74 in chips)
Seat 7: ChrisTuff ($132.82 in chips)
mylifeluvsol: posts small blind $1
ChrisTuff: posts big blind $3
*** HOLE CARDS ***
mylifeluvsol: raises $3 to $6
ChrisTuff: calls $3
*** FLOP *** [Qh 5s 4s]
ChrisTuff: checks
mylifeluvsol: bets $3
ChrisTuff: calls $3
*** TURN *** [Qh 5s 4s] [8d]
ChrisTuff: checks
mylifeluvsol: checks
*** RIVER *** [Qh 5s 4s 8d] [Js]
ChrisTuff: checks
mylifeluvsol: checks
*** SHOW DOWN ***
ChrisTuff: shows [5d Ts] (a pair of Fives)
mylifeluvsol: mucks hand
ChrisTuff collected $17.64 from pot
*** SUMMARY ***
Total pot $18 | Rake $0.36
Board [Qh 5s 4s 8d Js]
Seat 5: mylifeluvsol (button) (small blind) mucked
Seat 7: ChrisTuff (big blind) showed [5d Ts] and won ($17.64) with a pair of Fives


PokerStars Hand #145920796856:  Hold'em Limit ($3/$6 USD) - 2015/12/25 19:06:52 ET
Table 'Vienna II' 10-max Seat #5 is the button
Seat 5: mylifeluvsol ($60.74 in chips)
Seat 7: ChrisTuff ($179.72 in chips)
mylifeluvsol: posts small blind $1
ChrisTuff: posts big blind $3
*** HOLE CARDS ***
mylifeluvsol: raises $3 to $6
ChrisTuff: calls $3
*** FLOP *** [5h Kc Jc]
ChrisTuff: bets $3
mylifeluvsol: folds
Uncalled bet ($3) returned to ChrisTuff
ChrisTuff collected $11.76 from pot
ChrisTuff: doesn't show hand
*** SUMMARY ***
Total pot $12 | Rake $0.24
Board [5h Kc Jc]
Seat 5: mylifeluvsol (button) (small blind) folded on the Flop
Seat 7: ChrisTuff (big blind) collected ($11.76)


PokerStars Hand #145920790714:  Hold'em Limit ($3/$6 USD) - 2015/12/25 19:06:43 ET
Table 'Vienna II' 10-max Seat #7 is the button
Seat 5: mylifeluvsol ($66.74 in chips)
Seat 7: ChrisTuff ($173.96 in chips)
ChrisTuff: posts small blind $1
mylifeluvsol: posts big blind $3
*** HOLE CARDS ***
ChrisTuff: raises $3 to $6
mylifeluvsol: calls $3
*** FLOP *** [9d Kc Ac]
mylifeluvsol: folds
ChrisTuff collected $11.76 from pot
ChrisTuff: doesn't show hand
*** SUMMARY ***
Total pot $12 | Rake $0.24
Board [9d Kc Ac]
Seat 5: mylifeluvsol (big blind) folded on the Flop
Seat 7: ChrisTuff (button) (small blind) collected ($11.76)


PokerStars Hand #145920785836:  Hold'em Limit ($3/$6 USD) - 2015/12/25 19:06:36 ET
Table 'Vienna II' 10-max Seat #5 is the button
Seat 5: mylifeluvsol ($67.74 in chips)
Seat 7: ChrisTuff ($172.96 in chips)
mylifeluvsol: posts small blind $1
ChrisTuff: posts big blind $3
*** HOLE CARDS ***
mylifeluvsol: folds
Uncalled bet ($2) returned to ChrisTuff
ChrisTuff collected $2 from pot
ChrisTuff: doesn't show hand
*** SUMMARY ***
Total pot $2 | Rake $0
Seat 5: mylifeluvsol (button) (small blind) folded before Flop
Seat 7: ChrisTuff (big blind) collected ($2)


PokerStars Hand #145920781401:  Hold'em Limit ($3/$6 USD) - 2015/12/25 19:06:30 ET
Table 'Vienna II' 10-max Seat #7 is the button
Seat 5: mylifeluvsol ($70.74 in chips)
Seat 7: ChrisTuff ($169.96 in chips)
ChrisTuff: posts small blind $1
mylifeluvsol: posts big blind $3
*** HOLE CARDS ***
ChrisTuff: raises $3 to $6
mylifeluvsol: folds
Uncalled bet ($3) returned to ChrisTuff
ChrisTuff collected $6 from pot
ChrisTuff: doesn't show hand
*** SUMMARY ***
Total pot $6 | Rake $0
Seat 5: mylifeluvsol (big blind) folded before Flop
Seat 7: ChrisTuff (button) (small blind) collected ($6)


PokerStars Hand #145920756403:  Hold'em Limit ($3/$6 USD) - 2015/12/25 19:05:54 ET
Table 'Vienna II' 10-max Seat #5 is the button
Seat 5: mylifeluvsol ($100.74 in chips)
Seat 7: ChrisTuff ($140.46 in chips)
mylifeluvsol: posts small blind $1
ChrisTuff: posts big blind $3
*** HOLE CARDS ***
mylifeluvsol: raises $3 to $6
ChrisTuff: raises $3 to $9
mylifeluvsol: calls $3
*** FLOP *** [6c 5s 5h]
ChrisTuff: bets $3
mylifeluvsol: calls $3
*** TURN *** [6c 5s 5h] [5d]
ChrisTuff: bets $6
mylifeluvsol: raises $6 to $12
ChrisTuff: calls $6
*** RIVER *** [6c 5s 5h 5d] [Ts]
ChrisTuff: checks
mylifeluvsol: bets $6
ChrisTuff: calls $6
*** SHOW DOWN ***
mylifeluvsol: shows [8d Jc] (three of a kind, Fives)
ChrisTuff: shows [Kc 9c] (three of a kind, Fives - King kicker)
ChrisTuff collected $59.50 from pot
*** SUMMARY ***
Total pot $60 | Rake $0.50
Board [6c 5s 5h 5d Ts]
Seat 5: mylifeluvsol (button) (small blind) showed [8d Jc] and lost with three of a kind, Fives
Seat 7: ChrisTuff (big blind) showed [Kc 9c] and won ($59.50) with three of a kind, Fives


PokerStars Hand #145920805037:  Hold'em Limit ($3/$6 USD) - 2015/12/25 19:07:04 ET
Table 'Vienna II' 10-max Seat #7 is the button
Seat 5: mylifeluvsol ($54.74 in chips)
Seat 7: ChrisTuff ($185.48 in chips)
ChrisTuff: posts small blind $1
mylifeluvsol: posts big blind $3
*** HOLE CARDS ***
ChrisTuff: raises $3 to $6
mylifeluvsol: calls $3
*** FLOP *** [7s 5h 8h]
mylifeluvsol: checks
ChrisTuff: bets $3
mylifeluvsol: calls $3
*** TURN *** [7s 5h 8h] [6c]
mylifeluvsol: checks
ChrisTuff: checks
*** RIVER *** [7s 5h 8h 6c] [Ah]
mylifeluvsol: checks
ChrisTuff: checks
*** SHOW DOWN ***
mylifeluvsol: shows [Jd 7d] (a pair of Sevens)
ChrisTuff: mucks hand
mylifeluvsol collected $17.64 from pot
*** SUMMARY ***
Total pot $18 | Rake $0.36
Board [7s 5h 8h 6c Ah]
Seat 5: mylifeluvsol (big blind) showed [Jd 7d] and won ($17.64) with a pair of Sevens
Seat 7: ChrisTuff (button) (small blind) mucked


PokerStars Hand #145920836540:  Hold'em Limit ($3/$6 USD) - 2015/12/25 19:07:49 ET
Table 'Vienna II' 10-max Seat #7 is the button
Seat 5: mylifeluvsol ($42.38 in chips)
Seat 7: ChrisTuff ($196.98 in chips)
ChrisTuff: posts small blind $1
mylifeluvsol: posts big blind $3
*** HOLE CARDS ***
ChrisTuff: raises $3 to $6
mylifeluvsol: folds
Uncalled bet ($3) returned to ChrisTuff
ChrisTuff collected $6 from pot
ChrisTuff: doesn't show hand
*** SUMMARY ***
Total pot $6 | Rake $0
Seat 5: mylifeluvsol (big blind) folded before Flop
Seat 7: ChrisTuff (button) (small blind) collected ($6)


PokerStars Hand #145920819273:  Hold'em Limit ($3/$6 USD) - 2015/12/25 19:07:24 ET
Table 'Vienna II' 10-max Seat #5 is the button
Seat 5: mylifeluvsol ($63.38 in chips)
Seat 7: ChrisTuff ($176.48 in chips)
mylifeluvsol: posts small blind $1
ChrisTuff: posts big blind $3
*** HOLE CARDS ***
mylifeluvsol: calls $2
ChrisTuff: raises $3 to $6
mylifeluvsol: calls $3
*** FLOP *** [3s Ac Kc]
ChrisTuff: bets $3
mylifeluvsol: calls $3
*** TURN *** [3s Ac Kc] [9h]
ChrisTuff: bets $6
mylifeluvsol: raises $6 to $12
ChrisTuff: calls $6
*** RIVER *** [3s Ac Kc 9h] [Ad]
ChrisTuff: bets $6
mylifeluvsol: folds
Uncalled bet ($6) returned to ChrisTuff
ChrisTuff collected $41.50 from pot
ChrisTuff: doesn't show hand
*** SUMMARY ***
Total pot $42 | Rake $0.50
Board [3s Ac Kc 9h Ad]
Seat 5: mylifeluvsol (button) (small blind) folded on the River
Seat 7: ChrisTuff (big blind) collected ($41.50)


PokerStars Hand #145920850782:  Hold'em Limit ($3/$6 USD) - 2015/12/25 19:08:10 ET
Table 'Vienna II' 10-max Seat #7 is the button
Seat 5: mylifeluvsol ($45.14 in chips)
Seat 7: ChrisTuff ($193.98 in chips)
ChrisTuff: posts small blind $1
mylifeluvsol: posts big blind $3
*** HOLE CARDS ***
ChrisTuff: raises $3 to $6
mylifeluvsol: calls $3
*** FLOP *** [Qh 7c 5s]
AzureCaper joins the table at seat #6
mylifeluvsol: checks
ChrisTuff: bets $3
mylifeluvsol: calls $3
*** TURN *** [Qh 7c 5s] [Jd]
mylifeluvsol: checks
ChrisTuff: bets $6
mylifeluvsol: raises $6 to $12
ChrisTuff: calls $6
*** RIVER *** [Qh 7c 5s Jd] [4s]
mylifeluvsol: bets $6
ChrisTuff: calls $6
*** SHOW DOWN ***
mylifeluvsol: shows [3c Qc] (a pair of Queens)
ChrisTuff: mucks hand
mylifeluvsol collected $53.50 from pot
*** SUMMARY ***
Total pot $54 | Rake $0.50
Board [Qh 7c 5s Jd 4s]
Seat 5: mylifeluvsol (big blind) showed [3c Qc] and won ($53.50) with a pair of Queens
Seat 7: ChrisTuff (button) (small blind) mucked


PokerStars Hand #145920841984:  Hold'em Limit ($3/$6 USD) - 2015/12/25 19:07:57 ET
Table 'Vienna II' 10-max Seat #5 is the button
Seat 5: mylifeluvsol ($39.38 in chips)
Seat 7: ChrisTuff ($199.98 in chips)
mylifeluvsol: posts small blind $1
ChrisTuff: posts big blind $3
*** HOLE CARDS ***
mylifeluvsol: raises $3 to $6
ChrisTuff: calls $3
*** FLOP *** [8s 8h Qh]
ChrisTuff: checks
mylifeluvsol: bets $3
ChrisTuff: folds
Uncalled bet ($3) returned to mylifeluvsol
mylifeluvsol collected $11.76 from pot
mylifeluvsol: doesn't show hand
*** SUMMARY ***
Total pot $12 | Rake $0.24
Board [8s 8h Qh]
Seat 5: mylifeluvsol (button) (small blind) collected ($11.76)
Seat 7: ChrisTuff (big blind) folded on the Flop


PokerStars Hand #145921179926:  Hold'em Limit ($3/$6 USD) - 2015/12/25 19:16:06 ET
Table 'Vienna II' 10-max Seat #7 is the button
Seat 6: AzureCaper ($153.39 in chips)
Seat 7: ChrisTuff ($167.98 in chips)
ChrisTuff: posts small blind $1
AzureCaper: posts big blind $3
*** HOLE CARDS ***
ChrisTuff: raises $3 to $6
AzureCaper: folds
Uncalled bet ($3) returned to ChrisTuff
ChrisTuff collected $6 from pot
ChrisTuff: doesn't show hand
*** SUMMARY ***
Total pot $6 | Rake $0
Seat 6: AzureCaper (big blind) folded before Flop
Seat 7: ChrisTuff (button) (small blind) collected ($6)


