PokerStars Hand #147906549752:  Hold'em Limit ($3/$6 USD) - 2016/01/29 19:27:04 ET
Table 'Villigera' 6-max Seat #6 is the button
Seat 5: Dialektika ($44.10 in chips)
Seat 6: SashaYuvelir ($72 in chips)
SashaYuvelir: posts small blind $1
Dialektika: posts big blind $3
*** HOLE CARDS ***
SashaYuvelir: raises $3 to $6
Dialektika: calls $3
*** FLOP *** [9h Qd 8h]
Dialektika: checks
SashaYuvelir: bets $3
Dialektika: raises $3 to $6
SashaYuvelir: calls $3
*** TURN *** [9h Qd 8h] [7h]
Dialektika: bets $6
SashaYuvelir: calls $6
*** RIVER *** [9h Qd 8h 7h] [4c]
Dialektika: bets $6
SashaYuvelir: calls $6
*** SHOW DOWN ***
Dialektika: shows [Qh 6d] (a pair of Queens)
SashaYuvelir: mucks hand
Dialektika collected $47.50 from pot
*** SUMMARY ***
Total pot $48 | Rake $0.50
Board [9h Qd 8h 7h 4c]
Seat 5: Dialektika (big blind) showed [Qh 6d] and won ($47.50) with a pair of Queens
Seat 6: SashaYuvelir (button) (small blind) mucked


PokerStars Hand #147906559835:  Hold'em Limit ($3/$6 USD) - 2016/01/29 19:27:18 ET
Table 'Villigera' 6-max Seat #5 is the button
Seat 5: Dialektika ($67.60 in chips)
Seat 6: SashaYuvelir ($72 in chips)
Dialektika: posts small blind $1
SashaYuvelir: posts big blind $3
*** HOLE CARDS ***
Dialektika: raises $3 to $6
SashaYuvelir: raises $3 to $9
Dialektika: calls $3
*** FLOP *** [2s 7d 3s]
SashaYuvelir: bets $3
Dialektika: raises $3 to $6
SashaYuvelir: calls $3
*** TURN *** [2s 7d 3s] [Th]
SashaYuvelir: checks
Dialektika: bets $6
SashaYuvelir: raises $6 to $12
Dialektika: raises $6 to $18
BelSv joins the table at seat #1
SashaYuvelir: raises $6 to $24
Betting is capped
Dialektika: calls $6
*** RIVER *** [2s 7d 3s Th] [Js]
SashaYuvelir: checks
Dialektika: bets $6
SashaYuvelir: calls $6
*** SHOW DOWN ***
Dialektika: shows [Td 7h] (two pair, Tens and Sevens)
SashaYuvelir: mucks hand
Dialektika collected $89.50 from pot
*** SUMMARY ***
Total pot $90 | Rake $0.50
Board [2s 7d 3s Th Js]
Seat 5: Dialektika (button) (small blind) showed [Td 7h] and won ($89.50) with two pair, Tens and Sevens
Seat 6: SashaYuvelir (big blind) mucked


PokerStars Hand #147910383108:  Hold'em Limit ($3/$6 USD) - 2016/01/29 21:12:08 ET
Table 'Villigera' 6-max Seat #1 is the button
Seat 1: BelSv ($137.91 in chips)
Seat 3: rickyt88 ($67.87 in chips)
BelSv: posts small blind $1
``MULAT``86: is sitting out
rickyt88: posts big blind $3
*** HOLE CARDS ***
BelSv: raises $3 to $6
``MULAT``86 leaves the table
rickyt88: raises $3 to $9
BelSv: calls $3
*** FLOP *** [2s Ks 8h]
rickyt88: bets $3
BelSv: folds
Uncalled bet ($3) returned to rickyt88
rickyt88 collected $17.64 from pot
rickyt88: doesn't show hand
*** SUMMARY ***
Total pot $18 | Rake $0.36
Board [2s Ks 8h]
Seat 1: BelSv (button) (small blind) folded on the Flop
Seat 3: rickyt88 (big blind) collected ($17.64)


PokerStars Hand #147910393481:  Hold'em Limit ($3/$6 USD) - 2016/01/29 21:12:28 ET
Table 'Villigera' 6-max Seat #3 is the button
Seat 1: BelSv ($128.91 in chips)
Seat 3: rickyt88 ($76.51 in chips)
rickyt88: posts small blind $1
BelSv: posts big blind $3
*** HOLE CARDS ***
rickyt88: folds
Uncalled bet ($2) returned to BelSv
BelSv collected $2 from pot
BelSv: doesn't show hand
*** SUMMARY ***
Total pot $2 | Rake $0
Seat 1: BelSv (big blind) collected ($2)
Seat 3: rickyt88 (button) (small blind) folded before Flop


PokerStars Hand #147910415741:  Hold'em Limit ($3/$6 USD) - 2016/01/29 21:13:10 ET
Table 'Villigera' 6-max Seat #1 is the button
Seat 1: BelSv ($114.91 in chips)
Seat 3: rickyt88 ($90.03 in chips)
BelSv: posts small blind $1
rickyt88: posts big blind $3
*** HOLE CARDS ***
BelSv: raises $3 to $6
rickyt88: calls $3
*** FLOP *** [Ad 4s Qh]
rickyt88: checks
BelSv: bets $3
rickyt88: folds
Uncalled bet ($3) returned to BelSv
BelSv collected $11.76 from pot
BelSv: doesn't show hand
*** SUMMARY ***
Total pot $12 | Rake $0.24
Board [Ad 4s Qh]
Seat 1: BelSv (button) (small blind) collected ($11.76)
Seat 3: rickyt88 (big blind) folded on the Flop


PokerStars Hand #147910411045:  Hold'em Limit ($3/$6 USD) - 2016/01/29 21:13:01 ET
Table 'Villigera' 6-max Seat #3 is the button
Seat 1: BelSv ($117.91 in chips)
Seat 3: rickyt88 ($87.03 in chips)
rickyt88: posts small blind $1
REZOLUTION84 was removed from the table for failing to post
BelSv: posts big blind $3
*** HOLE CARDS ***
rickyt88: raises $3 to $6
BelSv: folds
Uncalled bet ($3) returned to rickyt88
rickyt88 collected $6 from pot
rickyt88: doesn't show hand
*** SUMMARY ***
Total pot $6 | Rake $0
Seat 1: BelSv (big blind) folded before Flop
Seat 3: rickyt88 (button) (small blind) collected ($6)


PokerStars Hand #147910396657:  Hold'em Limit ($3/$6 USD) - 2016/01/29 21:12:34 ET
Table 'Villigera' 6-max Seat #1 is the button
Seat 1: BelSv ($129.91 in chips)
Seat 3: rickyt88 ($75.51 in chips)
BelSv: posts small blind $1
rickyt88: posts big blind $3
*** HOLE CARDS ***
BelSv: raises $3 to $6
rickyt88: raises $3 to $9
BelSv: calls $3
*** FLOP *** [Js 3c Jd]
rickyt88: bets $3
BelSv: calls $3
*** TURN *** [Js 3c Jd] [6d]
rickyt88: bets $6
BelSv: folds
Uncalled bet ($6) returned to rickyt88
rickyt88 collected $23.52 from pot
rickyt88: doesn't show hand
*** SUMMARY ***
Total pot $24 | Rake $0.48
Board [Js 3c Jd 6d]
Seat 1: BelSv (button) (small blind) folded on the Turn
Seat 3: rickyt88 (big blind) collected ($23.52)


PokerStars Hand #147910422639:  Hold'em Limit ($3/$6 USD) - 2016/01/29 21:13:24 ET
Table 'Villigera' 6-max Seat #3 is the button
Seat 1: BelSv ($120.67 in chips)
Seat 3: rickyt88 ($84.03 in chips)
rickyt88: posts small blind $1
CharginWapos was removed from the table for failing to post
BelSv: posts big blind $3
*** HOLE CARDS ***
rickyt88: raises $3 to $6
AzureCaper joins the table at seat #4
BelSv: folds
Uncalled bet ($3) returned to rickyt88
rickyt88 collected $6 from pot
rickyt88: doesn't show hand
*** SUMMARY ***
Total pot $6 | Rake $0
Seat 1: BelSv (big blind) folded before Flop
Seat 3: rickyt88 (button) (small blind) collected ($6)


