PokerStars Hand #152511304974:  Hold'em Limit ($3/$6 USD) - 2016/04/27 6:36:32 ET
Table 'Villigera' 6-max Seat #5 is the button
Seat 3: vladal 888 ($38.64 in chips)
Seat 5: GarryMcCoy ($111 in chips)
GarryMcCoy: posts small blind $1
vladal 888: posts big blind $3
*** HOLE CARDS ***
GarryMcCoy: raises $3 to $6
vladal 888: calls $3
*** FLOP *** [As Jc Ad]
vladal 888: checks
GarryMcCoy: bets $3
vladal 888: folds
Uncalled bet ($3) returned to GarryMcCoy
GarryMcCoy collected $11.76 from pot
GarryMcCoy: doesn't show hand
*** SUMMARY ***
Total pot $12 | Rake $0.24
Board [As Jc Ad]
Seat 3: vladal 888 (big blind) folded on the Flop
Seat 5: GarryMcCoy (button) (small blind) collected ($11.76)


PokerStars Hand #152511309306:  Hold'em Limit ($3/$6 USD) - 2016/04/27 6:36:42 ET
Table 'Villigera' 6-max Seat #3 is the button
Seat 3: vladal 888 ($32.64 in chips)
Seat 5: GarryMcCoy ($116.76 in chips)
vladal 888: posts small blind $1
GarryMcCoy: posts big blind $3
*** HOLE CARDS ***
vladal 888: raises $3 to $6
GarryMcCoy: raises $3 to $9
vladal 888: calls $3
*** FLOP *** [Js Qd 7c]
GarryMcCoy: bets $3
vladal 888: calls $3
*** TURN *** [Js Qd 7c] [7h]
GarryMcCoy: checks
vladal 888: checks
*** RIVER *** [Js Qd 7c 7h] [Ah]
GarryMcCoy: bets $6
vladal 888: raises $6 to $12
Agrotait joins the table at seat #4
GarryMcCoy: folds
Uncalled bet ($6) returned to vladal 888
vladal 888 collected $35.50 from pot
*** SUMMARY ***
Total pot $36 | Rake $0.50
Board [Js Qd 7c 7h Ah]
Seat 3: vladal 888 (button) (small blind) collected ($35.50)
Seat 5: GarryMcCoy (big blind) folded on the River


PokerStars Hand #152511317305:  Hold'em Limit ($3/$6 USD) - 2016/04/27 6:37:00 ET
Table 'Villigera' 6-max Seat #5 is the button
Seat 3: vladal 888 ($50.14 in chips)
Seat 5: GarryMcCoy ($98.76 in chips)
GarryMcCoy: posts small blind $1
vladal 888: posts big blind $3
*** HOLE CARDS ***
GarryMcCoy: raises $3 to $6
vladal 888: calls $3
*** FLOP *** [Qh 8d 6c]
vladal 888: checks
GarryMcCoy: checks
*** TURN *** [Qh 8d 6c] [3d]
vladal 888: bets $6
GarryMcCoy: folds
Uncalled bet ($6) returned to vladal 888
vladal 888 collected $11.76 from pot
*** SUMMARY ***
Total pot $12 | Rake $0.24
Board [Qh 8d 6c 3d]
Seat 3: vladal 888 (big blind) collected ($11.76)
Seat 5: GarryMcCoy (button) (small blind) folded on the Turn


PokerStars Hand #152511296428:  Hold'em Limit ($3/$6 USD) - 2016/04/27 6:36:12 ET
Table 'Villigera' 6-max Seat #3 is the button
Seat 3: vladal 888 ($30 in chips)
Seat 5: GarryMcCoy ($120 in chips)
TbIP-TbIP 88: is sitting out
TbIP-TbIP 88 leaves the table
vladal 888: posts small blind $1
GarryMcCoy: posts big blind $3
*** HOLE CARDS ***
vladal 888: raises $3 to $6
GarryMcCoy: calls $3
*** FLOP *** [Tc 3h 6c]
GarryMcCoy: checks
vladal 888: bets $3
GarryMcCoy: calls $3
*** TURN *** [Tc 3h 6c] [4s]
GarryMcCoy: checks
vladal 888: bets $6
GarryMcCoy: folds
Uncalled bet ($6) returned to vladal 888
vladal 888 collected $17.64 from pot
*** SUMMARY ***
Total pot $18 | Rake $0.36
Board [Tc 3h 6c 4s]
Seat 3: vladal 888 (button) (small blind) collected ($17.64)
Seat 5: GarryMcCoy (big blind) folded on the Turn


PokerStars Hand #152511689699:  Hold'em Limit ($3/$6 USD) - 2016/04/27 6:50:54 ET
Table 'Villigera' 6-max Seat #2 is the button
Seat 2: Sirocko ($90.49 in chips)
Seat 6: boriskloris ($105.26 in chips)
Sirocko: posts small blind $1
boriskloris: posts big blind $3
*** HOLE CARDS ***
Sirocko: raises $3 to $6
boriskloris: folds
Uncalled bet ($3) returned to Sirocko
Sirocko collected $6 from pot
Sirocko: doesn't show hand
*** SUMMARY ***
Total pot $6 | Rake $0
Seat 2: Sirocko (button) (small blind) collected ($6)
Seat 6: boriskloris (big blind) folded before Flop


PokerStars Hand #152511692676:  Hold'em Limit ($3/$6 USD) - 2016/04/27 6:51:01 ET
Table 'Villigera' 6-max Seat #6 is the button
Seat 2: Sirocko ($93.49 in chips)
Seat 6: boriskloris ($102.26 in chips)
boriskloris: posts small blind $1
Sirocko: posts big blind $3
*** HOLE CARDS ***
boriskloris: raises $3 to $6
Sirocko: calls $3
*** FLOP *** [Ah 8h 6d]
Sirocko: checks
boriskloris: bets $3
TbIP-TbIP 88 leaves the table
Sirocko: calls $3
*** TURN *** [Ah 8h 6d] [Td]
Sirocko: checks
boriskloris: checks
*** RIVER *** [Ah 8h 6d Td] [Ts]
Sirocko: bets $6
boriskloris: calls $6
*** SHOW DOWN ***
Sirocko: shows [8c 5d] (two pair, Tens and Eights)
boriskloris: mucks hand
Sirocko collected $29.50 from pot
*** SUMMARY ***
Total pot $30 | Rake $0.50
Board [Ah 8h 6d Td Ts]
Seat 2: Sirocko (big blind) showed [8c 5d] and won ($29.50) with two pair, Tens and Eights
Seat 6: boriskloris (button) (small blind) mucked


PokerStars Hand #152511683490:  Hold'em Limit ($3/$6 USD) - 2016/04/27 6:50:40 ET
Table 'Villigera' 6-max Seat #6 is the button
Seat 2: Sirocko ($96.49 in chips)
Seat 6: boriskloris ($99.50 in chips)
boriskloris: posts small blind $1
TbIP-TbIP 88: is sitting out
Sirocko: posts big blind $3
*** HOLE CARDS ***
boriskloris: raises $3 to $6
Sirocko: calls $3
*** FLOP *** [Jh 8s 9d]
Sirocko: checks
boriskloris: bets $3
Sirocko: folds
Uncalled bet ($3) returned to boriskloris
boriskloris collected $11.76 from pot
boriskloris: doesn't show hand
*** SUMMARY ***
Total pot $12 | Rake $0.24
Board [Jh 8s 9d]
Seat 2: Sirocko (big blind) folded on the Flop
Seat 6: boriskloris (button) (small blind) collected ($11.76)


PokerStars Hand #152520971301:  Hold'em Limit ($3/$6 USD) - 2016/04/27 11:27:13 ET
Table 'Villigera' 6-max Seat #2 is the button
Seat 2: ABATAPP ($84.60 in chips)
Seat 5: Mr10P ($420.87 in chips)
ABATAPP: posts small blind $1
Mr10P: posts big blind $3
*** HOLE CARDS ***
ABATAPP: raises $3 to $6
Great_Kang leaves the table
Mr10P: calls $3
*** FLOP *** [9d 4d Tc]
Mr10P: bets $3
ABATAPP: calls $3
*** TURN *** [9d 4d Tc] [4s]
Mr10P: bets $6
ABATAPP: raises $6 to $12
Mr10P: calls $6
*** RIVER *** [9d 4d Tc 4s] [6s]
Ale4o joins the table at seat #4
Mr10P: checks
ABATAPP: bets $6
Mr10P: calls $6
*** SHOW DOWN ***
ABATAPP: shows [3s Ts] (two pair, Tens and Fours)
Mr10P: shows [Th 6h] (two pair, Tens and Sixes)
Mr10P collected $53.50 from pot
*** SUMMARY ***
Total pot $54 | Rake $0.50
Board [9d 4d Tc 4s 6s]
Seat 2: ABATAPP (button) (small blind) showed [3s Ts] and lost with two pair, Tens and Fours
Seat 5: Mr10P (big blind) showed [Th 6h] and won ($53.50) with two pair, Tens and Sixes


PokerStars Hand #152520981908:  Hold'em Limit ($3/$6 USD) - 2016/04/27 11:27:28 ET
Table 'Villigera' 6-max Seat #5 is the button
Seat 2: ABATAPP ($57.60 in chips)
Seat 5: Mr10P ($447.37 in chips)
Mr10P: posts small blind $1
ABATAPP: posts big blind $3
*** HOLE CARDS ***
Mr10P: raises $3 to $6
ABATAPP: calls $3
*** FLOP *** [7h 7d 9c]
ABATAPP: checks
Mr10P: bets $3
ABATAPP: calls $3
*** TURN *** [7h 7d 9c] [Qc]
ABATAPP: checks
Mr10P: bets $6
ABATAPP: raises $6 to $12
Mr10P: calls $6
*** RIVER *** [7h 7d 9c Qc] [4c]
ABATAPP: bets $6
Mr10P: calls $6
*** SHOW DOWN ***
ABATAPP: shows [8c Qs] (two pair, Queens and Sevens)
Mr10P: mucks hand
ABATAPP collected $53.50 from pot
*** SUMMARY ***
Total pot $54 | Rake $0.50
Board [7h 7d 9c Qc 4c]
Seat 2: ABATAPP (big blind) showed [8c Qs] and won ($53.50) with two pair, Queens and Sevens
Seat 5: Mr10P (button) (small blind) mucked


PokerStars Hand #152520967862:  Hold'em Limit ($3/$6 USD) - 2016/04/27 11:27:07 ET
Table 'Villigera' 6-max Seat #5 is the button
Seat 2: ABATAPP ($83.60 in chips)
Seat 5: Mr10P ($421.87 in chips)
Mr10P: posts small blind $1
krossguard: is sitting out
craaa: is sitting out
ABATAPP: posts big blind $3
*** HOLE CARDS ***
Mr10P: folds
Uncalled bet ($2) returned to ABATAPP
ABATAPP collected $2 from pot
ABATAPP: doesn't show hand
*** SUMMARY ***
Total pot $2 | Rake $0
Seat 2: ABATAPP (big blind) collected ($2)
Seat 5: Mr10P (button) (small blind) folded before Flop


PokerStars Hand #152521004967:  Hold'em Limit ($3/$6 USD) - 2016/04/27 11:28:03 ET
Table 'Villigera' 6-max Seat #5 is the button
Seat 2: ABATAPP ($60.10 in chips)
Seat 5: Mr10P ($443.87 in chips)
Mr10P: posts small blind $1
ABATAPP: posts big blind $3
*** HOLE CARDS ***
Mr10P: raises $3 to $6
ABATAPP: raises $3 to $9
Mr10P: calls $3
*** FLOP *** [8h 2d 4h]
ABATAPP: checks
Mr10P: checks
*** TURN *** [8h 2d 4h] [3s]
ABATAPP: bets $6
Mr10P: calls $6
*** RIVER *** [8h 2d 4h 3s] [2s]
ABATAPP: bets $6
Mr10P: calls $6
*** SHOW DOWN ***
ABATAPP: shows [8c 6c] (two pair, Eights and Deuces)
Mr10P: mucks hand
ABATAPP collected $41.50 from pot
*** SUMMARY ***
Total pot $42 | Rake $0.50
Board [8h 2d 4h 3s 2s]
Seat 2: ABATAPP (big blind) showed [8c 6c] and won ($41.50) with two pair, Eights and Deuces
Seat 5: Mr10P (button) (small blind) mucked


PokerStars Hand #152521018182:  Hold'em Limit ($3/$6 USD) - 2016/04/27 11:28:23 ET
Table 'Villigera' 6-max Seat #2 is the button
Seat 2: ABATAPP ($80.60 in chips)
Seat 5: Mr10P ($422.87 in chips)
ABATAPP: posts small blind $1
Mr10P: posts big blind $3
*** HOLE CARDS ***
ABATAPP: raises $3 to $6
Mr10P: calls $3
*** FLOP *** [9h Tc Jd]
Mr10P: checks
ABATAPP: checks
*** TURN *** [9h Tc Jd] [7d]
Mr10P: bets $6
ABATAPP: folds
Uncalled bet ($6) returned to Mr10P
Mr10P collected $11.76 from pot
Mr10P: doesn't show hand
*** SUMMARY ***
Total pot $12 | Rake $0.24
Board [9h Tc Jd 7d]
Seat 2: ABATAPP (button) (small blind) folded on the Turn
Seat 5: Mr10P (big blind) collected ($11.76)


PokerStars Hand #152520993408:  Hold'em Limit ($3/$6 USD) - 2016/04/27 11:27:46 ET
Table 'Villigera' 6-max Seat #2 is the button
Seat 2: ABATAPP ($84.10 in chips)
Seat 5: Mr10P ($420.37 in chips)
ABATAPP: posts small blind $1
Mr10P: posts big blind $3
*** HOLE CARDS ***
ABATAPP: raises $3 to $6
Mr10P: raises $3 to $9
ABATAPP: calls $3
*** FLOP *** [4d 2h 2d]
Mr10P: bets $3
ABATAPP: calls $3
*** TURN *** [4d 2h 2d] [8d]
Mr10P: bets $6
ABATAPP: calls $6
*** RIVER *** [4d 2h 2d 8d] [5h]
Mr10P: bets $6
ABATAPP: calls $6
*** SHOW DOWN ***
Mr10P: shows [3d Ad] (a flush, Ace high)
ABATAPP: mucks hand
Mr10P collected $47.50 from pot
*** SUMMARY ***
Total pot $48 | Rake $0.50
Board [4d 2h 2d 8d 5h]
Seat 2: ABATAPP (button) (small blind) mucked
Seat 5: Mr10P (big blind) showed [3d Ad] and won ($47.50) with a flush, Ace high


PokerStars Hand #152521039032:  Hold'em Limit ($3/$6 USD) - 2016/04/27 11:28:54 ET
Table 'Villigera' 6-max Seat #2 is the button
Seat 2: ABATAPP ($98.10 in chips)
Seat 5: Mr10P ($404.63 in chips)
ABATAPP: posts small blind $1
Mr10P: posts big blind $3
*** HOLE CARDS ***
ABATAPP: raises $3 to $6
Mr10P: folds
Uncalled bet ($3) returned to ABATAPP
ABATAPP collected $6 from pot
ABATAPP: doesn't show hand
*** SUMMARY ***
Total pot $6 | Rake $0
Seat 2: ABATAPP (button) (small blind) collected ($6)
Seat 5: Mr10P (big blind) folded before Flop


PokerStars Hand #152521026196:  Hold'em Limit ($3/$6 USD) - 2016/04/27 11:28:35 ET
Table 'Villigera' 6-max Seat #5 is the button
Seat 2: ABATAPP ($74.60 in chips)
Seat 5: Mr10P ($428.63 in chips)
Mr10P: posts small blind $1
ABATAPP: posts big blind $3
*** HOLE CARDS ***
Mr10P: raises $3 to $6
ABATAPP: raises $3 to $9
krossguard leaves the table
Mr10P: calls $3
*** FLOP *** [5s 3d Kh]
ABATAPP: checks
liolilove joins the table at seat #6
Mr10P: bets $3
ABATAPP: calls $3
*** TURN *** [5s 3d Kh] [6s]
ABATAPP: checks
Mr10P: bets $6
ABATAPP: calls $6
*** RIVER *** [5s 3d Kh 6s] [2d]
ABATAPP: bets $6
Mr10P: calls $6
*** SHOW DOWN ***
ABATAPP: shows [Ks 9d] (a pair of Kings)
Mr10P: mucks hand
ABATAPP collected $47.50 from pot
*** SUMMARY ***
Total pot $48 | Rake $0.50
Board [5s 3d Kh 6s 2d]
Seat 2: ABATAPP (big blind) showed [Ks 9d] and won ($47.50) with a pair of Kings
Seat 5: Mr10P (button) (small blind) mucked


PokerStars Hand #152521042596:  Hold'em Limit ($3/$6 USD) - 2016/04/27 11:29:00 ET
Table 'Villigera' 6-max Seat #5 is the button
Seat 2: ABATAPP ($101.10 in chips)
Seat 5: Mr10P ($401.63 in chips)
Mr10P: posts small blind $1
ABATAPP: posts big blind $3
*** HOLE CARDS ***
Mr10P: raises $3 to $6
ABATAPP: folds
Uncalled bet ($3) returned to Mr10P
Mr10P collected $6 from pot
Mr10P: doesn't show hand
*** SUMMARY ***
Total pot $6 | Rake $0
Seat 2: ABATAPP (big blind) folded before Flop
Seat 5: Mr10P (button) (small blind) collected ($6)


PokerStars Hand #152521068330:  Hold'em Limit ($3/$6 USD) - 2016/04/27 11:29:34 ET
Table 'Villigera' 6-max Seat #2 is the button
Seat 2: ABATAPP ($100.62 in chips)
Seat 5: Mr10P ($401.27 in chips)
ABATAPP: posts small blind $1
Mr10P: posts big blind $3
*** HOLE CARDS ***
ABATAPP: folds
Uncalled bet ($2) returned to Mr10P
Mr10P collected $2 from pot
Mr10P: doesn't show hand
*** SUMMARY ***
Total pot $2 | Rake $0
Seat 2: ABATAPP (button) (small blind) folded before Flop
Seat 5: Mr10P (big blind) collected ($2)


PokerStars Hand #152521055505:  Hold'em Limit ($3/$6 USD) - 2016/04/27 11:29:19 ET
Table 'Villigera' 6-max Seat #5 is the button
Seat 2: ABATAPP ($89.10 in chips)
Seat 5: Mr10P ($413.27 in chips)
Mr10P: posts small blind $1
craaa was removed from the table for failing to post
ABATAPP: posts big blind $3
*** HOLE CARDS ***
Mr10P: raises $3 to $6
ABATAPP: calls $3
*** FLOP *** [5s Th Qc]
ABATAPP: checks
Mr10P: bets $3
ABATAPP: raises $3 to $6
Mr10P: calls $3
*** TURN *** [5s Th Qc] [Ts]
ABATAPP: bets $6
Mr10P: folds
Uncalled bet ($6) returned to ABATAPP
ABATAPP collected $23.52 from pot
ABATAPP: doesn't show hand
*** SUMMARY ***
Total pot $24 | Rake $0.48
Board [5s Th Qc Ts]
Seat 2: ABATAPP (big blind) collected ($23.52)
Seat 5: Mr10P (button) (small blind) folded on the Turn


PokerStars Hand #152521081876:  Hold'em Limit ($3/$6 USD) - 2016/04/27 11:29:54 ET
Table 'Villigera' 6-max Seat #2 is the button
Seat 2: ABATAPP ($84.62 in chips)
Seat 5: Mr10P ($416.77 in chips)
ABATAPP: posts small blind $1
Mr10P: posts big blind $3
*** HOLE CARDS ***
ABATAPP: raises $3 to $6
Mr10P: raises $3 to $9
ABATAPP: calls $3
*** FLOP *** [9s Kd 6h]
Mr10P: bets $3
ABATAPP: calls $3
*** TURN *** [9s Kd 6h] [Ts]
Mr10P: bets $6
ABATAPP: folds
Uncalled bet ($6) returned to Mr10P
Mr10P collected $23.52 from pot
Mr10P: doesn't show hand
*** SUMMARY ***
Total pot $24 | Rake $0.48
Board [9s Kd 6h Ts]
Seat 2: ABATAPP (button) (small blind) folded on the Turn
Seat 5: Mr10P (big blind) collected ($23.52)


PokerStars Hand #152521071459:  Hold'em Limit ($3/$6 USD) - 2016/04/27 11:29:38 ET
Table 'Villigera' 6-max Seat #5 is the button
Seat 2: ABATAPP ($99.62 in chips)
Seat 5: Mr10P ($402.27 in chips)
Mr10P: posts small blind $1
ABATAPP: posts big blind $3
*** HOLE CARDS ***
Mr10P: raises $3 to $6
ABATAPP: calls $3
*** FLOP *** [9c 2c 9d]
ABATAPP: checks
Mr10P: bets $3
ABATAPP: raises $3 to $6
Mr10P: raises $3 to $9
ABATAPP: calls $3
*** TURN *** [9c 2c 9d] [8s]
ABATAPP: checks
Mr10P: bets $6
ABATAPP: folds
Uncalled bet ($6) returned to Mr10P
Mr10P collected $29.50 from pot
Mr10P: doesn't show hand
*** SUMMARY ***
Total pot $30 | Rake $0.50
Board [9c 2c 9d 8s]
Seat 2: ABATAPP (big blind) folded on the Turn
Seat 5: Mr10P (button) (small blind) collected ($29.50)


PokerStars Hand #152521090654:  Hold'em Limit ($3/$6 USD) - 2016/04/27 11:30:06 ET
Table 'Villigera' 6-max Seat #5 is the button
Seat 2: ABATAPP ($72.62 in chips)
Seat 5: Mr10P ($428.29 in chips)
Mr10P: posts small blind $1
ABATAPP: posts big blind $3
*** HOLE CARDS ***
Mr10P: raises $3 to $6
ABATAPP: calls $3
*** FLOP *** [5s 4c 3d]
ABATAPP: checks
Mr10P: bets $3
Emin koc joins the table at seat #4
ABATAPP: calls $3
*** TURN *** [5s 4c 3d] [2h]
ABATAPP: checks
Mr10P: bets $6
ABATAPP: calls $6
*** RIVER *** [5s 4c 3d 2h] [Td]
ABATAPP: checks
Mr10P: checks
*** SHOW DOWN ***
ABATAPP: shows [8c 5h] (a pair of Fives)
Mr10P: mucks hand
ABATAPP collected $29.50 from pot
*** SUMMARY ***
Total pot $30 | Rake $0.50
Board [5s 4c 3d 2h Td]
Seat 2: ABATAPP (big blind) showed [8c 5h] and won ($29.50) with a pair of Fives
Seat 5: Mr10P (button) (small blind) mucked


PokerStars Hand #152522245503:  Hold'em Limit ($3/$6 USD) - 2016/04/27 11:58:33 ET
Table 'Villigera' 6-max Seat #5 is the button
Seat 3: GlamDragon ($182.87 in chips)
Seat 5: Mr10P ($302.50 in chips)
Mr10P: posts small blind $1
Ale4o: is sitting out
GlamDragon: posts big blind $3
*** HOLE CARDS ***
Mr10P: raises $3 to $6
GlamDragon: calls $3
*** FLOP *** [3d Ah 2d]
GlamDragon: checks
Mr10P: bets $3
GlamDragon: calls $3
*** TURN *** [3d Ah 2d] [Kh]
GlamDragon: checks
Mr10P: bets $6
GlamDragon: calls $6
*** RIVER *** [3d Ah 2d Kh] [2h]
GlamDragon: checks
Mr10P: checks
*** SHOW DOWN ***
GlamDragon: shows [9h 5h] (a flush, Ace high)
Mr10P: mucks hand
GlamDragon collected $29.50 from pot
*** SUMMARY ***
Total pot $30 | Rake $0.50
Board [3d Ah 2d Kh 2h]
Seat 3: GlamDragon (big blind) showed [9h 5h] and won ($29.50) with a flush, Ace high
Seat 5: Mr10P (button) (small blind) mucked


PokerStars Hand #152522258028:  Hold'em Limit ($3/$6 USD) - 2016/04/27 11:58:47 ET
Table 'Villigera' 6-max Seat #3 is the button
Seat 3: GlamDragon ($197.37 in chips)
Seat 5: Mr10P ($287.50 in chips)
GlamDragon: posts small blind $1
Mr10P: posts big blind $3
*** HOLE CARDS ***
GlamDragon: raises $3 to $6
Mr10P: calls $3
*** FLOP *** [4d Jh 7h]
Mr10P: checks
GlamDragon: bets $3
Mr10P: calls $3
*** TURN *** [4d Jh 7h] [5d]
Mr10P: checks
GlamDragon: bets $6
Mr10P: raises $6 to $12
GlamDragon: raises $6 to $18
Mr10P: calls $6
*** RIVER *** [4d Jh 7h 5d] [2h]
Mr10P: checks
GlamDragon: bets $6
Mr10P: folds
Uncalled bet ($6) returned to GlamDragon
GlamDragon collected $53.50 from pot
GlamDragon: doesn't show hand
*** SUMMARY ***
Total pot $54 | Rake $0.50
Board [4d Jh 7h 5d 2h]
Seat 3: GlamDragon (button) (small blind) collected ($53.50)
Seat 5: Mr10P (big blind) folded on the River


PokerStars Hand #152522282244:  Hold'em Limit ($3/$6 USD) - 2016/04/27 11:59:25 ET
Table 'Villigera' 6-max Seat #3 is the button
Seat 3: GlamDragon ($213.87 in chips)
Seat 5: Mr10P ($270.26 in chips)
GlamDragon: posts small blind $1
Mr10P: posts big blind $3
*** HOLE CARDS ***
GlamDragon: raises $3 to $6
Mr10P: calls $3
*** FLOP *** [3h Ad 2h]
Mr10P: checks
GlamDragon: bets $3
Mr10P: folds
Uncalled bet ($3) returned to GlamDragon
GlamDragon collected $11.76 from pot
GlamDragon: doesn't show hand
*** SUMMARY ***
Total pot $12 | Rake $0.24
Board [3h Ad 2h]
Seat 3: GlamDragon (button) (small blind) collected ($11.76)
Seat 5: Mr10P (big blind) folded on the Flop


PokerStars Hand #152522294522:  Hold'em Limit ($3/$6 USD) - 2016/04/27 11:59:45 ET
Table 'Villigera' 6-max Seat #3 is the button
Seat 3: GlamDragon ($201.63 in chips)
Seat 5: Mr10P ($281.76 in chips)
GlamDragon: posts small blind $1
Mr10P: posts big blind $3
*** HOLE CARDS ***
GlamDragon: folds
Uncalled bet ($2) returned to Mr10P
Mr10P collected $2 from pot
Mr10P: doesn't show hand
*** SUMMARY ***
Total pot $2 | Rake $0
Seat 3: GlamDragon (button) (small blind) folded before Flop
Seat 5: Mr10P (big blind) collected ($2)


PokerStars Hand #152522287266:  Hold'em Limit ($3/$6 USD) - 2016/04/27 11:59:33 ET
Table 'Villigera' 6-max Seat #5 is the button
Seat 3: GlamDragon ($219.63 in chips)
Seat 5: Mr10P ($264.26 in chips)
Mr10P: posts small blind $1
GlamDragon: posts big blind $3
*** HOLE CARDS ***
Mr10P: raises $3 to $6
GlamDragon: raises $3 to $9
Mr10P: calls $3
*** FLOP *** [5s 6c Ts]
GlamDragon: bets $3
Mr10P: calls $3
*** TURN *** [5s 6c Ts] [9h]
GlamDragon: bets $6
Mr10P: raises $6 to $12
GlamDragon: folds
Uncalled bet ($6) returned to Mr10P
Mr10P collected $35.50 from pot
Mr10P: doesn't show hand
*** SUMMARY ***
Total pot $36 | Rake $0.50
Board [5s 6c Ts 9h]
Seat 3: GlamDragon (big blind) folded on the Turn
Seat 5: Mr10P (button) (small blind) collected ($35.50)


PokerStars Hand #152522273938:  Hold'em Limit ($3/$6 USD) - 2016/04/27 11:59:14 ET
Table 'Villigera' 6-max Seat #3 is the button
Seat 3: GlamDragon ($217.87 in chips)
Seat 5: Mr10P ($266.26 in chips)
GlamDragon: posts small blind $1
Mr10P: posts big blind $3
*** HOLE CARDS ***
GlamDragon: folds
Uncalled bet ($2) returned to Mr10P
Mr10P collected $2 from pot
Mr10P: doesn't show hand
*** SUMMARY ***
Total pot $2 | Rake $0
Seat 3: GlamDragon (button) (small blind) folded before Flop
Seat 5: Mr10P (big blind) collected ($2)


PokerStars Hand #152522268957:  Hold'em Limit ($3/$6 USD) - 2016/04/27 11:59:06 ET
Table 'Villigera' 6-max Seat #5 is the button
Seat 3: GlamDragon ($223.87 in chips)
Seat 5: Mr10P ($260.50 in chips)
Mr10P: posts small blind $1
craaa was removed from the table for failing to post
GlamDragon: posts big blind $3
*** HOLE CARDS ***
Mr10P: raises $3 to $6
GlamDragon: calls $3
*** FLOP *** [7c Qs 3h]
GlamDragon: checks
Mr10P: bets $3
GlamDragon: folds
Uncalled bet ($3) returned to Mr10P
Mr10P collected $11.76 from pot
Mr10P: doesn't show hand
*** SUMMARY ***
Total pot $12 | Rake $0.24
Board [7c Qs 3h]
Seat 3: GlamDragon (big blind) folded on the Flop
Seat 5: Mr10P (button) (small blind) collected ($11.76)


PokerStars Hand #152522279114:  Hold'em Limit ($3/$6 USD) - 2016/04/27 11:59:19 ET
Table 'Villigera' 6-max Seat #5 is the button
Seat 3: GlamDragon ($216.87 in chips)
Seat 5: Mr10P ($267.26 in chips)
Mr10P: posts small blind $1
GlamDragon: posts big blind $3
*** HOLE CARDS ***
Mr10P: raises $3 to $6
GlamDragon: folds
Uncalled bet ($3) returned to Mr10P
Mr10P collected $6 from pot
Mr10P: doesn't show hand
*** SUMMARY ***
Total pot $6 | Rake $0
Seat 3: GlamDragon (big blind) folded before Flop
Seat 5: Mr10P (button) (small blind) collected ($6)


PokerStars Hand #152522298478:  Hold'em Limit ($3/$6 USD) - 2016/04/27 11:59:50 ET
Table 'Villigera' 6-max Seat #5 is the button
Seat 3: GlamDragon ($200.63 in chips)
Seat 5: Mr10P ($282.76 in chips)
Mr10P: posts small blind $1
kvachka1 was removed from the table for failing to post
GlamDragon: posts big blind $3
*** HOLE CARDS ***
Mr10P: raises $3 to $6
GlamDragon: raises $3 to $9
Mr10P: calls $3
*** FLOP *** [6h Th 5c]
GlamDragon: bets $3
Mr10P: calls $3
*** TURN *** [6h Th 5c] [Jc]
GlamDragon: bets $6
Mr10P: calls $6
*** RIVER *** [6h Th 5c Jc] [4s]
GlamDragon: bets $6
Mr10P: calls $6
*** SHOW DOWN ***
GlamDragon: shows [Qc Kc] (high card King)
Mr10P: shows [7h Js] (a pair of Jacks)
Ale4o leaves the table
Mr10P collected $47.50 from pot
*** SUMMARY ***
Total pot $48 | Rake $0.50
Board [6h Th 5c Jc 4s]
Seat 3: GlamDragon (big blind) showed [Qc Kc] and lost with high card King
Seat 5: Mr10P (button) (small blind) showed [7h Js] and won ($47.50) with a pair of Jacks


PokerStars Hand #152522305915:  Hold'em Limit ($3/$6 USD) - 2016/04/27 12:00:03 ET
Table 'Villigera' 6-max Seat #3 is the button
Seat 3: GlamDragon ($176.63 in chips)
Seat 5: Mr10P ($306.26 in chips)
GlamDragon: posts small blind $1
Mr10P: posts big blind $3
*** HOLE CARDS ***
GlamDragon: raises $3 to $6
Mr10P: calls $3
*** FLOP *** [Ac 3d 2h]
Mr10P: checks
GlamDragon: bets $3
Mr10P: calls $3
*** TURN *** [Ac 3d 2h] [Qd]
Mr10P: checks
GlamDragon: bets $6
Mr10P: calls $6
*** RIVER *** [Ac 3d 2h Qd] [4s]
Mr10P: checks
GlamDragon: bets $6
Mr10P: calls $6
*** SHOW DOWN ***
GlamDragon: shows [As Jc] (a pair of Aces)
Mr10P: mucks hand
GlamDragon collected $41.50 from pot
*** SUMMARY ***
Total pot $42 | Rake $0.50
Board [Ac 3d 2h Qd 4s]
Seat 3: GlamDragon (button) (small blind) showed [As Jc] and won ($41.50) with a pair of Aces
Seat 5: Mr10P (big blind) mucked


PokerStars Hand #152522317756:  Hold'em Limit ($3/$6 USD) - 2016/04/27 12:00:21 ET
Table 'Villigera' 6-max Seat #5 is the button
Seat 3: GlamDragon ($197.13 in chips)
Seat 5: Mr10P ($285.26 in chips)
Mr10P: posts small blind $1
GlamDragon: posts big blind $3
*** HOLE CARDS ***
Mr10P: raises $3 to $6
GlamDragon: calls $3
*** FLOP *** [Qd 6s 4s]
GlamDragon: checks
Mr10P: bets $3
GlamDragon: folds
Uncalled bet ($3) returned to Mr10P
Mr10P collected $11.76 from pot
Mr10P: doesn't show hand
*** SUMMARY ***
Total pot $12 | Rake $0.24
Board [Qd 6s 4s]
Seat 3: GlamDragon (big blind) folded on the Flop
Seat 5: Mr10P (button) (small blind) collected ($11.76)


PokerStars Hand #152522322731:  Hold'em Limit ($3/$6 USD) - 2016/04/27 12:00:29 ET
Table 'Villigera' 6-max Seat #3 is the button
Seat 3: GlamDragon ($191.13 in chips)
Seat 5: Mr10P ($291.02 in chips)
GlamDragon: posts small blind $1
Mr10P: posts big blind $3
*** HOLE CARDS ***
GlamDragon: raises $3 to $6
Mr10P: folds
Uncalled bet ($3) returned to GlamDragon
GlamDragon collected $6 from pot
GlamDragon: doesn't show hand
*** SUMMARY ***
Total pot $6 | Rake $0
Seat 3: GlamDragon (button) (small blind) collected ($6)
Seat 5: Mr10P (big blind) folded before Flop


PokerStars Hand #152522326016:  Hold'em Limit ($3/$6 USD) - 2016/04/27 12:00:34 ET
Table 'Villigera' 6-max Seat #5 is the button
Seat 3: GlamDragon ($194.13 in chips)
Seat 5: Mr10P ($288.02 in chips)
Mr10P: posts small blind $1
GlamDragon: posts big blind $3
*** HOLE CARDS ***
Mr10P: raises $3 to $6
GlamDragon: calls $3
*** FLOP *** [7h 8d 9c]
GlamDragon: checks
Mr10P: bets $3
GlamDragon: folds
Uncalled bet ($3) returned to Mr10P
Mr10P collected $11.76 from pot
Mr10P: doesn't show hand
*** SUMMARY ***
Total pot $12 | Rake $0.24
Board [7h 8d 9c]
Seat 3: GlamDragon (big blind) folded on the Flop
Seat 5: Mr10P (button) (small blind) collected ($11.76)


PokerStars Hand #152522349623:  Hold'em Limit ($3/$6 USD) - 2016/04/27 12:01:11 ET
Table 'Villigera' 6-max Seat #5 is the button
Seat 3: GlamDragon ($195.63 in chips)
Seat 5: Mr10P ($285.54 in chips)
Mr10P: posts small blind $1
GlamDragon: posts big blind $3
*** HOLE CARDS ***
Mr10P: raises $3 to $6
GlamDragon: calls $3
*** FLOP *** [Tc 4d As]
GlamDragon: checks
Mr10P: bets $3
GlamDragon: folds
Uncalled bet ($3) returned to Mr10P
Mr10P collected $11.76 from pot
Mr10P: doesn't show hand
*** SUMMARY ***
Total pot $12 | Rake $0.24
Board [Tc 4d As]
Seat 3: GlamDragon (big blind) folded on the Flop
Seat 5: Mr10P (button) (small blind) collected ($11.76)


PokerStars Hand #152522346398:  Hold'em Limit ($3/$6 USD) - 2016/04/27 12:01:06 ET
Table 'Villigera' 6-max Seat #3 is the button
Seat 3: GlamDragon ($196.63 in chips)
Seat 5: Mr10P ($284.54 in chips)
GlamDragon: posts small blind $1
Mr10P: posts big blind $3
*** HOLE CARDS ***
GlamDragon: folds
Uncalled bet ($2) returned to Mr10P
Mr10P collected $2 from pot
Mr10P: doesn't show hand
*** SUMMARY ***
Total pot $2 | Rake $0
Seat 3: GlamDragon (button) (small blind) folded before Flop
Seat 5: Mr10P (big blind) collected ($2)


PokerStars Hand #152522340965:  Hold'em Limit ($3/$6 USD) - 2016/04/27 12:00:58 ET
Table 'Villigera' 6-max Seat #5 is the button
Seat 3: GlamDragon ($202.63 in chips)
Seat 5: Mr10P ($278.78 in chips)
Mr10P: posts small blind $1
GlamDragon: posts big blind $3
*** HOLE CARDS ***
Mr10P: raises $3 to $6
GlamDragon: calls $3
*** FLOP *** [Ks 2h 9h]
GlamDragon: checks
Mr10P: bets $3
GlamDragon: folds
Uncalled bet ($3) returned to Mr10P
Mr10P collected $11.76 from pot
Mr10P: doesn't show hand
*** SUMMARY ***
Total pot $12 | Rake $0.24
Board [Ks 2h 9h]
Seat 3: GlamDragon (big blind) folded on the Flop
Seat 5: Mr10P (button) (small blind) collected ($11.76)


PokerStars Hand #152522331140:  Hold'em Limit ($3/$6 USD) - 2016/04/27 12:00:43 ET
Table 'Villigera' 6-max Seat #3 is the button
Seat 3: GlamDragon ($188.13 in chips)
Seat 5: Mr10P ($293.78 in chips)
GlamDragon: posts small blind $1
Mr10P: posts big blind $3
*** HOLE CARDS ***
GlamDragon: raises $3 to $6
Mr10P: calls $3
*** FLOP *** [7s 9d Ks]
Mr10P: checks
GlamDragon: bets $3
Mr10P: calls $3
*** TURN *** [7s 9d Ks] [2d]
Mr10P: checks
GlamDragon: bets $6
Mr10P: calls $6
*** RIVER *** [7s 9d Ks 2d] [Ad]
Mr10P: checks
GlamDragon: checks
*** SHOW DOWN ***
Mr10P: shows [6c 7h] (a pair of Sevens)
GlamDragon: shows [Qc 9s] (a pair of Nines)
GlamDragon collected $29.50 from pot
*** SUMMARY ***
Total pot $30 | Rake $0.50
Board [7s 9d Ks 2d Ad]
Seat 3: GlamDragon (button) (small blind) showed [Qc 9s] and won ($29.50) with a pair of Nines
Seat 5: Mr10P (big blind) showed [6c 7h] and lost with a pair of Sevens


PokerStars Hand #152522355661:  Hold'em Limit ($3/$6 USD) - 2016/04/27 12:01:20 ET
Table 'Villigera' 6-max Seat #3 is the button
Seat 3: GlamDragon ($189.63 in chips)
Seat 5: Mr10P ($291.30 in chips)
GlamDragon: posts small blind $1
Mr10P: posts big blind $3
*** HOLE CARDS ***
GlamDragon: raises $3 to $6
Mr10P: calls $3
*** FLOP *** [5h Td Qc]
Mr10P: bets $3
GlamDragon: raises $3 to $6
Mr10P: raises $3 to $9
GlamDragon: calls $3
*** TURN *** [5h Td Qc] [3c]
Mr10P: bets $6
GlamDragon: calls $6
*** RIVER *** [5h Td Qc 3c] [8c]
Mr10P: bets $6
GlamDragon: calls $6
tangxueke joins the table at seat #4
*** SHOW DOWN ***
Mr10P: shows [9h Qd] (a pair of Queens)
GlamDragon: shows [Jc Qh] (a pair of Queens - Jack kicker)
GlamDragon collected $53.50 from pot
*** SUMMARY ***
Total pot $54 | Rake $0.50
Board [5h Td Qc 3c 8c]
Seat 3: GlamDragon (button) (small blind) showed [Jc Qh] and won ($53.50) with a pair of Queens
Seat 5: Mr10P (big blind) showed [9h Qd] and lost with a pair of Queens


PokerStars Hand #152522366573:  Hold'em Limit ($3/$6 USD) - 2016/04/27 12:01:36 ET
Table 'Villigera' 6-max Seat #5 is the button
Seat 3: GlamDragon ($216.13 in chips)
Seat 5: Mr10P ($264.30 in chips)
Mr10P: posts small blind $1
GlamDragon: posts big blind $3
*** HOLE CARDS ***
Mr10P: raises $3 to $6
GlamDragon: raises $3 to $9
Mr10P: calls $3
*** FLOP *** [4s Th 5c]
GlamDragon: bets $3
Mr10P: calls $3
*** TURN *** [4s Th 5c] [Js]
GlamDragon: bets $6
Mr10P: raises $6 to $12
GlamDragon: folds
Uncalled bet ($6) returned to Mr10P
Mr10P collected $35.50 from pot
Mr10P: doesn't show hand
*** SUMMARY ***
Total pot $36 | Rake $0.50
Board [4s Th 5c Js]
Seat 3: GlamDragon (big blind) folded on the Turn
Seat 5: Mr10P (button) (small blind) collected ($35.50)


PokerStars Hand #152529134090:  Hold'em Limit ($3/$6 USD) - 2016/04/27 14:24:56 ET
Table 'Villigera' 6-max Seat #3 is the button
Seat 3: GlamDragon ($263.68 in chips)
Seat 6: SmellyToes4u ($230.89 in chips)
GlamDragon: posts small blind $1
tangxueke: is sitting out
SmellyToes4u: posts big blind $3
*** HOLE CARDS ***
GlamDragon: folds
Uncalled bet ($2) returned to SmellyToes4u
SmellyToes4u collected $2 from pot
SmellyToes4u: doesn't show hand
*** SUMMARY ***
Total pot $2 | Rake $0
Seat 3: GlamDragon (button) (small blind) folded before Flop
Seat 6: SmellyToes4u (big blind) collected ($2)


