PokerStars Hand #148089434613:  Hold'em Limit ($3/$6 USD) - 2016/02/01 22:09:11 ET
Table 'Villigera' 2-max Seat #1 is the button
Seat 1: permafrost07 ($125.80 in chips)
Seat 2: IntoTheAiR ($90.76 in chips)
permafrost07: posts small blind $1
IntoTheAiR: posts big blind $3
*** HOLE CARDS ***
permafrost07: raises $3 to $6
IntoTheAiR: folds
Uncalled bet ($3) returned to permafrost07
permafrost07 collected $6 from pot
permafrost07: doesn't show hand
*** SUMMARY ***
Total pot $6 | Rake $0
Seat 1: permafrost07 (button) (small blind) collected ($6)
Seat 2: IntoTheAiR (big blind) folded before Flop


PokerStars Hand #148089432765:  Hold'em Limit ($3/$6 USD) - 2016/02/01 22:09:07 ET
Table 'Villigera' 2-max Seat #2 is the button
Seat 1: permafrost07 ($124.80 in chips)
Seat 2: IntoTheAiR ($91.76 in chips)
IntoTheAiR: posts small blind $1
permafrost07: posts big blind $3
*** HOLE CARDS ***
IntoTheAiR: folds
Uncalled bet ($2) returned to permafrost07
permafrost07 collected $2 from pot
permafrost07: doesn't show hand
*** SUMMARY ***
Total pot $2 | Rake $0
Seat 1: permafrost07 (big blind) collected ($2)
Seat 2: IntoTheAiR (button) (small blind) folded before Flop


PokerStars Hand #148089428849:  Hold'em Limit ($3/$6 USD) - 2016/02/01 22:08:57 ET
Table 'Villigera' 2-max Seat #1 is the button
Seat 1: permafrost07 ($119.04 in chips)
Seat 2: IntoTheAiR ($97.76 in chips)
permafrost07: posts small blind $1
IntoTheAiR: posts big blind $3
*** HOLE CARDS ***
permafrost07: raises $3 to $6
IntoTheAiR: calls $3
*** FLOP *** [9s 3h Jc]
IntoTheAiR: checks
permafrost07: bets $3
IntoTheAiR: folds
Uncalled bet ($3) returned to permafrost07
permafrost07 collected $11.76 from pot
permafrost07: doesn't show hand
*** SUMMARY ***
Total pot $12 | Rake $0.24
Board [9s 3h Jc]
Seat 1: permafrost07 (button) (small blind) collected ($11.76)
Seat 2: IntoTheAiR (big blind) folded on the Flop


PokerStars Hand #148089426924:  Hold'em Limit ($3/$6 USD) - 2016/02/01 22:08:52 ET
Table 'Villigera' 2-max Seat #2 is the button
Seat 1: permafrost07 ($118.04 in chips)
Seat 2: IntoTheAiR ($98.76 in chips)
IntoTheAiR: posts small blind $1
permafrost07: posts big blind $3
*** HOLE CARDS ***
IntoTheAiR: folds
Uncalled bet ($2) returned to permafrost07
permafrost07 collected $2 from pot
permafrost07: doesn't show hand
*** SUMMARY ***
Total pot $2 | Rake $0
Seat 1: permafrost07 (big blind) collected ($2)
Seat 2: IntoTheAiR (button) (small blind) folded before Flop


PokerStars Hand #148089421462:  Hold'em Limit ($3/$6 USD) - 2016/02/01 22:08:38 ET
Table 'Villigera' 2-max Seat #1 is the button
Seat 1: permafrost07 ($124.04 in chips)
Seat 2: IntoTheAiR ($93 in chips)
permafrost07: posts small blind $1
IntoTheAiR: posts big blind $3
*** HOLE CARDS ***
permafrost07: calls $2
IntoTheAiR: raises $3 to $6
permafrost07: calls $3
*** FLOP *** [Jc 4s 7d]
IntoTheAiR: bets $3
permafrost07: folds
Uncalled bet ($3) returned to IntoTheAiR
IntoTheAiR collected $11.76 from pot
IntoTheAiR: doesn't show hand
*** SUMMARY ***
Total pot $12 | Rake $0.24
Board [Jc 4s 7d]
Seat 1: permafrost07 (button) (small blind) folded on the Flop
Seat 2: IntoTheAiR (big blind) collected ($11.76)


PokerStars Hand #148089418878:  Hold'em Limit ($3/$6 USD) - 2016/02/01 22:08:32 ET
Table 'Villigera' 2-max Seat #2 is the button
Seat 1: permafrost07 ($127.04 in chips)
Seat 2: IntoTheAiR ($90 in chips)
IntoTheAiR: posts small blind $1
permafrost07: posts big blind $3
*** HOLE CARDS ***
IntoTheAiR: raises $3 to $6
permafrost07: folds
Uncalled bet ($3) returned to IntoTheAiR
IntoTheAiR collected $6 from pot
IntoTheAiR: doesn't show hand
*** SUMMARY ***
Total pot $6 | Rake $0
Seat 1: permafrost07 (big blind) folded before Flop
Seat 2: IntoTheAiR (button) (small blind) collected ($6)


PokerStars Hand #148089414544:  Hold'em Limit ($3/$6 USD) - 2016/02/01 22:08:21 ET
Table 'Villigera' 2-max Seat #1 is the button
Seat 1: permafrost07 ($121.28 in chips)
Seat 2: IntoTheAiR ($96 in chips)
permafrost07: posts small blind $1
IntoTheAiR: posts big blind $3
*** HOLE CARDS ***
permafrost07: raises $3 to $6
IntoTheAiR: calls $3
*** FLOP *** [3d Qh 8h]
IntoTheAiR: checks
permafrost07: bets $3
IntoTheAiR: folds
Uncalled bet ($3) returned to permafrost07
permafrost07 collected $11.76 from pot
permafrost07: doesn't show hand
*** SUMMARY ***
Total pot $12 | Rake $0.24
Board [3d Qh 8h]
Seat 1: permafrost07 (button) (small blind) collected ($11.76)
Seat 2: IntoTheAiR (big blind) folded on the Flop


PokerStars Hand #148089403757:  Hold'em Limit ($3/$6 USD) - 2016/02/01 22:07:54 ET
Table 'Villigera' 2-max Seat #2 is the button
Seat 1: permafrost07 ($97.78 in chips)
Seat 2: IntoTheAiR ($120 in chips)
IntoTheAiR: posts small blind $1
permafrost07: posts big blind $3
*** HOLE CARDS ***
IntoTheAiR: raises $3 to $6
permafrost07: raises $3 to $9
IntoTheAiR: calls $3
*** FLOP *** [7d 3d Ts]
permafrost07: bets $3
IntoTheAiR: calls $3
*** TURN *** [7d 3d Ts] [2d]
permafrost07: bets $6
IntoTheAiR: calls $6
*** RIVER *** [7d 3d Ts 2d] [4d]
permafrost07: bets $6
IntoTheAiR: calls $6
*** SHOW DOWN ***
permafrost07: shows [Ad Jc] (a flush, Ace high)
IntoTheAiR: mucks hand
permafrost07 collected $47.50 from pot
*** SUMMARY ***
Total pot $48 | Rake $0.50
Board [7d 3d Ts 2d 4d]
Seat 1: permafrost07 (big blind) showed [Ad Jc] and won ($47.50) with a flush, Ace high
Seat 2: IntoTheAiR (button) (small blind) mucked


PokerStars Hand #148089457471:  Hold'em Limit ($3/$6 USD) - 2016/02/01 22:10:08 ET
Table 'Villigera' 2-max Seat #1 is the button
Seat 1: permafrost07 ($168.58 in chips)
Seat 2: IntoTheAiR ($46.76 in chips)
permafrost07: posts small blind $1
IntoTheAiR: posts big blind $3
*** HOLE CARDS ***
permafrost07: raises $3 to $6
IntoTheAiR: folds
Uncalled bet ($3) returned to permafrost07
permafrost07 collected $6 from pot
permafrost07: doesn't show hand
*** SUMMARY ***
Total pot $6 | Rake $0
Seat 1: permafrost07 (button) (small blind) collected ($6)
Seat 2: IntoTheAiR (big blind) folded before Flop


PokerStars Hand #148089453520:  Hold'em Limit ($3/$6 USD) - 2016/02/01 22:09:58 ET
Table 'Villigera' 2-max Seat #2 is the button
Seat 1: permafrost07 ($159.94 in chips)
Seat 2: IntoTheAiR ($55.76 in chips)
IntoTheAiR: posts small blind $1
permafrost07: posts big blind $3
*** HOLE CARDS ***
IntoTheAiR: raises $3 to $6
permafrost07: raises $3 to $9
IntoTheAiR: calls $3
*** FLOP *** [Qd 8s As]
permafrost07: bets $3
IntoTheAiR: folds
Uncalled bet ($3) returned to permafrost07
permafrost07 collected $17.64 from pot
permafrost07: doesn't show hand
*** SUMMARY ***
Total pot $18 | Rake $0.36
Board [Qd 8s As]
Seat 1: permafrost07 (big blind) collected ($17.64)
Seat 2: IntoTheAiR (button) (small blind) folded on the Flop


PokerStars Hand #148089445571:  Hold'em Limit ($3/$6 USD) - 2016/02/01 22:09:38 ET
Table 'Villigera' 2-max Seat #2 is the button
Seat 1: permafrost07 ($148.30 in chips)
Seat 2: IntoTheAiR ($67.76 in chips)
IntoTheAiR: posts small blind $1
permafrost07: posts big blind $3
*** HOLE CARDS ***
IntoTheAiR: raises $3 to $6
permafrost07: calls $3
*** FLOP *** [5h 7d Tc]
permafrost07: bets $3
IntoTheAiR: calls $3
*** TURN *** [5h 7d Tc] [7c]
permafrost07: bets $6
IntoTheAiR: folds
Uncalled bet ($6) returned to permafrost07
permafrost07 collected $17.64 from pot
permafrost07: doesn't show hand
*** SUMMARY ***
Total pot $18 | Rake $0.36
Board [5h 7d Tc 7c]
Seat 1: permafrost07 (big blind) collected ($17.64)
Seat 2: IntoTheAiR (button) (small blind) folded on the Turn


PokerStars Hand #148089442909:  Hold'em Limit ($3/$6 USD) - 2016/02/01 22:09:32 ET
Table 'Villigera' 2-max Seat #1 is the button
Seat 1: permafrost07 ($149.30 in chips)
Seat 2: IntoTheAiR ($66.76 in chips)
permafrost07: posts small blind $1
IntoTheAiR: posts big blind $3
*** HOLE CARDS ***
permafrost07: folds
Uncalled bet ($2) returned to IntoTheAiR
IntoTheAiR collected $2 from pot
IntoTheAiR: doesn't show hand
*** SUMMARY ***
Total pot $2 | Rake $0
Seat 1: permafrost07 (button) (small blind) folded before Flop
Seat 2: IntoTheAiR (big blind) collected ($2)


PokerStars Hand #148089437087:  Hold'em Limit ($3/$6 USD) - 2016/02/01 22:09:17 ET
Table 'Villigera' 2-max Seat #2 is the button
Seat 1: permafrost07 ($128.80 in chips)
Seat 2: IntoTheAiR ($87.76 in chips)
IntoTheAiR: posts small blind $1
permafrost07: posts big blind $3
*** HOLE CARDS ***
IntoTheAiR: raises $3 to $6
permafrost07: calls $3
*** FLOP *** [Qd 6s 4h]
permafrost07: bets $3
IntoTheAiR: calls $3
*** TURN *** [Qd 6s 4h] [8h]
permafrost07: bets $6
IntoTheAiR: calls $6
*** RIVER *** [Qd 6s 4h 8h] [3s]
permafrost07: bets $6
IntoTheAiR: calls $6
*** SHOW DOWN ***
permafrost07: shows [4s 6d] (two pair, Sixes and Fours)
IntoTheAiR: mucks hand
permafrost07 collected $41.50 from pot
*** SUMMARY ***
Total pot $42 | Rake $0.50
Board [Qd 6s 4h 8h 3s]
Seat 1: permafrost07 (big blind) showed [4s 6d] and won ($41.50) with two pair, Sixes and Fours
Seat 2: IntoTheAiR (button) (small blind) mucked


PokerStars Hand #148089477305:  Hold'em Limit ($3/$6 USD) - 2016/02/01 22:10:57 ET
Table 'Villigera' 2-max Seat #2 is the button
Seat 1: permafrost07 ($171.34 in chips)
Seat 2: IntoTheAiR ($43.28 in chips)
IntoTheAiR: posts small blind $1
permafrost07: posts big blind $3
*** HOLE CARDS ***
IntoTheAiR: raises $3 to $6
permafrost07: calls $3
*** FLOP *** [Ah 2d 4d]
permafrost07: checks
IntoTheAiR: bets $3
permafrost07: calls $3
*** TURN *** [Ah 2d 4d] [Js]
permafrost07: checks
IntoTheAiR: bets $6
permafrost07: calls $6
*** RIVER *** [Ah 2d 4d Js] [4c]
permafrost07: checks
IntoTheAiR: checks
*** SHOW DOWN ***
permafrost07: shows [5d 8h] (a pair of Fours)
IntoTheAiR: shows [8c Kc] (a pair of Fours - Ace+King kicker)
IntoTheAiR collected $29.50 from pot
*** SUMMARY ***
Total pot $30 | Rake $0.50
Board [Ah 2d 4d Js 4c]
Seat 1: permafrost07 (big blind) showed [5d 8h] and lost with a pair of Fours
Seat 2: IntoTheAiR (button) (small blind) showed [8c Kc] and won ($29.50) with a pair of Fours


PokerStars Hand #148089474816:  Hold'em Limit ($3/$6 USD) - 2016/02/01 22:10:51 ET
Table 'Villigera' 2-max Seat #1 is the button
Seat 1: permafrost07 ($168.34 in chips)
Seat 2: IntoTheAiR ($46.28 in chips)
permafrost07: posts small blind $1
IntoTheAiR: posts big blind $3
*** HOLE CARDS ***
permafrost07: raises $3 to $6
IntoTheAiR: folds
Uncalled bet ($3) returned to permafrost07
permafrost07 collected $6 from pot
permafrost07: doesn't show hand
*** SUMMARY ***
Total pot $6 | Rake $0
Seat 1: permafrost07 (button) (small blind) collected ($6)
Seat 2: IntoTheAiR (big blind) folded before Flop


PokerStars Hand #148089466488:  Hold'em Limit ($3/$6 USD) - 2016/02/01 22:10:30 ET
Table 'Villigera' 2-max Seat #2 is the button
Seat 1: permafrost07 ($180.34 in chips)
Seat 2: IntoTheAiR ($34.76 in chips)
IntoTheAiR: posts small blind $1
permafrost07: posts big blind $3
*** HOLE CARDS ***
IntoTheAiR: raises $3 to $6
permafrost07: raises $3 to $9
IntoTheAiR: calls $3
*** FLOP *** [6c Js 6s]
permafrost07: bets $3
IntoTheAiR: calls $3
*** TURN *** [6c Js 6s] [8d]
permafrost07: checks
IntoTheAiR: checks
*** RIVER *** [6c Js 6s 8d] [Jh]
permafrost07: checks
IntoTheAiR: bets $6
permafrost07: folds
Uncalled bet ($6) returned to IntoTheAiR
IntoTheAiR collected $23.52 from pot
IntoTheAiR: doesn't show hand
*** SUMMARY ***
Total pot $24 | Rake $0.48
Board [6c Js 6s 8d Jh]
Seat 1: permafrost07 (big blind) folded on the River
Seat 2: IntoTheAiR (button) (small blind) collected ($23.52)


PokerStars Hand #148089464071:  Hold'em Limit ($3/$6 USD) - 2016/02/01 22:10:24 ET
Table 'Villigera' 2-max Seat #1 is the button
Seat 1: permafrost07 ($177.34 in chips)
Seat 2: IntoTheAiR ($37.76 in chips)
permafrost07: posts small blind $1
IntoTheAiR: posts big blind $3
*** HOLE CARDS ***
permafrost07: raises $3 to $6
IntoTheAiR: folds
Uncalled bet ($3) returned to permafrost07
permafrost07 collected $6 from pot
permafrost07: doesn't show hand
*** SUMMARY ***
Total pot $6 | Rake $0
Seat 1: permafrost07 (button) (small blind) collected ($6)
Seat 2: IntoTheAiR (big blind) folded before Flop


PokerStars Hand #148089460252:  Hold'em Limit ($3/$6 USD) - 2016/02/01 22:10:15 ET
Table 'Villigera' 2-max Seat #2 is the button
Seat 1: permafrost07 ($171.58 in chips)
Seat 2: IntoTheAiR ($43.76 in chips)
IntoTheAiR: posts small blind $1
permafrost07: posts big blind $3
*** HOLE CARDS ***
IntoTheAiR: raises $3 to $6
permafrost07: calls $3
*** FLOP *** [9h 8s Jh]
permafrost07: bets $3
IntoTheAiR: folds
Uncalled bet ($3) returned to permafrost07
permafrost07 collected $11.76 from pot
permafrost07: doesn't show hand
*** SUMMARY ***
Total pot $12 | Rake $0.24
Board [9h 8s Jh]
Seat 1: permafrost07 (big blind) collected ($11.76)
Seat 2: IntoTheAiR (button) (small blind) folded on the Flop


PokerStars Hand #148089502655:  Hold'em Limit ($3/$6 USD) - 2016/02/01 22:12:00 ET
Table 'Villigera' 2-max Seat #2 is the button
Seat 1: permafrost07 ($134.85 in chips)
Seat 2: IntoTheAiR ($78.03 in chips)
IntoTheAiR: posts small blind $1
permafrost07: posts big blind $3
*** HOLE CARDS ***
IntoTheAiR: raises $3 to $6
permafrost07: raises $3 to $9
IntoTheAiR: calls $3
*** FLOP *** [3c 8c 4c]
permafrost07: bets $3
IntoTheAiR: folds
Uncalled bet ($3) returned to permafrost07
permafrost07 collected $17.64 from pot
permafrost07: doesn't show hand
*** SUMMARY ***
Total pot $18 | Rake $0.36
Board [3c 8c 4c]
Seat 1: permafrost07 (big blind) collected ($17.64)
Seat 2: IntoTheAiR (button) (small blind) folded on the Flop


PokerStars Hand #148089498883:  Hold'em Limit ($3/$6 USD) - 2016/02/01 22:11:51 ET
Table 'Villigera' 2-max Seat #1 is the button
Seat 1: permafrost07 ($129.09 in chips)
Seat 2: IntoTheAiR ($84.03 in chips)
permafrost07: posts small blind $1
IntoTheAiR: posts big blind $3
*** HOLE CARDS ***
permafrost07: raises $3 to $6
IntoTheAiR: calls $3
*** FLOP *** [4h Ad Qs]
IntoTheAiR: checks
permafrost07: bets $3
IntoTheAiR: folds
Uncalled bet ($3) returned to permafrost07
permafrost07 collected $11.76 from pot
permafrost07: doesn't show hand
*** SUMMARY ***
Total pot $12 | Rake $0.24
Board [4h Ad Qs]
Seat 1: permafrost07 (button) (small blind) collected ($11.76)
Seat 2: IntoTheAiR (big blind) folded on the Flop


PokerStars Hand #148089491423:  Hold'em Limit ($3/$6 USD) - 2016/02/01 22:11:32 ET
Table 'Villigera' 2-max Seat #2 is the button
Seat 1: permafrost07 ($156.09 in chips)
Seat 2: IntoTheAiR ($57.53 in chips)
IntoTheAiR: posts small blind $1
permafrost07: posts big blind $3
*** HOLE CARDS ***
IntoTheAiR: raises $3 to $6
permafrost07: calls $3
*** FLOP *** [6d 6s 9s]
permafrost07: bets $3
IntoTheAiR: calls $3
*** TURN *** [6d 6s 9s] [2d]
permafrost07: bets $6
IntoTheAiR: raises $6 to $12
permafrost07: calls $6
*** RIVER *** [6d 6s 9s 2d] [Td]
permafrost07: checks
IntoTheAiR: bets $6
permafrost07: calls $6
*** SHOW DOWN ***
IntoTheAiR: shows [6c 8h] (three of a kind, Sixes)
permafrost07: mucks hand
IntoTheAiR collected $53.50 from pot
*** SUMMARY ***
Total pot $54 | Rake $0.50
Board [6d 6s 9s 2d Td]
Seat 1: permafrost07 (big blind) mucked
Seat 2: IntoTheAiR (button) (small blind) showed [6c 8h] and won ($53.50) with three of a kind, Sixes


PokerStars Hand #148089484899:  Hold'em Limit ($3/$6 USD) - 2016/02/01 22:11:16 ET
Table 'Villigera' 2-max Seat #1 is the button
Seat 1: permafrost07 ($156.34 in chips)
Seat 2: IntoTheAiR ($57.78 in chips)
permafrost07: posts small blind $1
IntoTheAiR: posts big blind $3
*** HOLE CARDS ***
permafrost07: raises $3 to $6
IntoTheAiR: calls $3
*** FLOP *** [Td Ts 6h]
IntoTheAiR: checks
permafrost07: bets $3
IntoTheAiR: calls $3
*** TURN *** [Td Ts 6h] [5h]
IntoTheAiR: checks
permafrost07: bets $6
IntoTheAiR: calls $6
*** RIVER *** [Td Ts 6h 5h] [Qd]
IntoTheAiR: checks
permafrost07: checks
*** SHOW DOWN ***
IntoTheAiR: shows [As 9d] (a pair of Tens)
permafrost07: shows [9h Ac] (a pair of Tens)
IntoTheAiR collected $14.75 from pot
permafrost07 collected $14.75 from pot
*** SUMMARY ***
Total pot $30 | Rake $0.50
Board [Td Ts 6h 5h Qd]
Seat 1: permafrost07 (button) (small blind) showed [9h Ac] and won ($14.75) with a pair of Tens
Seat 2: IntoTheAiR (big blind) showed [As 9d] and won ($14.75) with a pair of Tens


PokerStars Hand #148089524984:  Hold'em Limit ($3/$6 USD) - 2016/02/01 22:12:56 ET
Table 'Villigera' 2-max Seat #2 is the button
Seat 1: permafrost07 ($169.50 in chips)
Seat 2: IntoTheAiR ($41.78 in chips)
IntoTheAiR: posts small blind $1
permafrost07: posts big blind $3
*** HOLE CARDS ***
IntoTheAiR: raises $3 to $6
permafrost07: calls $3
*** FLOP *** [7s Jd Ah]
permafrost07: bets $3
IntoTheAiR: raises $3 to $6
permafrost07: calls $3
*** TURN *** [7s Jd Ah] [2c]
permafrost07: checks
IntoTheAiR: checks
*** RIVER *** [7s Jd Ah 2c] [9h]
permafrost07: checks
IntoTheAiR: checks
*** SHOW DOWN ***
permafrost07: shows [7d 8s] (a pair of Sevens)
IntoTheAiR: mucks hand
permafrost07 collected $23.52 from pot
*** SUMMARY ***
Total pot $24 | Rake $0.48
Board [7s Jd Ah 2c 9h]
Seat 1: permafrost07 (big blind) showed [7d 8s] and won ($23.52) with a pair of Sevens
Seat 2: IntoTheAiR (button) (small blind) mucked


PokerStars Hand #148089517944:  Hold'em Limit ($3/$6 USD) - 2016/02/01 22:12:38 ET
Table 'Villigera' 2-max Seat #1 is the button
Seat 1: permafrost07 ($149 in chips)
Seat 2: IntoTheAiR ($62.78 in chips)
permafrost07: posts small blind $1
IntoTheAiR: posts big blind $3
*** HOLE CARDS ***
permafrost07: raises $3 to $6
IntoTheAiR: raises $3 to $9
permafrost07: raises $3 to $12
Betting is capped
IntoTheAiR: calls $3
*** FLOP *** [4d 9h 8s]
IntoTheAiR: checks
permafrost07: bets $3
IntoTheAiR: calls $3
*** TURN *** [4d 9h 8s] [4h]
IntoTheAiR: checks
permafrost07: bets $6
IntoTheAiR: calls $6
*** RIVER *** [4d 9h 8s 4h] [Ks]
IntoTheAiR: checks
permafrost07: checks
*** SHOW DOWN ***
IntoTheAiR: shows [As Qh] (a pair of Fours)
permafrost07: shows [6c 6s] (two pair, Sixes and Fours)
permafrost07 collected $41.50 from pot
*** SUMMARY ***
Total pot $42 | Rake $0.50
Board [4d 9h 8s 4h Ks]
Seat 1: permafrost07 (button) (small blind) showed [6c 6s] and won ($41.50) with two pair, Sixes and Fours
Seat 2: IntoTheAiR (big blind) showed [As Qh] and lost with a pair of Fours


PokerStars Hand #148089510889:  Hold'em Limit ($3/$6 USD) - 2016/02/01 22:12:20 ET
Table 'Villigera' 2-max Seat #2 is the button
Seat 1: permafrost07 ($149.25 in chips)
Seat 2: IntoTheAiR ($63.03 in chips)
IntoTheAiR: posts small blind $1
permafrost07: posts big blind $3
*** HOLE CARDS ***
IntoTheAiR: raises $3 to $6
permafrost07: calls $3
*** FLOP *** [3h Ks 8d]
permafrost07: bets $3
IntoTheAiR: calls $3
*** TURN *** [3h Ks 8d] [4d]
permafrost07: bets $6
IntoTheAiR: calls $6
*** RIVER *** [3h Ks 8d 4d] [5s]
permafrost07: checks
IntoTheAiR: bets $6
permafrost07: calls $6
*** SHOW DOWN ***
IntoTheAiR: shows [8c Td] (a pair of Eights)
permafrost07: shows [Tc 8h] (a pair of Eights)
permafrost07 collected $20.75 from pot
IntoTheAiR collected $20.75 from pot
*** SUMMARY ***
Total pot $42 | Rake $0.50
Board [3h Ks 8d 4d 5s]
Seat 1: permafrost07 (big blind) showed [Tc 8h] and won ($20.75) with a pair of Eights
Seat 2: IntoTheAiR (button) (small blind) showed [8c Td] and won ($20.75) with a pair of Eights


PokerStars Hand #148089506753:  Hold'em Limit ($3/$6 USD) - 2016/02/01 22:12:10 ET
Table 'Villigera' 2-max Seat #1 is the button
Seat 1: permafrost07 ($143.49 in chips)
Seat 2: IntoTheAiR ($69.03 in chips)
permafrost07: posts small blind $1
IntoTheAiR: posts big blind $3
*** HOLE CARDS ***
permafrost07: raises $3 to $6
IntoTheAiR: calls $3
*** FLOP *** [9d 2d 5h]
IntoTheAiR: checks
permafrost07: bets $3
IntoTheAiR: folds
Uncalled bet ($3) returned to permafrost07
permafrost07 collected $11.76 from pot
permafrost07: doesn't show hand
*** SUMMARY ***
Total pot $12 | Rake $0.24
Board [9d 2d 5h]
Seat 1: permafrost07 (button) (small blind) collected ($11.76)
Seat 2: IntoTheAiR (big blind) folded on the Flop


PokerStars Hand #148089552323:  Hold'em Limit ($3/$6 USD) - 2016/02/01 22:14:04 ET
Table 'Villigera' 2-max Seat #1 is the button
Seat 1: permafrost07 ($180.52 in chips)
Seat 2: IntoTheAiR ($89.06 in chips)
permafrost07: posts small blind $1
IntoTheAiR: posts big blind $3
*** HOLE CARDS ***
permafrost07: folds
Uncalled bet ($2) returned to IntoTheAiR
IntoTheAiR collected $2 from pot
IntoTheAiR: doesn't show hand
*** SUMMARY ***
Total pot $2 | Rake $0
Seat 1: permafrost07 (button) (small blind) folded before Flop
Seat 2: IntoTheAiR (big blind) collected ($2)


PokerStars Hand #148089546488:  Hold'em Limit ($3/$6 USD) - 2016/02/01 22:13:49 ET
Table 'Villigera' 2-max Seat #2 is the button
Seat 1: permafrost07 ($189.52 in chips)
Seat 2: IntoTheAiR ($80.42 in chips)
IntoTheAiR: posts small blind $1
permafrost07: posts big blind $3
*** HOLE CARDS ***
IntoTheAiR: raises $3 to $6
permafrost07: calls $3
*** FLOP *** [Kh 9d 3c]
permafrost07: bets $3
IntoTheAiR: calls $3
*** TURN *** [Kh 9d 3c] [2s]
permafrost07: checks
IntoTheAiR: bets $6
permafrost07: folds
Uncalled bet ($6) returned to IntoTheAiR
IntoTheAiR collected $17.64 from pot
IntoTheAiR: doesn't show hand
*** SUMMARY ***
Total pot $18 | Rake $0.36
Board [Kh 9d 3c 2s]
Seat 1: permafrost07 (big blind) folded on the Turn
Seat 2: IntoTheAiR (button) (small blind) collected ($17.64)


PokerStars Hand #148089543576:  Hold'em Limit ($3/$6 USD) - 2016/02/01 22:13:42 ET
Table 'Villigera' 2-max Seat #1 is the button
Seat 1: permafrost07 ($186.52 in chips)
Seat 2: IntoTheAiR ($83.42 in chips)
permafrost07: posts small blind $1
IntoTheAiR: posts big blind $3
*** HOLE CARDS ***
permafrost07: raises $3 to $6
IntoTheAiR: folds
Uncalled bet ($3) returned to permafrost07
permafrost07 collected $6 from pot
permafrost07: doesn't show hand
*** SUMMARY ***
Total pot $6 | Rake $0
Seat 1: permafrost07 (button) (small blind) collected ($6)
Seat 2: IntoTheAiR (big blind) folded before Flop


PokerStars Hand #148089537191:  Hold'em Limit ($3/$6 USD) - 2016/02/01 22:13:26 ET
Table 'Villigera' 2-max Seat #2 is the button
Seat 1: permafrost07 ($195.52 in chips)
Seat 2: IntoTheAiR ($74.78 in chips)
IntoTheAiR: posts small blind $1
permafrost07: posts big blind $3
*** HOLE CARDS ***
IntoTheAiR: raises $3 to $6
permafrost07: calls $3
*** FLOP *** [Ks 7d 2s]
permafrost07: bets $3
IntoTheAiR: calls $3
*** TURN *** [Ks 7d 2s] [Kd]
permafrost07: checks
IntoTheAiR: bets $6
permafrost07: folds
Uncalled bet ($6) returned to IntoTheAiR
IntoTheAiR collected $17.64 from pot
IntoTheAiR: doesn't show hand
*** SUMMARY ***
Total pot $18 | Rake $0.36
Board [Ks 7d 2s Kd]
Seat 1: permafrost07 (big blind) folded on the Turn
Seat 2: IntoTheAiR (button) (small blind) collected ($17.64)


PokerStars Hand #148089531590:  Hold'em Limit ($3/$6 USD) - 2016/02/01 22:13:12 ET
Table 'Villigera' 2-max Seat #1 is the button
Seat 1: permafrost07 ($181.02 in chips)
Seat 2: IntoTheAiR ($29.78 in chips)
permafrost07: posts small blind $1
IntoTheAiR: posts big blind $3
*** HOLE CARDS ***
permafrost07: raises $3 to $6
IntoTheAiR: calls $3
*** FLOP *** [2h 8c Jc]
IntoTheAiR: checks
permafrost07: bets $3
IntoTheAiR: raises $3 to $6
permafrost07: raises $3 to $9
IntoTheAiR: calls $3
*** TURN *** [2h 8c Jc] [9h]
IntoTheAiR: checks
permafrost07: bets $6
IntoTheAiR: folds
Uncalled bet ($6) returned to permafrost07
permafrost07 collected $29.50 from pot
permafrost07: doesn't show hand
*** SUMMARY ***
Total pot $30 | Rake $0.50
Board [2h 8c Jc 9h]
Seat 1: permafrost07 (button) (small blind) collected ($29.50)
Seat 2: IntoTheAiR (big blind) folded on the Turn


PokerStars Hand #148089574271:  Hold'em Limit ($3/$6 USD) - 2016/02/01 22:15:00 ET
Table 'Villigera' 2-max Seat #1 is the button
Seat 1: permafrost07 ($133.52 in chips)
Seat 2: IntoTheAiR ($135.20 in chips)
permafrost07: posts small blind $1
IntoTheAiR: posts big blind $3
*** HOLE CARDS ***
permafrost07: raises $3 to $6
IntoTheAiR: calls $3
*** FLOP *** [6c Qd 2s]
IntoTheAiR: checks
permafrost07: bets $3
IntoTheAiR: folds
Uncalled bet ($3) returned to permafrost07
permafrost07 collected $11.76 from pot
permafrost07: doesn't show hand
*** SUMMARY ***
Total pot $12 | Rake $0.24
Board [6c Qd 2s]
Seat 1: permafrost07 (button) (small blind) collected ($11.76)
Seat 2: IntoTheAiR (big blind) folded on the Flop


PokerStars Hand #148089566882:  Hold'em Limit ($3/$6 USD) - 2016/02/01 22:14:41 ET
Table 'Villigera' 2-max Seat #2 is the button
Seat 1: permafrost07 ($169.52 in chips)
Seat 2: IntoTheAiR ($99.70 in chips)
IntoTheAiR: posts small blind $1
permafrost07: posts big blind $3
*** HOLE CARDS ***
IntoTheAiR: raises $3 to $6
permafrost07: raises $3 to $9
IntoTheAiR: calls $3
*** FLOP *** [Th Ah Jc]
permafrost07: bets $3
IntoTheAiR: calls $3
*** TURN *** [Th Ah Jc] [3s]
permafrost07: bets $6
IntoTheAiR: raises $6 to $12
permafrost07: raises $6 to $18
IntoTheAiR: calls $6
*** RIVER *** [Th Ah Jc 3s] [3d]
permafrost07: checks
IntoTheAiR: bets $6
permafrost07: calls $6
*** SHOW DOWN ***
IntoTheAiR: shows [As 5c] (two pair, Aces and Threes)
permafrost07: mucks hand
IntoTheAiR collected $71.50 from pot
*** SUMMARY ***
Total pot $72 | Rake $0.50
Board [Th Ah Jc 3s 3d]
Seat 1: permafrost07 (big blind) mucked
Seat 2: IntoTheAiR (button) (small blind) showed [As 5c] and won ($71.50) with two pair, Aces and Threes


PokerStars Hand #148089564377:  Hold'em Limit ($3/$6 USD) - 2016/02/01 22:14:35 ET
Table 'Villigera' 2-max Seat #1 is the button
Seat 1: permafrost07 ($170.52 in chips)
Seat 2: IntoTheAiR ($98.70 in chips)
permafrost07: posts small blind $1
IntoTheAiR: posts big blind $3
*** HOLE CARDS ***
permafrost07: folds
Uncalled bet ($2) returned to IntoTheAiR
IntoTheAiR collected $2 from pot
IntoTheAiR: doesn't show hand
*** SUMMARY ***
Total pot $2 | Rake $0
Seat 1: permafrost07 (button) (small blind) folded before Flop
Seat 2: IntoTheAiR (big blind) collected ($2)


PokerStars Hand #148089554665:  Hold'em Limit ($3/$6 USD) - 2016/02/01 22:14:10 ET
Table 'Villigera' 2-max Seat #2 is the button
Seat 1: permafrost07 ($179.52 in chips)
Seat 2: IntoTheAiR ($90.06 in chips)
IntoTheAiR: posts small blind $1
permafrost07: posts big blind $3
*** HOLE CARDS ***
IntoTheAiR: raises $3 to $6
permafrost07: calls $3
*** FLOP *** [Qs Ts 7c]
permafrost07: checks
IntoTheAiR: bets $3
permafrost07: calls $3
*** TURN *** [Qs Ts 7c] [4d]
permafrost07: checks
IntoTheAiR: bets $6
permafrost07: folds
Uncalled bet ($6) returned to IntoTheAiR
IntoTheAiR collected $17.64 from pot
IntoTheAiR: doesn't show hand
*** SUMMARY ***
Total pot $18 | Rake $0.36
Board [Qs Ts 7c 4d]
Seat 1: permafrost07 (big blind) folded on the Turn
Seat 2: IntoTheAiR (button) (small blind) collected ($17.64)


PokerStars Hand #148089597985:  Hold'em Limit ($3/$6 USD) - 2016/02/01 22:16:00 ET
Table 'Villigera' 2-max Seat #2 is the button
Seat 1: permafrost07 ($136.04 in chips)
Seat 2: IntoTheAiR ($131.70 in chips)
IntoTheAiR: posts small blind $1
permafrost07: posts big blind $3
*** HOLE CARDS ***
IntoTheAiR: raises $3 to $6
permafrost07: raises $3 to $9
IntoTheAiR: calls $3
*** FLOP *** [6h 6d 7c]
permafrost07: bets $3
IntoTheAiR: calls $3
*** TURN *** [6h 6d 7c] [5d]
permafrost07: bets $6
IntoTheAiR: calls $6
*** RIVER *** [6h 6d 7c 5d] [Tc]
permafrost07: checks
IntoTheAiR: checks
*** SHOW DOWN ***
permafrost07: shows [Ad 9c] (a pair of Sixes)
IntoTheAiR: mucks hand
permafrost07 collected $35.50 from pot
*** SUMMARY ***
Total pot $36 | Rake $0.50
Board [6h 6d 7c 5d Tc]
Seat 1: permafrost07 (big blind) showed [Ad 9c] and won ($35.50) with a pair of Sixes
Seat 2: IntoTheAiR (button) (small blind) mucked


PokerStars Hand #148089595776:  Hold'em Limit ($3/$6 USD) - 2016/02/01 22:15:54 ET
Table 'Villigera' 2-max Seat #1 is the button
Seat 1: permafrost07 ($133.04 in chips)
Seat 2: IntoTheAiR ($134.70 in chips)
permafrost07: posts small blind $1
IntoTheAiR: posts big blind $3
*** HOLE CARDS ***
permafrost07: raises $3 to $6
IntoTheAiR: folds
Uncalled bet ($3) returned to permafrost07
permafrost07 collected $6 from pot
permafrost07: doesn't show hand
*** SUMMARY ***
Total pot $6 | Rake $0
Seat 1: permafrost07 (button) (small blind) collected ($6)
Seat 2: IntoTheAiR (big blind) folded before Flop


PokerStars Hand #148089593961:  Hold'em Limit ($3/$6 USD) - 2016/02/01 22:15:49 ET
Table 'Villigera' 2-max Seat #2 is the button
Seat 1: permafrost07 ($132.04 in chips)
Seat 2: IntoTheAiR ($135.70 in chips)
IntoTheAiR: posts small blind $1
permafrost07: posts big blind $3
*** HOLE CARDS ***
IntoTheAiR: folds
Uncalled bet ($2) returned to permafrost07
permafrost07 collected $2 from pot
permafrost07: doesn't show hand
*** SUMMARY ***
Total pot $2 | Rake $0
Seat 1: permafrost07 (big blind) collected ($2)
Seat 2: IntoTheAiR (button) (small blind) folded before Flop


PokerStars Hand #148089588162:  Hold'em Limit ($3/$6 USD) - 2016/02/01 22:15:35 ET
Table 'Villigera' 2-max Seat #1 is the button
Seat 1: permafrost07 ($147.04 in chips)
Seat 2: IntoTheAiR ($121.20 in chips)
permafrost07: posts small blind $1
IntoTheAiR: posts big blind $3
*** HOLE CARDS ***
permafrost07: raises $3 to $6
IntoTheAiR: raises $3 to $9
permafrost07: raises $3 to $12
Betting is capped
IntoTheAiR: calls $3
*** FLOP *** [Js Ts Jh]
IntoTheAiR: bets $3
permafrost07: calls $3
*** TURN *** [Js Ts Jh] [8c]
IntoTheAiR: bets $6
permafrost07: folds
Uncalled bet ($6) returned to IntoTheAiR
IntoTheAiR collected $29.50 from pot
IntoTheAiR: doesn't show hand
*** SUMMARY ***
Total pot $30 | Rake $0.50
Board [Js Ts Jh 8c]
Seat 1: permafrost07 (button) (small blind) folded on the Turn
Seat 2: IntoTheAiR (big blind) collected ($29.50)


PokerStars Hand #148089586009:  Hold'em Limit ($3/$6 USD) - 2016/02/01 22:15:29 ET
Table 'Villigera' 2-max Seat #2 is the button
Seat 1: permafrost07 ($146.04 in chips)
Seat 2: IntoTheAiR ($122.20 in chips)
IntoTheAiR: posts small blind $1
permafrost07: posts big blind $3
*** HOLE CARDS ***
IntoTheAiR: folds
Uncalled bet ($2) returned to permafrost07
permafrost07 collected $2 from pot
permafrost07: doesn't show hand
*** SUMMARY ***
Total pot $2 | Rake $0
Seat 1: permafrost07 (big blind) collected ($2)
Seat 2: IntoTheAiR (button) (small blind) folded before Flop


PokerStars Hand #148089581936:  Hold'em Limit ($3/$6 USD) - 2016/02/01 22:15:19 ET
Table 'Villigera' 2-max Seat #1 is the button
Seat 1: permafrost07 ($140.28 in chips)
Seat 2: IntoTheAiR ($128.20 in chips)
permafrost07: posts small blind $1
IntoTheAiR: posts big blind $3
*** HOLE CARDS ***
permafrost07: raises $3 to $6
IntoTheAiR: calls $3
*** FLOP *** [Tc 8s 2s]
IntoTheAiR: checks
permafrost07: bets $3
IntoTheAiR: folds
Uncalled bet ($3) returned to permafrost07
permafrost07 collected $11.76 from pot
permafrost07: doesn't show hand
*** SUMMARY ***
Total pot $12 | Rake $0.24
Board [Tc 8s 2s]
Seat 1: permafrost07 (button) (small blind) collected ($11.76)
Seat 2: IntoTheAiR (big blind) folded on the Flop


PokerStars Hand #148089579581:  Hold'em Limit ($3/$6 USD) - 2016/02/01 22:15:13 ET
Table 'Villigera' 2-max Seat #2 is the button
Seat 1: permafrost07 ($139.28 in chips)
Seat 2: IntoTheAiR ($129.20 in chips)
IntoTheAiR: posts small blind $1
permafrost07: posts big blind $3
*** HOLE CARDS ***
IntoTheAiR: folds
Uncalled bet ($2) returned to permafrost07
permafrost07 collected $2 from pot
permafrost07: doesn't show hand
*** SUMMARY ***
Total pot $2 | Rake $0
Seat 1: permafrost07 (big blind) collected ($2)
Seat 2: IntoTheAiR (button) (small blind) folded before Flop


PokerStars Hand #148089619811:  Hold'em Limit ($3/$6 USD) - 2016/02/01 22:16:55 ET
Table 'Villigera' 2-max Seat #2 is the button
Seat 1: permafrost07 ($123.54 in chips)
Seat 2: IntoTheAiR ($142.72 in chips)
IntoTheAiR: posts small blind $1
permafrost07: posts big blind $3
*** HOLE CARDS ***
IntoTheAiR: raises $3 to $6
permafrost07: raises $3 to $9
IntoTheAiR: calls $3
*** FLOP *** [8d 6d 3c]
permafrost07: bets $3
IntoTheAiR: calls $3
*** TURN *** [8d 6d 3c] [3h]
permafrost07: bets $6
IntoTheAiR: raises $6 to $12
permafrost07: calls $6
*** RIVER *** [8d 6d 3c 3h] [Tc]
permafrost07: checks
IntoTheAiR: bets $6
permafrost07: calls $6
*** SHOW DOWN ***
IntoTheAiR: shows [Qh Qc] (two pair, Queens and Threes)
permafrost07: mucks hand
IntoTheAiR collected $59.50 from pot
*** SUMMARY ***
Total pot $60 | Rake $0.50
Board [8d 6d 3c 3h Tc]
Seat 1: permafrost07 (big blind) mucked
Seat 2: IntoTheAiR (button) (small blind) showed [Qh Qc] and won ($59.50) with two pair, Queens and Threes


PokerStars Hand #148089617697:  Hold'em Limit ($3/$6 USD) - 2016/02/01 22:16:50 ET
Table 'Villigera' 2-max Seat #1 is the button
Seat 1: permafrost07 ($120.54 in chips)
Seat 2: IntoTheAiR ($145.72 in chips)
permafrost07: posts small blind $1
IntoTheAiR: posts big blind $3
*** HOLE CARDS ***
permafrost07: raises $3 to $6
IntoTheAiR: folds
Uncalled bet ($3) returned to permafrost07
permafrost07 collected $6 from pot
permafrost07: doesn't show hand
*** SUMMARY ***
Total pot $6 | Rake $0
Seat 1: permafrost07 (button) (small blind) collected ($6)
Seat 2: IntoTheAiR (big blind) folded before Flop


PokerStars Hand #148089611703:  Hold'em Limit ($3/$6 USD) - 2016/02/01 22:16:34 ET
Table 'Villigera' 2-max Seat #2 is the button
Seat 1: permafrost07 ($132.54 in chips)
Seat 2: IntoTheAiR ($134.20 in chips)
IntoTheAiR: posts small blind $1
permafrost07: posts big blind $3
*** HOLE CARDS ***
IntoTheAiR: raises $3 to $6
permafrost07: raises $3 to $9
IntoTheAiR: calls $3
*** FLOP *** [5s 4h 2c]
permafrost07: bets $3
IntoTheAiR: calls $3
*** TURN *** [5s 4h 2c] [Kd]
permafrost07: checks
IntoTheAiR: bets $6
permafrost07: folds
Uncalled bet ($6) returned to IntoTheAiR
IntoTheAiR collected $23.52 from pot
IntoTheAiR: doesn't show hand
*** SUMMARY ***
Total pot $24 | Rake $0.48
Board [5s 4h 2c Kd]
Seat 1: permafrost07 (big blind) folded on the Turn
Seat 2: IntoTheAiR (button) (small blind) collected ($23.52)


PokerStars Hand #148089604747:  Hold'em Limit ($3/$6 USD) - 2016/02/01 22:16:17 ET
Table 'Villigera' 2-max Seat #1 is the button
Seat 1: permafrost07 ($153.54 in chips)
Seat 2: IntoTheAiR ($113.70 in chips)
permafrost07: posts small blind $1
IntoTheAiR: posts big blind $3
*** HOLE CARDS ***
permafrost07: raises $3 to $6
IntoTheAiR: raises $3 to $9
permafrost07: calls $3
*** FLOP *** [5d As 4s]
IntoTheAiR: bets $3
permafrost07: raises $3 to $6
IntoTheAiR: calls $3
*** TURN *** [5d As 4s] [Td]
IntoTheAiR: checks
permafrost07: checks
*** RIVER *** [5d As 4s Td] [6h]
IntoTheAiR: bets $6
permafrost07: calls $6
*** SHOW DOWN ***
IntoTheAiR: shows [Kh Ts] (a pair of Tens)
permafrost07: mucks hand
IntoTheAiR collected $41.50 from pot
*** SUMMARY ***
Total pot $42 | Rake $0.50
Board [5d As 4s Td 6h]
Seat 1: permafrost07 (button) (small blind) mucked
Seat 2: IntoTheAiR (big blind) showed [Kh Ts] and won ($41.50) with a pair of Tens


PokerStars Hand #148089646346:  Hold'em Limit ($3/$6 USD) - 2016/02/01 22:18:02 ET
Table 'Villigera' 2-max Seat #2 is the button
Seat 1: permafrost07 ($92.68 in chips)
Seat 2: IntoTheAiR ($171.72 in chips)
IntoTheAiR: posts small blind $1
permafrost07: posts big blind $3
*** HOLE CARDS ***
IntoTheAiR: folds
Uncalled bet ($2) returned to permafrost07
permafrost07 collected $2 from pot
permafrost07: doesn't show hand
*** SUMMARY ***
Total pot $2 | Rake $0
Seat 1: permafrost07 (big blind) collected ($2)
Seat 2: IntoTheAiR (button) (small blind) folded before Flop


PokerStars Hand #148089640004:  Hold'em Limit ($3/$6 USD) - 2016/02/01 22:17:46 ET
Table 'Villigera' 2-max Seat #1 is the button
Seat 1: permafrost07 ($78.18 in chips)
Seat 2: IntoTheAiR ($186.72 in chips)
permafrost07: posts small blind $1
IntoTheAiR: posts big blind $3
*** HOLE CARDS ***
permafrost07: raises $3 to $6
IntoTheAiR: calls $3
*** FLOP *** [5s Jd Qc]
IntoTheAiR: checks
permafrost07: bets $3
IntoTheAiR: calls $3
*** TURN *** [5s Jd Qc] [8c]
IntoTheAiR: checks
permafrost07: checks
*** RIVER *** [5s Jd Qc 8c] [6c]
IntoTheAiR: checks
permafrost07: bets $6
IntoTheAiR: calls $6
*** SHOW DOWN ***
permafrost07: shows [Kh 6h] (a pair of Sixes)
IntoTheAiR: mucks hand
permafrost07 collected $29.50 from pot
*** SUMMARY ***
Total pot $30 | Rake $0.50
Board [5s Jd Qc 8c 6c]
Seat 1: permafrost07 (button) (small blind) showed [Kh 6h] and won ($29.50) with a pair of Sixes
Seat 2: IntoTheAiR (big blind) mucked


PokerStars Hand #148089632441:  Hold'em Limit ($3/$6 USD) - 2016/02/01 22:17:27 ET
Table 'Villigera' 2-max Seat #2 is the button
Seat 1: permafrost07 ($102.18 in chips)
Seat 2: IntoTheAiR ($163.22 in chips)
IntoTheAiR: posts small blind $1
permafrost07: posts big blind $3
*** HOLE CARDS ***
IntoTheAiR: raises $3 to $6
permafrost07: raises $3 to $9
IntoTheAiR: calls $3
*** FLOP *** [7h 8d Ac]
permafrost07: bets $3
IntoTheAiR: calls $3
*** TURN *** [7h 8d Ac] [4d]
permafrost07: bets $6
IntoTheAiR: calls $6
*** RIVER *** [7h 8d Ac 4d] [6h]
permafrost07: checks
IntoTheAiR: bets $6
permafrost07: calls $6
*** SHOW DOWN ***
IntoTheAiR: shows [5s 8h] (a straight, Four to Eight)
permafrost07: mucks hand
IntoTheAiR collected $47.50 from pot
*** SUMMARY ***
Total pot $48 | Rake $0.50
Board [7h 8d Ac 4d 6h]
Seat 1: permafrost07 (big blind) mucked
Seat 2: IntoTheAiR (button) (small blind) showed [5s 8h] and won ($47.50) with a straight, Four to Eight


PokerStars Hand #148089626997:  Hold'em Limit ($3/$6 USD) - 2016/02/01 22:17:13 ET
Table 'Villigera' 2-max Seat #1 is the button
Seat 1: permafrost07 ($93.54 in chips)
Seat 2: IntoTheAiR ($172.22 in chips)
permafrost07: posts small blind $1
IntoTheAiR: posts big blind $3
*** HOLE CARDS ***
permafrost07: raises $3 to $6
IntoTheAiR: calls $3
*** FLOP *** [5c Qc Tc]
IntoTheAiR: checks
permafrost07: bets $3
IntoTheAiR: calls $3
*** TURN *** [5c Qc Tc] [7s]
IntoTheAiR: checks
permafrost07: bets $6
IntoTheAiR: folds
Uncalled bet ($6) returned to permafrost07
permafrost07 collected $17.64 from pot
permafrost07: doesn't show hand
*** SUMMARY ***
Total pot $18 | Rake $0.36
Board [5c Qc Tc 7s]
Seat 1: permafrost07 (button) (small blind) collected ($17.64)
Seat 2: IntoTheAiR (big blind) folded on the Turn


PokerStars Hand #148089669104:  Hold'em Limit ($3/$6 USD) - 2016/02/01 22:19:00 ET
Table 'Villigera' 2-max Seat #1 is the button
Seat 1: permafrost07 ($40.68 in chips)
Seat 2: IntoTheAiR ($222.36 in chips)
permafrost07: posts small blind $1
IntoTheAiR: posts big blind $3
*** HOLE CARDS ***
permafrost07: raises $3 to $6
IntoTheAiR: calls $3
*** FLOP *** [Kd 9h 8s]
IntoTheAiR: checks
permafrost07: bets $3
IntoTheAiR: calls $3
*** TURN *** [Kd 9h 8s] [Jc]
IntoTheAiR: checks
permafrost07: bets $6
IntoTheAiR: folds
Uncalled bet ($6) returned to permafrost07
permafrost07 collected $17.64 from pot
permafrost07: doesn't show hand
*** SUMMARY ***
Total pot $18 | Rake $0.36
Board [Kd 9h 8s Jc]
Seat 1: permafrost07 (button) (small blind) collected ($17.64)
Seat 2: IntoTheAiR (big blind) folded on the Turn


PokerStars Hand #148089654847:  Hold'em Limit ($3/$6 USD) - 2016/02/01 22:18:24 ET
Table 'Villigera' 2-max Seat #2 is the button
Seat 1: permafrost07 ($72.68 in chips)
Seat 2: IntoTheAiR ($191.22 in chips)
IntoTheAiR: posts small blind $1
permafrost07: posts big blind $3
*** HOLE CARDS ***
IntoTheAiR: raises $3 to $6
permafrost07: raises $3 to $9
IntoTheAiR: calls $3
*** FLOP *** [Ac 2c 7d]
permafrost07: bets $3
IntoTheAiR: calls $3
*** TURN *** [Ac 2c 7d] [4h]
permafrost07: checks
IntoTheAiR: bets $6
permafrost07: calls $6
*** RIVER *** [Ac 2c 7d 4h] [4d]
permafrost07: bets $6
IntoTheAiR: calls $6
*** SHOW DOWN ***
permafrost07: shows [Kh Qd] (a pair of Fours)
IntoTheAiR: shows [3s 2s] (two pair, Fours and Deuces)
IntoTheAiR collected $47.50 from pot
*** SUMMARY ***
Total pot $48 | Rake $0.50
Board [Ac 2c 7d 4h 4d]
Seat 1: permafrost07 (big blind) showed [Kh Qd] and lost with a pair of Fours
Seat 2: IntoTheAiR (button) (small blind) showed [3s 2s] and won ($47.50) with two pair, Fours and Deuces


PokerStars Hand #148089662632:  Hold'em Limit ($3/$6 USD) - 2016/02/01 22:18:44 ET
Table 'Villigera' 2-max Seat #1 is the button
Seat 1: permafrost07 ($48.68 in chips)
Seat 2: IntoTheAiR ($214.72 in chips)
permafrost07: posts small blind $1
IntoTheAiR: posts big blind $3
*** HOLE CARDS ***
permafrost07: raises $3 to $6
IntoTheAiR: calls $3
*** FLOP *** [5h Qc 3c]
IntoTheAiR: checks
permafrost07: bets $3
IntoTheAiR: raises $3 to $6
permafrost07: folds
Uncalled bet ($3) returned to IntoTheAiR
IntoTheAiR collected $17.64 from pot
IntoTheAiR: doesn't show hand
*** SUMMARY ***
Total pot $18 | Rake $0.36
Board [5h Qc 3c]
Seat 1: permafrost07 (button) (small blind) folded on the Flop
Seat 2: IntoTheAiR (big blind) collected ($17.64)


PokerStars Hand #148089667120:  Hold'em Limit ($3/$6 USD) - 2016/02/01 22:18:55 ET
Table 'Villigera' 2-max Seat #2 is the button
Seat 1: permafrost07 ($39.68 in chips)
Seat 2: IntoTheAiR ($223.36 in chips)
IntoTheAiR: posts small blind $1
permafrost07: posts big blind $3
*** HOLE CARDS ***
IntoTheAiR: folds
Uncalled bet ($2) returned to permafrost07
permafrost07 collected $2 from pot
permafrost07: doesn't show hand
*** SUMMARY ***
Total pot $2 | Rake $0
Seat 1: permafrost07 (big blind) collected ($2)
Seat 2: IntoTheAiR (button) (small blind) folded before Flop


PokerStars Hand #148089648242:  Hold'em Limit ($3/$6 USD) - 2016/02/01 22:18:07 ET
Table 'Villigera' 2-max Seat #1 is the button
Seat 1: permafrost07 ($93.68 in chips)
Seat 2: IntoTheAiR ($170.72 in chips)
permafrost07: posts small blind $1
IntoTheAiR: posts big blind $3
*** HOLE CARDS ***
permafrost07: raises $3 to $6
IntoTheAiR: raises $3 to $9
permafrost07: raises $3 to $12
Betting is capped
IntoTheAiR: calls $3
*** FLOP *** [8h 6c 3d]
IntoTheAiR: checks
permafrost07: bets $3
IntoTheAiR: calls $3
*** TURN *** [8h 6c 3d] [Th]
IntoTheAiR: checks
permafrost07: checks
*** RIVER *** [8h 6c 3d Th] [9h]
IntoTheAiR: bets $6
permafrost07: calls $6
*** SHOW DOWN ***
IntoTheAiR: shows [Qc Td] (a pair of Tens)
permafrost07: mucks hand
IntoTheAiR collected $41.50 from pot
*** SUMMARY ***
Total pot $42 | Rake $0.50
Board [8h 6c 3d Th 9h]
Seat 1: permafrost07 (button) (small blind) mucked
Seat 2: IntoTheAiR (big blind) showed [Qc Td] and won ($41.50) with a pair of Tens


PokerStars Hand #148089679856:  Hold'em Limit ($3/$6 USD) - 2016/02/01 22:19:28 ET
Table 'Villigera' 2-max Seat #1 is the button
Seat 1: permafrost07 ($72.82 in chips)
Seat 2: IntoTheAiR ($189.36 in chips)
permafrost07: posts small blind $1
IntoTheAiR: posts big blind $3
*** HOLE CARDS ***
permafrost07: raises $3 to $6
IntoTheAiR: folds
Uncalled bet ($3) returned to permafrost07
permafrost07 collected $6 from pot
permafrost07: doesn't show hand
*** SUMMARY ***
Total pot $6 | Rake $0
Seat 1: permafrost07 (button) (small blind) collected ($6)
Seat 2: IntoTheAiR (big blind) folded before Flop


PokerStars Hand #148089682523:  Hold'em Limit ($3/$6 USD) - 2016/02/01 22:19:35 ET
Table 'Villigera' 2-max Seat #2 is the button
Seat 1: permafrost07 ($75.82 in chips)
Seat 2: IntoTheAiR ($186.36 in chips)
IntoTheAiR: posts small blind $1
permafrost07: posts big blind $3
*** HOLE CARDS ***
IntoTheAiR: raises $3 to $6
permafrost07: raises $3 to $9
IntoTheAiR: calls $3
*** FLOP *** [6d 2s Jc]
permafrost07: bets $3
IntoTheAiR: calls $3
*** TURN *** [6d 2s Jc] [5c]
permafrost07: bets $6
IntoTheAiR: calls $6
*** RIVER *** [6d 2s Jc 5c] [Ac]
permafrost07: bets $6
IntoTheAiR: raises $6 to $12
permafrost07: calls $6
*** SHOW DOWN ***
IntoTheAiR: shows [Ah 4c] (a pair of Aces)
permafrost07: shows [7d Ad] (a pair of Aces - Jack+Seven kicker)
permafrost07 collected $59.50 from pot
*** SUMMARY ***
Total pot $60 | Rake $0.50
Board [6d 2s Jc 5c Ac]
Seat 1: permafrost07 (big blind) showed [7d Ad] and won ($59.50) with a pair of Aces
Seat 2: IntoTheAiR (button) (small blind) showed [Ah 4c] and lost with a pair of Aces


PokerStars Hand #148089689496:  Hold'em Limit ($3/$6 USD) - 2016/02/01 22:19:53 ET
Table 'Villigera' 2-max Seat #1 is the button
Seat 1: permafrost07 ($105.32 in chips)
Seat 2: IntoTheAiR ($156.36 in chips)
permafrost07: posts small blind $1
IntoTheAiR: posts big blind $3
*** HOLE CARDS ***
permafrost07: raises $3 to $6
IntoTheAiR: raises $3 to $9
permafrost07: raises $3 to $12
Betting is capped
IntoTheAiR: calls $3
*** FLOP *** [Kc Ac 8d]
IntoTheAiR: checks
permafrost07: bets $3
IntoTheAiR: calls $3
*** TURN *** [Kc Ac 8d] [4d]
IntoTheAiR: checks
permafrost07: checks
*** RIVER *** [Kc Ac 8d 4d] [7h]
IntoTheAiR: bets $6
permafrost07: calls $6
*** SHOW DOWN ***
IntoTheAiR: shows [Jd Kd] (a pair of Kings)
permafrost07: mucks hand
IntoTheAiR collected $41.50 from pot
*** SUMMARY ***
Total pot $42 | Rake $0.50
Board [Kc Ac 8d 4d 7h]
Seat 1: permafrost07 (button) (small blind) mucked
Seat 2: IntoTheAiR (big blind) showed [Jd Kd] and won ($41.50) with a pair of Kings


PokerStars Hand #148089673939:  Hold'em Limit ($3/$6 USD) - 2016/02/01 22:19:13 ET
Table 'Villigera' 2-max Seat #2 is the button
Seat 1: permafrost07 ($49.32 in chips)
Seat 2: IntoTheAiR ($213.36 in chips)
IntoTheAiR: posts small blind $1
permafrost07: posts big blind $3
*** HOLE CARDS ***
IntoTheAiR: raises $3 to $6
permafrost07: raises $3 to $9
IntoTheAiR: calls $3
*** FLOP *** [Ks 4c Qd]
permafrost07: bets $3
IntoTheAiR: calls $3
*** TURN *** [Ks 4c Qd] [4d]
permafrost07: bets $6
IntoTheAiR: calls $6
*** RIVER *** [Ks 4c Qd 4d] [7d]
permafrost07: bets $6
IntoTheAiR: calls $6
*** SHOW DOWN ***
permafrost07: shows [Ad Qc] (two pair, Queens and Fours)
IntoTheAiR: mucks hand
permafrost07 collected $47.50 from pot
*** SUMMARY ***
Total pot $48 | Rake $0.50
Board [Ks 4c Qd 4d 7d]
Seat 1: permafrost07 (big blind) showed [Ad Qc] and won ($47.50) with two pair, Queens and Fours
Seat 2: IntoTheAiR (button) (small blind) mucked


PokerStars Hand #148089700654:  Hold'em Limit ($3/$6 USD) - 2016/02/01 22:20:22 ET
Table 'Villigera' 2-max Seat #1 is the button
Seat 1: permafrost07 ($75.32 in chips)
Seat 2: IntoTheAiR ($185.50 in chips)
permafrost07: posts small blind $1
IntoTheAiR: posts big blind $3
*** HOLE CARDS ***
permafrost07: raises $3 to $6
IntoTheAiR: calls $3
*** FLOP *** [2s 9h Th]
IntoTheAiR: checks
permafrost07: bets $3
IntoTheAiR: folds
Uncalled bet ($3) returned to permafrost07
permafrost07 collected $11.76 from pot
*** SUMMARY ***
Total pot $12 | Rake $0.24
Board [2s 9h Th]
Seat 1: permafrost07 (button) (small blind) collected ($11.76)
Seat 2: IntoTheAiR (big blind) folded on the Flop


PokerStars Hand #148089703955:  Hold'em Limit ($3/$6 USD) - 2016/02/01 22:20:30 ET
Table 'Villigera' 2-max Seat #2 is the button
Seat 1: permafrost07 ($81.08 in chips)
Seat 2: IntoTheAiR ($179.50 in chips)
IntoTheAiR: posts small blind $1
permafrost07: posts big blind $3
*** HOLE CARDS ***
IntoTheAiR: raises $3 to $6
permafrost07: raises $3 to $9
IntoTheAiR: calls $3
*** FLOP *** [Ad 5c 4c]
permafrost07: bets $3
IntoTheAiR: calls $3
*** TURN *** [Ad 5c 4c] [Jh]
permafrost07: bets $6
IntoTheAiR: calls $6
*** RIVER *** [Ad 5c 4c Jh] [5d]
permafrost07: bets $6
IntoTheAiR: calls $6
*** SHOW DOWN ***
permafrost07: shows [8d 8c] (two pair, Eights and Fives)
IntoTheAiR: mucks hand
permafrost07 collected $47.50 from pot
*** SUMMARY ***
Total pot $48 | Rake $0.50
Board [Ad 5c 4c Jh 5d]
Seat 1: permafrost07 (big blind) showed [8d 8c] and won ($47.50) with two pair, Eights and Fives
Seat 2: IntoTheAiR (button) (small blind) mucked


PokerStars Hand #148089710588:  Hold'em Limit ($3/$6 USD) - 2016/02/01 22:20:47 ET
Table 'Villigera' 2-max Seat #1 is the button
Seat 1: permafrost07 ($104.58 in chips)
Seat 2: IntoTheAiR ($155.50 in chips)
permafrost07: posts small blind $1
IntoTheAiR: posts big blind $3
*** HOLE CARDS ***
permafrost07: raises $3 to $6
IntoTheAiR: calls $3
*** FLOP *** [9h Qd 9d]
IntoTheAiR: checks
permafrost07: bets $3
IntoTheAiR: raises $3 to $6
permafrost07: folds
Uncalled bet ($3) returned to IntoTheAiR
IntoTheAiR collected $17.64 from pot
IntoTheAiR: doesn't show hand
*** SUMMARY ***
Total pot $18 | Rake $0.36
Board [9h Qd 9d]
Seat 1: permafrost07 (button) (small blind) folded on the Flop
Seat 2: IntoTheAiR (big blind) collected ($17.64)


PokerStars Hand #148089714811:  Hold'em Limit ($3/$6 USD) - 2016/02/01 22:20:58 ET
Table 'Villigera' 2-max Seat #2 is the button
Seat 1: permafrost07 ($95.58 in chips)
Seat 2: IntoTheAiR ($164.14 in chips)
IntoTheAiR: posts small blind $1
permafrost07: posts big blind $3
*** HOLE CARDS ***
IntoTheAiR: folds
Uncalled bet ($2) returned to permafrost07
permafrost07 collected $2 from pot
permafrost07: doesn't show hand
*** SUMMARY ***
Total pot $2 | Rake $0
Seat 1: permafrost07 (big blind) collected ($2)
Seat 2: IntoTheAiR (button) (small blind) folded before Flop


PokerStars Hand #148089695928:  Hold'em Limit ($3/$6 USD) - 2016/02/01 22:20:09 ET
Table 'Villigera' 2-max Seat #2 is the button
Seat 1: permafrost07 ($84.32 in chips)
Seat 2: IntoTheAiR ($176.86 in chips)
IntoTheAiR: posts small blind $1
permafrost07: posts big blind $3
*** HOLE CARDS ***
IntoTheAiR: raises $3 to $6
permafrost07: calls $3
*** FLOP *** [Ac 8s 8d]
permafrost07: bets $3
IntoTheAiR: raises $3 to $6
permafrost07: folds
Uncalled bet ($3) returned to IntoTheAiR
IntoTheAiR collected $17.64 from pot
IntoTheAiR: doesn't show hand
*** SUMMARY ***
Total pot $18 | Rake $0.36
Board [Ac 8s 8d]
Seat 1: permafrost07 (big blind) folded on the Flop
Seat 2: IntoTheAiR (button) (small blind) collected ($17.64)


PokerStars Hand #148089726231:  Hold'em Limit ($3/$6 USD) - 2016/02/01 22:21:28 ET
Table 'Villigera' 2-max Seat #2 is the button
Seat 1: permafrost07 ($66.58 in chips)
Seat 2: IntoTheAiR ($192.64 in chips)
IntoTheAiR: posts small blind $1
permafrost07: posts big blind $3
*** HOLE CARDS ***
IntoTheAiR: raises $3 to $6
permafrost07: raises $3 to $9
IntoTheAiR: calls $3
*** FLOP *** [Qd 2d Tc]
permafrost07: bets $3
IntoTheAiR: folds
Uncalled bet ($3) returned to permafrost07
permafrost07 collected $17.64 from pot
permafrost07: doesn't show hand
*** SUMMARY ***
Total pot $18 | Rake $0.36
Board [Qd 2d Tc]
Seat 1: permafrost07 (big blind) collected ($17.64)
Seat 2: IntoTheAiR (button) (small blind) folded on the Flop


PokerStars Hand #148089730226:  Hold'em Limit ($3/$6 USD) - 2016/02/01 22:21:38 ET
Table 'Villigera' 2-max Seat #1 is the button
Seat 1: permafrost07 ($75.22 in chips)
Seat 2: IntoTheAiR ($183.64 in chips)
permafrost07: posts small blind $1
IntoTheAiR: posts big blind $3
*** HOLE CARDS ***
permafrost07: raises $3 to $6
IntoTheAiR: folds
Uncalled bet ($3) returned to permafrost07
permafrost07 collected $6 from pot
permafrost07: doesn't show hand
*** SUMMARY ***
Total pot $6 | Rake $0
Seat 1: permafrost07 (button) (small blind) collected ($6)
Seat 2: IntoTheAiR (big blind) folded before Flop


PokerStars Hand #148089732367:  Hold'em Limit ($3/$6 USD) - 2016/02/01 22:21:43 ET
Table 'Villigera' 2-max Seat #2 is the button
Seat 1: permafrost07 ($78.22 in chips)
Seat 2: IntoTheAiR ($180.64 in chips)
IntoTheAiR: posts small blind $1
permafrost07: posts big blind $3
*** HOLE CARDS ***
IntoTheAiR: raises $3 to $6
permafrost07: raises $3 to $9
IntoTheAiR: calls $3
*** FLOP *** [8d Ah 4d]
permafrost07: bets $3
IntoTheAiR: folds
Uncalled bet ($3) returned to permafrost07
permafrost07 collected $17.64 from pot
permafrost07: doesn't show hand
*** SUMMARY ***
Total pot $18 | Rake $0.36
Board [8d Ah 4d]
Seat 1: permafrost07 (big blind) collected ($17.64)
Seat 2: IntoTheAiR (button) (small blind) folded on the Flop


PokerStars Hand #148089735577:  Hold'em Limit ($3/$6 USD) - 2016/02/01 22:21:51 ET
Table 'Villigera' 2-max Seat #1 is the button
Seat 1: permafrost07 ($86.86 in chips)
Seat 2: IntoTheAiR ($171.64 in chips)
permafrost07: posts small blind $1
IntoTheAiR: posts big blind $3
*** HOLE CARDS ***
permafrost07: raises $3 to $6
IntoTheAiR: calls $3
*** FLOP *** [Ac 9s 3c]
IntoTheAiR: checks
permafrost07: bets $3
IntoTheAiR: calls $3
*** TURN *** [Ac 9s 3c] [Ah]
IntoTheAiR: checks
permafrost07: bets $6
IntoTheAiR: calls $6
*** RIVER *** [Ac 9s 3c Ah] [3s]
IntoTheAiR: checks
permafrost07: bets $6
IntoTheAiR: calls $6
*** SHOW DOWN ***
permafrost07: shows [3h 8s] (a full house, Threes full of Aces)
IntoTheAiR: mucks hand
permafrost07 collected $41.50 from pot
*** SUMMARY ***
Total pot $42 | Rake $0.50
Board [Ac 9s 3c Ah 3s]
Seat 1: permafrost07 (button) (small blind) showed [3h 8s] and won ($41.50) with a full house, Threes full of Aces
Seat 2: IntoTheAiR (big blind) mucked


PokerStars Hand #148089716503:  Hold'em Limit ($3/$6 USD) - 2016/02/01 22:21:02 ET
Table 'Villigera' 2-max Seat #1 is the button
Seat 1: permafrost07 ($96.58 in chips)
Seat 2: IntoTheAiR ($163.14 in chips)
permafrost07: posts small blind $1
IntoTheAiR: posts big blind $3
*** HOLE CARDS ***
permafrost07: raises $3 to $6
IntoTheAiR: calls $3
*** FLOP *** [Ad 3d Qd]
IntoTheAiR: checks
permafrost07: bets $3
IntoTheAiR: raises $3 to $6
permafrost07: raises $3 to $9
IntoTheAiR: raises $3 to $12
Betting is capped
permafrost07: calls $3
*** TURN *** [Ad 3d Qd] [Jh]
IntoTheAiR: bets $6
permafrost07: calls $6
*** RIVER *** [Ad 3d Qd Jh] [Jd]
IntoTheAiR: bets $6
permafrost07: calls $6
*** SHOW DOWN ***
IntoTheAiR: shows [9d Kd] (a flush, Ace high)
permafrost07: mucks hand
IntoTheAiR collected $59.50 from pot
*** SUMMARY ***
Total pot $60 | Rake $0.50
Board [Ad 3d Qd Jh Jd]
Seat 1: permafrost07 (button) (small blind) mucked
Seat 2: IntoTheAiR (big blind) showed [9d Kd] and won ($59.50) with a flush, Ace high


PokerStars Hand #148089747654:  Hold'em Limit ($3/$6 USD) - 2016/02/01 22:22:23 ET
Table 'Villigera' 2-max Seat #1 is the button
Seat 1: permafrost07 ($124.86 in chips)
Seat 2: IntoTheAiR ($132.64 in chips)
permafrost07: posts small blind $1
IntoTheAiR: posts big blind $3
*** HOLE CARDS ***
permafrost07: raises $3 to $6
IntoTheAiR: calls $3
*** FLOP *** [Ts As 7s]
IntoTheAiR: checks
permafrost07: bets $3
IntoTheAiR: raises $3 to $6
permafrost07: raises $3 to $9
IntoTheAiR: calls $3
*** TURN *** [Ts As 7s] [6h]
IntoTheAiR: checks
permafrost07: bets $6
IntoTheAiR: calls $6
*** RIVER *** [Ts As 7s 6h] [Qc]
IntoTheAiR: bets $6
permafrost07: calls $6
*** SHOW DOWN ***
IntoTheAiR: shows [Tc 7d] (two pair, Tens and Sevens)
permafrost07: mucks hand
IntoTheAiR collected $53.50 from pot
*** SUMMARY ***
Total pot $54 | Rake $0.50
Board [Ts As 7s 6h Qc]
Seat 1: permafrost07 (button) (small blind) mucked
Seat 2: IntoTheAiR (big blind) showed [Tc 7d] and won ($53.50) with two pair, Tens and Sevens


PokerStars Hand #148089754992:  Hold'em Limit ($3/$6 USD) - 2016/02/01 22:22:42 ET
Table 'Villigera' 2-max Seat #2 is the button
Seat 1: permafrost07 ($97.86 in chips)
Seat 2: IntoTheAiR ($159.14 in chips)
IntoTheAiR: posts small blind $1
permafrost07: posts big blind $3
*** HOLE CARDS ***
IntoTheAiR: raises $3 to $6
permafrost07: raises $3 to $9
IntoTheAiR: calls $3
*** FLOP *** [4s Td 6h]
permafrost07: bets $3
IntoTheAiR: calls $3
*** TURN *** [4s Td 6h] [9h]
permafrost07: bets $6
IntoTheAiR: folds
Uncalled bet ($6) returned to permafrost07
permafrost07 collected $23.52 from pot
permafrost07: doesn't show hand
*** SUMMARY ***
Total pot $24 | Rake $0.48
Board [4s Td 6h 9h]
Seat 1: permafrost07 (big blind) collected ($23.52)
Seat 2: IntoTheAiR (button) (small blind) folded on the Turn


PokerStars Hand #148089760262:  Hold'em Limit ($3/$6 USD) - 2016/02/01 22:22:56 ET
Table 'Villigera' 2-max Seat #1 is the button
Seat 1: permafrost07 ($109.38 in chips)
Seat 2: IntoTheAiR ($147.14 in chips)
permafrost07: posts small blind $1
IntoTheAiR: posts big blind $3
*** HOLE CARDS ***
permafrost07: raises $3 to $6
IntoTheAiR: calls $3
*** FLOP *** [Qc 2d Jd]
IntoTheAiR: checks
permafrost07: bets $3
IntoTheAiR: calls $3
*** TURN *** [Qc 2d Jd] [4s]
IntoTheAiR: checks
permafrost07: bets $6
IntoTheAiR: calls $6
*** RIVER *** [Qc 2d Jd 4s] [6d]
IntoTheAiR: checks
permafrost07: bets $6
IntoTheAiR: calls $6
*** SHOW DOWN ***
permafrost07: shows [4d Td] (a flush, Jack high)
IntoTheAiR: mucks hand
permafrost07 collected $41.50 from pot
*** SUMMARY ***
Total pot $42 | Rake $0.50
Board [Qc 2d Jd 4s 6d]
Seat 1: permafrost07 (button) (small blind) showed [4d Td] and won ($41.50) with a flush, Jack high
Seat 2: IntoTheAiR (big blind) mucked


PokerStars Hand #148089741207:  Hold'em Limit ($3/$6 USD) - 2016/02/01 22:22:06 ET
Table 'Villigera' 2-max Seat #2 is the button
Seat 1: permafrost07 ($107.36 in chips)
Seat 2: IntoTheAiR ($150.64 in chips)
IntoTheAiR: posts small blind $1
permafrost07: posts big blind $3
*** HOLE CARDS ***
IntoTheAiR: raises $3 to $6
permafrost07: raises $3 to $9
IntoTheAiR: calls $3
*** FLOP *** [8c 4c 5c]
permafrost07: bets $3
IntoTheAiR: calls $3
*** TURN *** [8c 4c 5c] [Qs]
permafrost07: checks
IntoTheAiR: bets $6
permafrost07: calls $6
*** RIVER *** [8c 4c 5c Qs] [5h]
permafrost07: checks
IntoTheAiR: checks
*** SHOW DOWN ***
permafrost07: shows [Ah 9s] (a pair of Fives)
IntoTheAiR: mucks hand
permafrost07 collected $35.50 from pot
*** SUMMARY ***
Total pot $36 | Rake $0.50
Board [8c 4c 5c Qs 5h]
Seat 1: permafrost07 (big blind) showed [Ah 9s] and won ($35.50) with a pair of Fives
Seat 2: IntoTheAiR (button) (small blind) mucked


PokerStars Hand #148089767940:  Hold'em Limit ($3/$6 USD) - 2016/02/01 22:23:15 ET
Table 'Villigera' 2-max Seat #2 is the button
Seat 1: permafrost07 ($129.88 in chips)
Seat 2: IntoTheAiR ($126.14 in chips)
IntoTheAiR: posts small blind $1
permafrost07: posts big blind $3
*** HOLE CARDS ***
IntoTheAiR: raises $3 to $6
permafrost07: calls $3
*** FLOP *** [6c 4h 7h]
permafrost07: bets $3
IntoTheAiR: calls $3
*** TURN *** [6c 4h 7h] [7s]
permafrost07: bets $6
IntoTheAiR: calls $6
*** RIVER *** [6c 4h 7h 7s] [8h]
permafrost07: checks
IntoTheAiR: checks
*** SHOW DOWN ***
permafrost07: shows [2c 6s] (two pair, Sevens and Sixes)
IntoTheAiR: mucks hand
permafrost07 collected $29.50 from pot
*** SUMMARY ***
Total pot $30 | Rake $0.50
Board [6c 4h 7h 7s 8h]
Seat 1: permafrost07 (big blind) showed [2c 6s] and won ($29.50) with two pair, Sevens and Sixes
Seat 2: IntoTheAiR (button) (small blind) mucked


PokerStars Hand #148089773809:  Hold'em Limit ($3/$6 USD) - 2016/02/01 22:23:30 ET
Table 'Villigera' 2-max Seat #1 is the button
Seat 1: permafrost07 ($144.38 in chips)
Seat 2: IntoTheAiR ($111.14 in chips)
permafrost07: posts small blind $1
IntoTheAiR: posts big blind $3
*** HOLE CARDS ***
permafrost07: raises $3 to $6
IntoTheAiR: calls $3
*** FLOP *** [Kc Ac Td]
IntoTheAiR: checks
permafrost07: bets $3
IntoTheAiR: folds
Uncalled bet ($3) returned to permafrost07
permafrost07 collected $11.76 from pot
permafrost07: doesn't show hand
*** SUMMARY ***
Total pot $12 | Rake $0.24
Board [Kc Ac Td]
Seat 1: permafrost07 (button) (small blind) collected ($11.76)
Seat 2: IntoTheAiR (big blind) folded on the Flop


PokerStars Hand #148089777929:  Hold'em Limit ($3/$6 USD) - 2016/02/01 22:23:41 ET
Table 'Villigera' 2-max Seat #2 is the button
Seat 1: permafrost07 ($150.14 in chips)
Seat 2: IntoTheAiR ($105.14 in chips)
IntoTheAiR: posts small blind $1
permafrost07: posts big blind $3
*** HOLE CARDS ***
IntoTheAiR: raises $3 to $6
permafrost07: raises $3 to $9
IntoTheAiR: calls $3
*** FLOP *** [Ah 9d 2d]
permafrost07: bets $3
IntoTheAiR: calls $3
*** TURN *** [Ah 9d 2d] [2s]
permafrost07: bets $6
IntoTheAiR: raises $6 to $12
permafrost07: folds
Uncalled bet ($6) returned to IntoTheAiR
IntoTheAiR collected $35.50 from pot
IntoTheAiR: doesn't show hand
*** SUMMARY ***
Total pot $36 | Rake $0.50
Board [Ah 9d 2d 2s]
Seat 1: permafrost07 (big blind) folded on the Turn
Seat 2: IntoTheAiR (button) (small blind) collected ($35.50)


PokerStars Hand #148089786737:  Hold'em Limit ($3/$6 USD) - 2016/02/01 22:24:04 ET
Table 'Villigera' 2-max Seat #1 is the button
Seat 1: permafrost07 ($132.14 in chips)
Seat 2: IntoTheAiR ($122.64 in chips)
permafrost07: posts small blind $1
IntoTheAiR: posts big blind $3
*** HOLE CARDS ***
permafrost07: raises $3 to $6
IntoTheAiR: calls $3
*** FLOP *** [6h 8s Ad]
IntoTheAiR: checks
permafrost07: bets $3
IntoTheAiR: raises $3 to $6
permafrost07: folds
Uncalled bet ($3) returned to IntoTheAiR
IntoTheAiR collected $17.64 from pot
IntoTheAiR: doesn't show hand
*** SUMMARY ***
Total pot $18 | Rake $0.36
Board [6h 8s Ad]
Seat 1: permafrost07 (button) (small blind) folded on the Flop
Seat 2: IntoTheAiR (big blind) collected ($17.64)


PokerStars Hand #148089795762:  Hold'em Limit ($3/$6 USD) - 2016/02/01 22:24:27 ET
Table 'Villigera' 2-max Seat #2 is the button
Seat 1: permafrost07 ($127.14 in chips)
Seat 2: IntoTheAiR ($127.28 in chips)
IntoTheAiR: posts small blind $1
permafrost07: posts big blind $3
*** HOLE CARDS ***
IntoTheAiR: raises $3 to $6
permafrost07: calls $3
*** FLOP *** [6s 9d 7c]
permafrost07: bets $3
IntoTheAiR: folds
Uncalled bet ($3) returned to permafrost07
permafrost07 collected $11.76 from pot
permafrost07: doesn't show hand
*** SUMMARY ***
Total pot $12 | Rake $0.24
Board [6s 9d 7c]
Seat 1: permafrost07 (big blind) collected ($11.76)
Seat 2: IntoTheAiR (button) (small blind) folded on the Flop


PokerStars Hand #148089802028:  Hold'em Limit ($3/$6 USD) - 2016/02/01 22:24:43 ET
Table 'Villigera' 2-max Seat #2 is the button
Seat 1: permafrost07 ($135.90 in chips)
Seat 2: IntoTheAiR ($118.28 in chips)
IntoTheAiR: posts small blind $1
permafrost07: posts big blind $3
*** HOLE CARDS ***
IntoTheAiR: folds
Uncalled bet ($2) returned to permafrost07
permafrost07 collected $2 from pot
permafrost07: doesn't show hand
*** SUMMARY ***
Total pot $2 | Rake $0
Seat 1: permafrost07 (big blind) collected ($2)
Seat 2: IntoTheAiR (button) (small blind) folded before Flop


PokerStars Hand #148089799848:  Hold'em Limit ($3/$6 USD) - 2016/02/01 22:24:38 ET
Table 'Villigera' 2-max Seat #1 is the button
Seat 1: permafrost07 ($132.90 in chips)
Seat 2: IntoTheAiR ($121.28 in chips)
permafrost07: posts small blind $1
IntoTheAiR: posts big blind $3
*** HOLE CARDS ***
permafrost07: raises $3 to $6
IntoTheAiR: folds
Uncalled bet ($3) returned to permafrost07
permafrost07 collected $6 from pot
permafrost07: doesn't show hand
*** SUMMARY ***
Total pot $6 | Rake $0
Seat 1: permafrost07 (button) (small blind) collected ($6)
Seat 2: IntoTheAiR (big blind) folded before Flop


PokerStars Hand #148089804052:  Hold'em Limit ($3/$6 USD) - 2016/02/01 22:24:48 ET
Table 'Villigera' 2-max Seat #1 is the button
Seat 1: permafrost07 ($136.90 in chips)
Seat 2: IntoTheAiR ($117.28 in chips)
permafrost07: posts small blind $1
IntoTheAiR: posts big blind $3
*** HOLE CARDS ***
permafrost07: raises $3 to $6
IntoTheAiR: calls $3
*** FLOP *** [2s 8d 6h]
IntoTheAiR: checks
permafrost07: bets $3
IntoTheAiR: folds
Uncalled bet ($3) returned to permafrost07
permafrost07 collected $11.76 from pot
permafrost07: doesn't show hand
*** SUMMARY ***
Total pot $12 | Rake $0.24
Board [2s 8d 6h]
Seat 1: permafrost07 (button) (small blind) collected ($11.76)
Seat 2: IntoTheAiR (big blind) folded on the Flop


PokerStars Hand #148089808196:  Hold'em Limit ($3/$6 USD) - 2016/02/01 22:24:59 ET
Table 'Villigera' 2-max Seat #2 is the button
Seat 1: permafrost07 ($142.66 in chips)
Seat 2: IntoTheAiR ($111.28 in chips)
IntoTheAiR: posts small blind $1
permafrost07: posts big blind $3
*** HOLE CARDS ***
IntoTheAiR: raises $3 to $6
permafrost07: raises $3 to $9
IntoTheAiR: calls $3
*** FLOP *** [5s 5h 9s]
permafrost07: bets $3
IntoTheAiR: folds
Uncalled bet ($3) returned to permafrost07
permafrost07 collected $17.64 from pot
permafrost07: doesn't show hand
*** SUMMARY ***
Total pot $18 | Rake $0.36
Board [5s 5h 9s]
Seat 1: permafrost07 (big blind) collected ($17.64)
Seat 2: IntoTheAiR (button) (small blind) folded on the Flop


PokerStars Hand #148089793700:  Hold'em Limit ($3/$6 USD) - 2016/02/01 22:24:21 ET
Table 'Villigera' 2-max Seat #1 is the button
Seat 1: permafrost07 ($124.14 in chips)
Seat 2: IntoTheAiR ($130.28 in chips)
permafrost07: posts small blind $1
IntoTheAiR: posts big blind $3
*** HOLE CARDS ***
permafrost07: raises $3 to $6
IntoTheAiR: folds
Uncalled bet ($3) returned to permafrost07
permafrost07 collected $6 from pot
permafrost07: doesn't show hand
*** SUMMARY ***
Total pot $6 | Rake $0
Seat 1: permafrost07 (button) (small blind) collected ($6)
Seat 2: IntoTheAiR (big blind) folded before Flop


PokerStars Hand #148089791950:  Hold'em Limit ($3/$6 USD) - 2016/02/01 22:24:17 ET
Table 'Villigera' 2-max Seat #2 is the button
Seat 1: permafrost07 ($123.14 in chips)
Seat 2: IntoTheAiR ($131.28 in chips)
IntoTheAiR: posts small blind $1
permafrost07: posts big blind $3
*** HOLE CARDS ***
IntoTheAiR: folds
Uncalled bet ($2) returned to permafrost07
permafrost07 collected $2 from pot
permafrost07: doesn't show hand
*** SUMMARY ***
Total pot $2 | Rake $0
Seat 1: permafrost07 (big blind) collected ($2)
Seat 2: IntoTheAiR (button) (small blind) folded before Flop


PokerStars Hand #148089819113:  Hold'em Limit ($3/$6 USD) - 2016/02/01 22:25:28 ET
Table 'Villigera' 2-max Seat #2 is the button
Seat 1: permafrost07 ($162.82 in chips)
Seat 2: IntoTheAiR ($90.28 in chips)
IntoTheAiR: posts small blind $1
permafrost07: posts big blind $3
*** HOLE CARDS ***
IntoTheAiR: raises $3 to $6
permafrost07: folds
Uncalled bet ($3) returned to IntoTheAiR
IntoTheAiR collected $6 from pot
IntoTheAiR: doesn't show hand
*** SUMMARY ***
Total pot $6 | Rake $0
Seat 1: permafrost07 (big blind) folded before Flop
Seat 2: IntoTheAiR (button) (small blind) collected ($6)


PokerStars Hand #148089821342:  Hold'em Limit ($3/$6 USD) - 2016/02/01 22:25:34 ET
Table 'Villigera' 2-max Seat #1 is the button
Seat 1: permafrost07 ($159.82 in chips)
Seat 2: IntoTheAiR ($93.28 in chips)
permafrost07: posts small blind $1
IntoTheAiR: posts big blind $3
*** HOLE CARDS ***
permafrost07: raises $3 to $6
IntoTheAiR: calls $3
*** FLOP *** [Td Tc 6s]
IntoTheAiR: checks
permafrost07: bets $3
IntoTheAiR: raises $3 to $6
permafrost07: calls $3
*** TURN *** [Td Tc 6s] [5d]
IntoTheAiR: bets $6
permafrost07: calls $6
*** RIVER *** [Td Tc 6s 5d] [5c]
IntoTheAiR: bets $6
permafrost07: calls $6
*** SHOW DOWN ***
IntoTheAiR: shows [6d 4h] (two pair, Tens and Sixes)
permafrost07: shows [6h 2h] (two pair, Tens and Sixes)
IntoTheAiR collected $23.75 from pot
permafrost07 collected $23.75 from pot
*** SUMMARY ***
Total pot $48 | Rake $0.50
Board [Td Tc 6s 5d 5c]
Seat 1: permafrost07 (button) (small blind) showed [6h 2h] and won ($23.75) with two pair, Tens and Sixes
Seat 2: IntoTheAiR (big blind) showed [6d 4h] and won ($23.75) with two pair, Tens and Sixes


PokerStars Hand #148089835804:  Hold'em Limit ($3/$6 USD) - 2016/02/01 22:26:11 ET
Table 'Villigera' 2-max Seat #1 is the button
Seat 1: permafrost07 ($174.07 in chips)
Seat 2: IntoTheAiR ($78.03 in chips)
permafrost07: posts small blind $1
IntoTheAiR: posts big blind $3
*** HOLE CARDS ***
permafrost07: raises $3 to $6
IntoTheAiR: folds
Uncalled bet ($3) returned to permafrost07
permafrost07 collected $6 from pot
permafrost07: doesn't show hand
*** SUMMARY ***
Total pot $6 | Rake $0
Seat 1: permafrost07 (button) (small blind) collected ($6)
Seat 2: IntoTheAiR (big blind) folded before Flop


PokerStars Hand #148089830089:  Hold'em Limit ($3/$6 USD) - 2016/02/01 22:25:56 ET
Table 'Villigera' 2-max Seat #2 is the button
Seat 1: permafrost07 ($159.57 in chips)
Seat 2: IntoTheAiR ($93.03 in chips)
IntoTheAiR: posts small blind $1
permafrost07: posts big blind $3
*** HOLE CARDS ***
IntoTheAiR: raises $3 to $6
permafrost07: calls $3
*** FLOP *** [Td 6c 8c]
permafrost07: bets $3
IntoTheAiR: calls $3
*** TURN *** [Td 6c 8c] [5h]
permafrost07: bets $6
IntoTheAiR: calls $6
*** RIVER *** [Td 6c 8c 5h] [Qc]
permafrost07: checks
IntoTheAiR: checks
*** SHOW DOWN ***
permafrost07: shows [8h 2d] (a pair of Eights)
IntoTheAiR: mucks hand
permafrost07 collected $29.50 from pot
*** SUMMARY ***
Total pot $30 | Rake $0.50
Board [Td 6c 8c 5h Qc]
Seat 1: permafrost07 (big blind) showed [8h 2d] and won ($29.50) with a pair of Eights
Seat 2: IntoTheAiR (button) (small blind) mucked


PokerStars Hand #148089812853:  Hold'em Limit ($3/$6 USD) - 2016/02/01 22:25:12 ET
Table 'Villigera' 2-max Seat #1 is the button
Seat 1: permafrost07 ($151.30 in chips)
Seat 2: IntoTheAiR ($102.28 in chips)
permafrost07: posts small blind $1
IntoTheAiR: posts big blind $3
*** HOLE CARDS ***
permafrost07: raises $3 to $6
IntoTheAiR: raises $3 to $9
permafrost07: raises $3 to $12
Betting is capped
IntoTheAiR: calls $3
*** FLOP *** [6c 7h Kh]
IntoTheAiR: checks
permafrost07: bets $3
IntoTheAiR: folds
Uncalled bet ($3) returned to permafrost07
permafrost07 collected $23.52 from pot
permafrost07: doesn't show hand
*** SUMMARY ***
Total pot $24 | Rake $0.48
Board [6c 7h Kh]
Seat 1: permafrost07 (button) (small blind) collected ($23.52)
Seat 2: IntoTheAiR (big blind) folded on the Flop


PokerStars Hand #148089838172:  Hold'em Limit ($3/$6 USD) - 2016/02/01 22:26:18 ET
Table 'Villigera' 2-max Seat #2 is the button
Seat 1: permafrost07 ($177.07 in chips)
Seat 2: IntoTheAiR ($75.03 in chips)
IntoTheAiR: posts small blind $1
permafrost07: posts big blind $3
*** HOLE CARDS ***
IntoTheAiR: raises $3 to $6
permafrost07: raises $3 to $9
IntoTheAiR: calls $3
*** FLOP *** [9c Jh Tc]
permafrost07: bets $3
IntoTheAiR: calls $3
*** TURN *** [9c Jh Tc] [3d]
permafrost07: bets $6
IntoTheAiR: calls $6
*** RIVER *** [9c Jh Tc 3d] [5s]
permafrost07: checks
IntoTheAiR: checks
*** SHOW DOWN ***
permafrost07: shows [3s Ah] (a pair of Threes)
IntoTheAiR: shows [8h 8c] (a pair of Eights)
IntoTheAiR collected $35.50 from pot
*** SUMMARY ***
Total pot $36 | Rake $0.50
Board [9c Jh Tc 3d 5s]
Seat 1: permafrost07 (big blind) showed [3s Ah] and lost with a pair of Threes
Seat 2: IntoTheAiR (button) (small blind) showed [8h 8c] and won ($35.50) with a pair of Eights


PokerStars Hand #148089845519:  Hold'em Limit ($3/$6 USD) - 2016/02/01 22:26:37 ET
Table 'Villigera' 2-max Seat #1 is the button
Seat 1: permafrost07 ($159.07 in chips)
Seat 2: IntoTheAiR ($92.53 in chips)
permafrost07: posts small blind $1
IntoTheAiR: posts big blind $3
*** HOLE CARDS ***
permafrost07: raises $3 to $6
IntoTheAiR: calls $3
*** FLOP *** [Kc 8d 4h]
IntoTheAiR: checks
permafrost07: bets $3
IntoTheAiR: raises $3 to $6
permafrost07: raises $3 to $9
IntoTheAiR: raises $3 to $12
Betting is capped
permafrost07: calls $3
*** TURN *** [Kc 8d 4h] [Kh]
IntoTheAiR: bets $6
permafrost07: calls $6
*** RIVER *** [Kc 8d 4h Kh] [6h]
IntoTheAiR: bets $6
permafrost07: calls $6
*** SHOW DOWN ***
IntoTheAiR: shows [8c Ks] (a full house, Kings full of Eights)
permafrost07: mucks hand
IntoTheAiR collected $59.50 from pot
*** SUMMARY ***
Total pot $60 | Rake $0.50
Board [Kc 8d 4h Kh 6h]
Seat 1: permafrost07 (button) (small blind) mucked
Seat 2: IntoTheAiR (big blind) showed [8c Ks] and won ($59.50) with a full house, Kings full of Eights


PokerStars Hand #148089852727:  Hold'em Limit ($3/$6 USD) - 2016/02/01 22:26:56 ET
Table 'Villigera' 2-max Seat #2 is the button
Seat 1: permafrost07 ($129.07 in chips)
Seat 2: IntoTheAiR ($122.03 in chips)
IntoTheAiR: posts small blind $1
permafrost07: posts big blind $3
*** HOLE CARDS ***
IntoTheAiR: raises $3 to $6
permafrost07: raises $3 to $9
IntoTheAiR: calls $3
*** FLOP *** [Qs 8s Kh]
permafrost07: bets $3
IntoTheAiR: calls $3
*** TURN *** [Qs 8s Kh] [5s]
permafrost07: bets $6
IntoTheAiR: calls $6
*** RIVER *** [Qs 8s Kh 5s] [4d]
permafrost07: checks
IntoTheAiR: checks
*** SHOW DOWN ***
permafrost07: shows [Kc 2s] (a pair of Kings)
IntoTheAiR: mucks hand
permafrost07 collected $35.50 from pot
*** SUMMARY ***
Total pot $36 | Rake $0.50
Board [Qs 8s Kh 5s 4d]
Seat 1: permafrost07 (big blind) showed [Kc 2s] and won ($35.50) with a pair of Kings
Seat 2: IntoTheAiR (button) (small blind) mucked


PokerStars Hand #148089861097:  Hold'em Limit ($3/$6 USD) - 2016/02/01 22:27:18 ET
Table 'Villigera' 2-max Seat #1 is the button
Seat 1: permafrost07 ($146.57 in chips)
Seat 2: IntoTheAiR ($104.03 in chips)
permafrost07: posts small blind $1
IntoTheAiR: posts big blind $3
*** HOLE CARDS ***
permafrost07: raises $3 to $6
IntoTheAiR: calls $3
*** FLOP *** [6h 6d 3d]
IntoTheAiR: checks
permafrost07: bets $3
IntoTheAiR: calls $3
*** TURN *** [6h 6d 3d] [2c]
IntoTheAiR: checks
permafrost07: bets $6
IntoTheAiR: calls $6
*** RIVER *** [6h 6d 3d 2c] [3c]
IntoTheAiR: checks
permafrost07: bets $6
IntoTheAiR: calls $6
*** SHOW DOWN ***
permafrost07: shows [8d 8s] (two pair, Eights and Sixes)
IntoTheAiR: mucks hand
permafrost07 collected $41.50 from pot
*** SUMMARY ***
Total pot $42 | Rake $0.50
Board [6h 6d 3d 2c 3c]
Seat 1: permafrost07 (button) (small blind) showed [8d 8s] and won ($41.50) with two pair, Eights and Sixes
Seat 2: IntoTheAiR (big blind) mucked


PokerStars Hand #148089868189:  Hold'em Limit ($3/$6 USD) - 2016/02/01 22:27:36 ET
Table 'Villigera' 2-max Seat #2 is the button
Seat 1: permafrost07 ($167.07 in chips)
Seat 2: IntoTheAiR ($83.03 in chips)
IntoTheAiR: posts small blind $1
permafrost07: posts big blind $3
*** HOLE CARDS ***
IntoTheAiR: raises $3 to $6
permafrost07: calls $3
*** FLOP *** [Td Qs Jc]
permafrost07: bets $3
IntoTheAiR: folds
Uncalled bet ($3) returned to permafrost07
permafrost07 collected $11.76 from pot
permafrost07: doesn't show hand
*** SUMMARY ***
Total pot $12 | Rake $0.24
Board [Td Qs Jc]
Seat 1: permafrost07 (big blind) collected ($11.76)
Seat 2: IntoTheAiR (button) (small blind) folded on the Flop


PokerStars Hand #148089871881:  Hold'em Limit ($3/$6 USD) - 2016/02/01 22:27:46 ET
Table 'Villigera' 2-max Seat #1 is the button
Seat 1: permafrost07 ($172.83 in chips)
Seat 2: IntoTheAiR ($77.03 in chips)
permafrost07: posts small blind $1
IntoTheAiR: posts big blind $3
*** HOLE CARDS ***
permafrost07: raises $3 to $6
IntoTheAiR: calls $3
*** FLOP *** [4c 3d 2h]
IntoTheAiR: checks
permafrost07: bets $3
IntoTheAiR: raises $3 to $6
permafrost07: folds
Uncalled bet ($3) returned to IntoTheAiR
IntoTheAiR collected $17.64 from pot
IntoTheAiR: doesn't show hand
*** SUMMARY ***
Total pot $18 | Rake $0.36
Board [4c 3d 2h]
Seat 1: permafrost07 (button) (small blind) folded on the Flop
Seat 2: IntoTheAiR (big blind) collected ($17.64)


PokerStars Hand #148089876866:  Hold'em Limit ($3/$6 USD) - 2016/02/01 22:27:59 ET
Table 'Villigera' 2-max Seat #2 is the button
Seat 1: permafrost07 ($163.83 in chips)
Seat 2: IntoTheAiR ($85.67 in chips)
IntoTheAiR: posts small blind $1
permafrost07: posts big blind $3
*** HOLE CARDS ***
IntoTheAiR: raises $3 to $6
permafrost07: calls $3
*** FLOP *** [Qc Tc 5c]
permafrost07: bets $3
IntoTheAiR: calls $3
*** TURN *** [Qc Tc 5c] [Qd]
permafrost07: bets $6
IntoTheAiR: raises $6 to $12
permafrost07: folds
Uncalled bet ($6) returned to IntoTheAiR
IntoTheAiR collected $29.50 from pot
IntoTheAiR: doesn't show hand
*** SUMMARY ***
Total pot $30 | Rake $0.50
Board [Qc Tc 5c Qd]
Seat 1: permafrost07 (big blind) folded on the Turn
Seat 2: IntoTheAiR (button) (small blind) collected ($29.50)


PokerStars Hand #148089883343:  Hold'em Limit ($3/$6 USD) - 2016/02/01 22:28:16 ET
Table 'Villigera' 2-max Seat #1 is the button
Seat 1: permafrost07 ($148.83 in chips)
Seat 2: IntoTheAiR ($100.17 in chips)
permafrost07: posts small blind $1
IntoTheAiR: posts big blind $3
*** HOLE CARDS ***
permafrost07: raises $3 to $6
IntoTheAiR: folds
Uncalled bet ($3) returned to permafrost07
permafrost07 collected $6 from pot
permafrost07: doesn't show hand
*** SUMMARY ***
Total pot $6 | Rake $0
Seat 1: permafrost07 (button) (small blind) collected ($6)
Seat 2: IntoTheAiR (big blind) folded before Flop


PokerStars Hand #148089886433:  Hold'em Limit ($3/$6 USD) - 2016/02/01 22:28:25 ET
Table 'Villigera' 2-max Seat #2 is the button
Seat 1: permafrost07 ($151.83 in chips)
Seat 2: IntoTheAiR ($97.17 in chips)
IntoTheAiR: posts small blind $1
permafrost07: posts big blind $3
*** HOLE CARDS ***
IntoTheAiR: raises $3 to $6
permafrost07: raises $3 to $9
IntoTheAiR: calls $3
*** FLOP *** [4h 3h 6h]
permafrost07: bets $3
IntoTheAiR: raises $3 to $6
permafrost07: calls $3
*** TURN *** [4h 3h 6h] [2h]
permafrost07: bets $6
IntoTheAiR: raises $6 to $12
permafrost07: folds
Uncalled bet ($6) returned to IntoTheAiR
IntoTheAiR collected $41.50 from pot
IntoTheAiR: doesn't show hand
*** SUMMARY ***
Total pot $42 | Rake $0.50
Board [4h 3h 6h 2h]
Seat 1: permafrost07 (big blind) folded on the Turn
Seat 2: IntoTheAiR (button) (small blind) collected ($41.50)


PokerStars Hand #148089893151:  Hold'em Limit ($3/$6 USD) - 2016/02/01 22:28:43 ET
Table 'Villigera' 2-max Seat #1 is the button
Seat 1: permafrost07 ($130.83 in chips)
Seat 2: IntoTheAiR ($117.67 in chips)
permafrost07: posts small blind $1
IntoTheAiR: posts big blind $3
*** HOLE CARDS ***
permafrost07: raises $3 to $6
IntoTheAiR: folds
Uncalled bet ($3) returned to permafrost07
permafrost07 collected $6 from pot
permafrost07: doesn't show hand
*** SUMMARY ***
Total pot $6 | Rake $0
Seat 1: permafrost07 (button) (small blind) collected ($6)
Seat 2: IntoTheAiR (big blind) folded before Flop


PokerStars Hand #148089896310:  Hold'em Limit ($3/$6 USD) - 2016/02/01 22:28:51 ET
Table 'Villigera' 2-max Seat #2 is the button
Seat 1: permafrost07 ($133.83 in chips)
Seat 2: IntoTheAiR ($114.67 in chips)
IntoTheAiR: posts small blind $1
permafrost07: posts big blind $3
*** HOLE CARDS ***
IntoTheAiR: raises $3 to $6
permafrost07: calls $3
*** FLOP *** [Js As Td]
permafrost07: bets $3
IntoTheAiR: calls $3
*** TURN *** [Js As Td] [4s]
permafrost07: bets $6
IntoTheAiR: calls $6
*** RIVER *** [Js As Td 4s] [Tc]
permafrost07: bets $6
IntoTheAiR: calls $6
*** SHOW DOWN ***
permafrost07: shows [5c Ts] (three of a kind, Tens)
IntoTheAiR: mucks hand
permafrost07 collected $41.50 from pot
*** SUMMARY ***
Total pot $42 | Rake $0.50
Board [Js As Td 4s Tc]
Seat 1: permafrost07 (big blind) showed [5c Ts] and won ($41.50) with three of a kind, Tens
Seat 2: IntoTheAiR (button) (small blind) mucked


PokerStars Hand #148089904343:  Hold'em Limit ($3/$6 USD) - 2016/02/01 22:29:12 ET
Table 'Villigera' 2-max Seat #1 is the button
Seat 1: permafrost07 ($154.33 in chips)
Seat 2: IntoTheAiR ($93.67 in chips)
permafrost07: posts small blind $1
IntoTheAiR: posts big blind $3
*** HOLE CARDS ***
permafrost07: raises $3 to $6
IntoTheAiR: calls $3
*** FLOP *** [9c Jd 8d]
IntoTheAiR: checks
permafrost07: bets $3
IntoTheAiR: calls $3
*** TURN *** [9c Jd 8d] [Qh]
IntoTheAiR: checks
permafrost07: bets $6
IntoTheAiR: calls $6
*** RIVER *** [9c Jd 8d Qh] [2h]
IntoTheAiR: checks
permafrost07: bets $6
IntoTheAiR: calls $6
*** SHOW DOWN ***
permafrost07: shows [Tc 8c] (a straight, Eight to Queen)
IntoTheAiR: mucks hand
permafrost07 collected $41.50 from pot
*** SUMMARY ***
Total pot $42 | Rake $0.50
Board [9c Jd 8d Qh 2h]
Seat 1: permafrost07 (button) (small blind) showed [Tc 8c] and won ($41.50) with a straight, Eight to Queen
Seat 2: IntoTheAiR (big blind) mucked


PokerStars Hand #148089911051:  Hold'em Limit ($3/$6 USD) - 2016/02/01 22:29:30 ET
Table 'Villigera' 2-max Seat #2 is the button
Seat 1: permafrost07 ($174.83 in chips)
Seat 2: IntoTheAiR ($72.67 in chips)
IntoTheAiR: posts small blind $1
permafrost07: posts big blind $3
*** HOLE CARDS ***
IntoTheAiR: raises $3 to $6
permafrost07: calls $3
*** FLOP *** [Ts Qc 7c]
permafrost07: bets $3
IntoTheAiR: folds
Uncalled bet ($3) returned to permafrost07
permafrost07 collected $11.76 from pot
permafrost07: doesn't show hand
*** SUMMARY ***
Total pot $12 | Rake $0.24
Board [Ts Qc 7c]
Seat 1: permafrost07 (big blind) collected ($11.76)
Seat 2: IntoTheAiR (button) (small blind) folded on the Flop


PokerStars Hand #148089914706:  Hold'em Limit ($3/$6 USD) - 2016/02/01 22:29:39 ET
Table 'Villigera' 2-max Seat #1 is the button
Seat 1: permafrost07 ($180.59 in chips)
Seat 2: IntoTheAiR ($66.67 in chips)
permafrost07: posts small blind $1
IntoTheAiR: posts big blind $3
*** HOLE CARDS ***
permafrost07: raises $3 to $6
IntoTheAiR: calls $3
*** FLOP *** [6d Th As]
IntoTheAiR: checks
permafrost07: bets $3
IntoTheAiR: calls $3
*** TURN *** [6d Th As] [6h]
IntoTheAiR: checks
permafrost07: bets $6
IntoTheAiR: calls $6
*** RIVER *** [6d Th As 6h] [4s]
IntoTheAiR: checks
permafrost07: checks
*** SHOW DOWN ***
IntoTheAiR: shows [3s Kc] (a pair of Sixes)
permafrost07: mucks hand
IntoTheAiR collected $29.50 from pot
*** SUMMARY ***
Total pot $30 | Rake $0.50
Board [6d Th As 6h 4s]
Seat 1: permafrost07 (button) (small blind) mucked
Seat 2: IntoTheAiR (big blind) showed [3s Kc] and won ($29.50) with a pair of Sixes


PokerStars Hand #148089922127:  Hold'em Limit ($3/$6 USD) - 2016/02/01 22:29:59 ET
Table 'Villigera' 2-max Seat #2 is the button
Seat 1: permafrost07 ($165.59 in chips)
Seat 2: IntoTheAiR ($81.17 in chips)
IntoTheAiR: posts small blind $1
permafrost07: posts big blind $3
*** HOLE CARDS ***
IntoTheAiR: raises $3 to $6
permafrost07: folds
Uncalled bet ($3) returned to IntoTheAiR
permafrost07 leaves the table
IntoTheAiR collected $6 from pot
IntoTheAiR: doesn't show hand
*** SUMMARY ***
Total pot $6 | Rake $0
Seat 1: permafrost07 (big blind) folded before Flop
Seat 2: IntoTheAiR (button) (small blind) collected ($6)


