PokerStars Hand #161877409154:  Hold'em Limit ($3/$6 USD) - 2016/11/24 4:24:57 ET
Table 'Villigera' 6-max Seat #2 is the button
Seat 2: cheeestar198 ($30.36 in chips)
Seat 4: VolkovDmitri ($120 in chips)
cheeestar198: posts small blind $1
VolkovDmitri: posts big blind $3
*** HOLE CARDS ***
cheeestar198: calls $2
VolkovDmitri: checks
*** FLOP *** [3s 3d Kc]
VolkovDmitri: bets $3
cheeestar198: folds
Uncalled bet ($3) returned to VolkovDmitri
VolkovDmitri collected $5.88 from pot
VolkovDmitri: doesn't show hand
*** SUMMARY ***
Total pot $6 | Rake $0.12
Board [3s 3d Kc]
Seat 2: cheeestar198 (button) (small blind) folded on the Flop
Seat 4: VolkovDmitri (big blind) collected ($5.88)


PokerStars Hand #161877415511:  Hold'em Limit ($3/$6 USD) - 2016/11/24 4:25:14 ET
Table 'Villigera' 6-max Seat #4 is the button
Seat 2: cheeestar198 ($27.36 in chips)
Seat 4: VolkovDmitri ($122.88 in chips)
VolkovDmitri: posts small blind $1
cheeestar198: posts big blind $3
*** HOLE CARDS ***
VolkovDmitri: raises $3 to $6
cheeestar198: calls $3
*** FLOP *** [Js 8h Td]
cheeestar198: checks
VolkovDmitri: bets $3
cheeestar198: folds
Uncalled bet ($3) returned to VolkovDmitri
VolkovDmitri collected $11.76 from pot
*** SUMMARY ***
Total pot $12 | Rake $0.24
Board [Js 8h Td]
Seat 2: cheeestar198 (big blind) folded on the Flop
Seat 4: VolkovDmitri (button) (small blind) collected ($11.76)


PokerStars Hand #161877420474:  Hold'em Limit ($3/$6 USD) - 2016/11/24 4:25:27 ET
Table 'Villigera' 6-max Seat #2 is the button
Seat 2: cheeestar198 ($21.36 in chips)
Seat 4: VolkovDmitri ($128.64 in chips)
cheeestar198: posts small blind $1
VolkovDmitri: posts big blind $3
*** HOLE CARDS ***
cheeestar198: folds
Uncalled bet ($2) returned to VolkovDmitri
VolkovDmitri collected $2 from pot
VolkovDmitri: doesn't show hand
*** SUMMARY ***
Total pot $2 | Rake $0
Seat 2: cheeestar198 (button) (small blind) folded before Flop
Seat 4: VolkovDmitri (big blind) collected ($2)


PokerStars Hand #161877428521:  Hold'em Limit ($3/$6 USD) - 2016/11/24 4:25:48 ET
Table 'Villigera' 6-max Seat #2 is the button
Seat 2: cheeestar198 ($26.12 in chips)
Seat 4: VolkovDmitri ($123.64 in chips)
cheeestar198: posts small blind $1
VolkovDmitri: posts big blind $3
*** HOLE CARDS ***
cheeestar198: folds
Uncalled bet ($2) returned to VolkovDmitri
VolkovDmitri collected $2 from pot
VolkovDmitri: doesn't show hand
*** SUMMARY ***
Total pot $2 | Rake $0
Seat 2: cheeestar198 (button) (small blind) folded before Flop
Seat 4: VolkovDmitri (big blind) collected ($2)


PokerStars Hand #161877437222:  Hold'em Limit ($3/$6 USD) - 2016/11/24 4:26:12 ET
Table 'Villigera' 6-max Seat #2 is the button
Seat 2: cheeestar198 ($19.12 in chips)
Seat 4: VolkovDmitri ($130.40 in chips)
cheeestar198: posts small blind $1
VolkovDmitri: posts big blind $3
*** HOLE CARDS ***
cheeestar198: folds
Uncalled bet ($2) returned to VolkovDmitri
VolkovDmitri collected $2 from pot
VolkovDmitri: doesn't show hand
*** SUMMARY ***
Total pot $2 | Rake $0
Seat 2: cheeestar198 (button) (small blind) folded before Flop
Seat 4: VolkovDmitri (big blind) collected ($2)


PokerStars Hand #161877430392:  Hold'em Limit ($3/$6 USD) - 2016/11/24 4:25:54 ET
Table 'Villigera' 6-max Seat #4 is the button
Seat 2: cheeestar198 ($25.12 in chips)
Seat 4: VolkovDmitri ($124.64 in chips)
VolkovDmitri: posts small blind $1
cheeestar198: posts big blind $3
*** HOLE CARDS ***
VolkovDmitri: raises $3 to $6
cheeestar198: calls $3
*** FLOP *** [Ad Kh Kd]
cheeestar198: checks
VolkovDmitri: bets $3
cheeestar198: folds
Uncalled bet ($3) returned to VolkovDmitri
VolkovDmitri collected $11.76 from pot
VolkovDmitri: doesn't show hand
*** SUMMARY ***
Total pot $12 | Rake $0.24
Board [Ad Kh Kd]
Seat 2: cheeestar198 (big blind) folded on the Flop
Seat 4: VolkovDmitri (button) (small blind) collected ($11.76)


PokerStars Hand #161877422391:  Hold'em Limit ($3/$6 USD) - 2016/11/24 4:25:32 ET
Table 'Villigera' 6-max Seat #4 is the button
Seat 2: cheeestar198 ($20.36 in chips)
Seat 4: VolkovDmitri ($129.64 in chips)
VolkovDmitri: posts small blind $1
cheeestar198: posts big blind $3
*** HOLE CARDS ***
VolkovDmitri: raises $3 to $6
cheeestar198: calls $3
*** FLOP *** [9s 5h 9h]
cheeestar198: bets $3
VolkovDmitri: folds
Uncalled bet ($3) returned to cheeestar198
cheeestar198 collected $11.76 from pot
cheeestar198: doesn't show hand
*** SUMMARY ***
Total pot $12 | Rake $0.24
Board [9s 5h 9h]
Seat 2: cheeestar198 (big blind) collected ($11.76)
Seat 4: VolkovDmitri (button) (small blind) folded on the Flop


PokerStars Hand #161877439155:  Hold'em Limit ($3/$6 USD) - 2016/11/24 4:26:17 ET
Table 'Villigera' 6-max Seat #4 is the button
Seat 2: cheeestar198 ($18.12 in chips)
Seat 4: VolkovDmitri ($131.40 in chips)
VolkovDmitri: posts small blind $1
cheeestar198: posts big blind $3
*** HOLE CARDS ***
VolkovDmitri: raises $3 to $6
cheeestar198: calls $3
*** FLOP *** [7s 5s 2c]
cheeestar198: bets $3
VolkovDmitri: calls $3
*** TURN *** [7s 5s 2c] [Ad]
cheeestar198: bets $6
VolkovDmitri: raises $6 to $12
cheeestar198: calls $3.12 and is all-in
Uncalled bet ($2.88) returned to VolkovDmitri
*** RIVER *** [7s 5s 2c Ad] [Jd]
*** SHOW DOWN ***
cheeestar198: shows [9c 5c] (a pair of Fives)
VolkovDmitri: shows [Js 4c] (a pair of Jacks)
VolkovDmitri collected $35.74 from pot
*** SUMMARY ***
Total pot $36.24 | Rake $0.50
Board [7s 5s 2c Ad Jd]
Seat 2: cheeestar198 (big blind) showed [9c 5c] and lost with a pair of Fives
Seat 4: VolkovDmitri (button) (small blind) showed [Js 4c] and won ($35.74) with a pair of Jacks


