PokerStars Hand #145570002262:  Hold'em Limit ($3/$6 USD) - 2015/12/19 4:10:23 ET
Table 'Villigera' 2-max Seat #2 is the button
Seat 1: wakeup18 ($104.26 in chips)
Seat 2: minigus575 ($134.14 in chips)
minigus575: posts small blind $1
wakeup18: posts big blind $3
*** HOLE CARDS ***
minigus575: raises $3 to $6
wakeup18: calls $3
*** FLOP *** [Kc 5d Qc]
wakeup18: checks
minigus575: bets $3
wakeup18: folds
Uncalled bet ($3) returned to minigus575
minigus575 collected $11.76 from pot
minigus575: doesn't show hand
*** SUMMARY ***
Total pot $12 | Rake $0.24
Board [Kc 5d Qc]
Seat 1: wakeup18 (big blind) folded on the Flop
Seat 2: minigus575 (button) (small blind) collected ($11.76)


PokerStars Hand #145569987904:  Hold'em Limit ($3/$6 USD) - 2015/12/19 4:09:48 ET
Table 'Villigera' 2-max Seat #2 is the button
Seat 1: wakeup18 ($84 in chips)
Seat 2: minigus575 ($155.14 in chips)
minigus575: posts small blind $1
wakeup18: posts big blind $3
*** HOLE CARDS ***
minigus575: raises $3 to $6
wakeup18: calls $3
*** FLOP *** [Kh 9s Jd]
wakeup18: checks
minigus575: bets $3
wakeup18: calls $3
*** TURN *** [Kh 9s Jd] [7c]
wakeup18: checks
minigus575: bets $6
wakeup18: calls $6
*** RIVER *** [Kh 9s Jd 7c] [8d]
wakeup18: bets $6
minigus575: folds
Uncalled bet ($6) returned to wakeup18
wakeup18 collected $29.50 from pot
wakeup18: doesn't show hand
*** SUMMARY ***
Total pot $30 | Rake $0.50
Board [Kh 9s Jd 7c 8d]
Seat 1: wakeup18 (big blind) collected ($29.50)
Seat 2: minigus575 (button) (small blind) folded on the River


PokerStars Hand #145569995157:  Hold'em Limit ($3/$6 USD) - 2015/12/19 4:10:06 ET
Table 'Villigera' 2-max Seat #1 is the button
Seat 1: wakeup18 ($98.50 in chips)
Seat 2: minigus575 ($140.14 in chips)
wakeup18: posts small blind $1
minigus575: posts big blind $3
*** HOLE CARDS ***
wakeup18: raises $3 to $6
minigus575: calls $3
*** FLOP *** [8d 9d 3c]
minigus575: checks
wakeup18: checks
*** TURN *** [8d 9d 3c] [5c]
minigus575: checks
wakeup18: bets $6
minigus575: folds
Uncalled bet ($6) returned to wakeup18
wakeup18 collected $11.76 from pot
wakeup18: doesn't show hand
*** SUMMARY ***
Total pot $12 | Rake $0.24
Board [8d 9d 3c 5c]
Seat 1: wakeup18 (button) (small blind) collected ($11.76)
Seat 2: minigus575 (big blind) folded on the Turn


PokerStars Hand #145570022560:  Hold'em Limit ($3/$6 USD) - 2015/12/19 4:11:12 ET
Table 'Villigera' 2-max Seat #1 is the button
Seat 1: wakeup18 ($102.14 in chips)
Seat 2: minigus575 ($135.90 in chips)
wakeup18: posts small blind $1
minigus575: posts big blind $3
*** HOLE CARDS ***
wakeup18: folds
Uncalled bet ($2) returned to minigus575
minigus575 collected $2 from pot
minigus575: doesn't show hand
*** SUMMARY ***
Total pot $2 | Rake $0
Seat 1: wakeup18 (button) (small blind) folded before Flop
Seat 2: minigus575 (big blind) collected ($2)


PokerStars Hand #145570032830:  Hold'em Limit ($3/$6 USD) - 2015/12/19 4:11:37 ET
Table 'Villigera' 2-max Seat #1 is the button
Seat 1: wakeup18 ($95.14 in chips)
Seat 2: minigus575 ($142.66 in chips)
wakeup18: posts small blind $1
minigus575: posts big blind $3
*** HOLE CARDS ***
wakeup18: folds
Uncalled bet ($2) returned to minigus575
minigus575 collected $2 from pot
minigus575: doesn't show hand
*** SUMMARY ***
Total pot $2 | Rake $0
Seat 1: wakeup18 (button) (small blind) folded before Flop
Seat 2: minigus575 (big blind) collected ($2)


PokerStars Hand #145570009360:  Hold'em Limit ($3/$6 USD) - 2015/12/19 4:10:40 ET
Table 'Villigera' 2-max Seat #1 is the button
Seat 1: wakeup18 ($98.26 in chips)
Seat 2: minigus575 ($139.90 in chips)
wakeup18: posts small blind $1
minigus575: posts big blind $3
*** HOLE CARDS ***
wakeup18: calls $2
minigus575: checks
*** FLOP *** [3s Jh Js]
minigus575: checks
wakeup18: bets $3
minigus575: folds
Uncalled bet ($3) returned to wakeup18
wakeup18 collected $5.88 from pot
wakeup18: doesn't show hand
*** SUMMARY ***
Total pot $6 | Rake $0.12
Board [3s Jh Js]
Seat 1: wakeup18 (button) (small blind) collected ($5.88)
Seat 2: minigus575 (big blind) folded on the Flop


PokerStars Hand #145570018056:  Hold'em Limit ($3/$6 USD) - 2015/12/19 4:11:01 ET
Table 'Villigera' 2-max Seat #2 is the button
Seat 1: wakeup18 ($101.14 in chips)
Seat 2: minigus575 ($136.90 in chips)
minigus575: posts small blind $1
wakeup18: posts big blind $3
*** HOLE CARDS ***
minigus575: folds
Uncalled bet ($2) returned to wakeup18
wakeup18 collected $2 from pot
wakeup18: doesn't show hand
*** SUMMARY ***
Total pot $2 | Rake $0
Seat 1: wakeup18 (big blind) collected ($2)
Seat 2: minigus575 (button) (small blind) folded before Flop


PokerStars Hand #145570044281:  Hold'em Limit ($3/$6 USD) - 2015/12/19 4:12:05 ET
Table 'Villigera' 2-max Seat #1 is the button
Seat 1: wakeup18 ($108.64 in chips)
Seat 2: minigus575 ($128.66 in chips)
wakeup18: posts small blind $1
minigus575: posts big blind $3
*** HOLE CARDS ***
wakeup18: calls $2
minigus575: raises $3 to $6
wakeup18: calls $3
*** FLOP *** [7c Ts 6h]
minigus575: bets $3
wakeup18: calls $3
*** TURN *** [7c Ts 6h] [Td]
minigus575: bets $6
wakeup18: calls $6
*** RIVER *** [7c Ts 6h Td] [Jh]
minigus575: checks
wakeup18: checks
*** SHOW DOWN ***
minigus575: shows [5h As] (a pair of Tens)
wakeup18: shows [6s 9h] (two pair, Tens and Sixes)
wakeup18 collected $29.50 from pot
*** SUMMARY ***
Total pot $30 | Rake $0.50
Board [7c Ts 6h Td Jh]
Seat 1: wakeup18 (button) (small blind) showed [6s 9h] and won ($29.50) with two pair, Tens and Sixes
Seat 2: minigus575 (big blind) showed [5h As] and lost with a pair of Tens


PokerStars Hand #145570052665:  Hold'em Limit ($3/$6 USD) - 2015/12/19 4:12:25 ET
Table 'Villigera' 2-max Seat #2 is the button
Seat 1: wakeup18 ($123.14 in chips)
Seat 2: minigus575 ($113.66 in chips)
minigus575: posts small blind $1
wakeup18: posts big blind $3
*** HOLE CARDS ***
minigus575: raises $3 to $6
wakeup18: calls $3
*** FLOP *** [6s 6d Jd]
wakeup18: checks
minigus575: checks
*** TURN *** [6s 6d Jd] [3d]
wakeup18: bets $6
minigus575: raises $6 to $12
wakeup18: calls $6
*** RIVER *** [6s 6d Jd 3d] [5s]
wakeup18: checks
minigus575: bets $6
wakeup18: calls $6
*** SHOW DOWN ***
minigus575: shows [Ad Ac] (two pair, Aces and Sixes)
wakeup18: shows [6h 9h] (three of a kind, Sixes)
wakeup18 collected $47.50 from pot
*** SUMMARY ***
Total pot $48 | Rake $0.50
Board [6s 6d Jd 3d 5s]
Seat 1: wakeup18 (big blind) showed [6h 9h] and won ($47.50) with three of a kind, Sixes
Seat 2: minigus575 (button) (small blind) showed [Ad Ac] and lost with two pair, Aces and Sixes


PokerStars Hand #145570035366:  Hold'em Limit ($3/$6 USD) - 2015/12/19 4:11:43 ET
Table 'Villigera' 2-max Seat #2 is the button
Seat 1: wakeup18 ($94.14 in chips)
Seat 2: minigus575 ($143.66 in chips)
minigus575: posts small blind $1
wakeup18: posts big blind $3
*** HOLE CARDS ***
minigus575: raises $3 to $6
wakeup18: raises $3 to $9
minigus575: calls $3
*** FLOP *** [3s 8s Tc]
wakeup18: bets $3
minigus575: raises $3 to $6
wakeup18: calls $3
*** TURN *** [3s 8s Tc] [4c]
wakeup18: checks
minigus575: checks
*** RIVER *** [3s 8s Tc 4c] [5d]
wakeup18: checks
minigus575: checks
*** SHOW DOWN ***
wakeup18: shows [Qh Kc] (high card King)
minigus575: mucks hand
wakeup18 collected $29.50 from pot
*** SUMMARY ***
Total pot $30 | Rake $0.50
Board [3s 8s Tc 4c 5d]
Seat 1: wakeup18 (big blind) showed [Qh Kc] and won ($29.50) with high card King
Seat 2: minigus575 (button) (small blind) mucked


PokerStars Hand #145570078201:  Hold'em Limit ($3/$6 USD) - 2015/12/19 4:13:25 ET
Table 'Villigera' 2-max Seat #1 is the button
Seat 1: wakeup18 ($142.40 in chips)
Seat 2: minigus575 ($93.42 in chips)
wakeup18: posts small blind $1
minigus575: posts big blind $3
*** HOLE CARDS ***
wakeup18: raises $3 to $6
minigus575: raises $3 to $9
wakeup18: calls $3
*** FLOP *** [Qd 2h 6s]
minigus575: bets $3
wakeup18: calls $3
*** TURN *** [Qd 2h 6s] [5c]
minigus575: bets $6
wakeup18: calls $6
*** RIVER *** [Qd 2h 6s 5c] [2c]
minigus575: bets $6
wakeup18: calls $6
*** SHOW DOWN ***
minigus575: shows [Jh 6h] (two pair, Sixes and Deuces)
wakeup18: mucks hand
minigus575 collected $47.50 from pot
*** SUMMARY ***
Total pot $48 | Rake $0.50
Board [Qd 2h 6s 5c 2c]
Seat 1: wakeup18 (button) (small blind) mucked
Seat 2: minigus575 (big blind) showed [Jh 6h] and won ($47.50) with two pair, Sixes and Deuces


PokerStars Hand #145570085063:  Hold'em Limit ($3/$6 USD) - 2015/12/19 4:13:41 ET
Table 'Villigera' 2-max Seat #2 is the button
Seat 1: wakeup18 ($118.40 in chips)
Seat 2: minigus575 ($116.92 in chips)
minigus575: posts small blind $1
wakeup18: posts big blind $3
*** HOLE CARDS ***
minigus575: raises $3 to $6
wakeup18: calls $3
*** FLOP *** [Qh Ts Ks]
wakeup18: checks
minigus575: bets $3
wakeup18: raises $3 to $6
minigus575: folds
Uncalled bet ($3) returned to wakeup18
wakeup18 collected $17.64 from pot
wakeup18: doesn't show hand
*** SUMMARY ***
Total pot $18 | Rake $0.36
Board [Qh Ts Ks]
Seat 1: wakeup18 (big blind) collected ($17.64)
Seat 2: minigus575 (button) (small blind) folded on the Flop


PokerStars Hand #145570068044:  Hold'em Limit ($3/$6 USD) - 2015/12/19 4:13:01 ET
Table 'Villigera' 2-max Seat #1 is the button
Seat 1: wakeup18 ($149.40 in chips)
Seat 2: minigus575 ($86.66 in chips)
wakeup18: posts small blind $1
minigus575: posts big blind $3
*** HOLE CARDS ***
wakeup18: folds
Uncalled bet ($2) returned to minigus575
minigus575 collected $2 from pot
minigus575: doesn't show hand
*** SUMMARY ***
Total pot $2 | Rake $0
Seat 1: wakeup18 (button) (small blind) folded before Flop
Seat 2: minigus575 (big blind) collected ($2)


PokerStars Hand #145570060158:  Hold'em Limit ($3/$6 USD) - 2015/12/19 4:12:43 ET
Table 'Villigera' 2-max Seat #1 is the button
Seat 1: wakeup18 ($146.64 in chips)
Seat 2: minigus575 ($89.66 in chips)
wakeup18: posts small blind $1
minigus575: posts big blind $3
*** HOLE CARDS ***
wakeup18: raises $3 to $6
minigus575: calls $3
*** FLOP *** [Ts 4c 2s]
minigus575: checks
wakeup18: checks
*** TURN *** [Ts 4c 2s] [Th]
minigus575: checks
wakeup18: bets $6
minigus575: folds
Uncalled bet ($6) returned to wakeup18
wakeup18 collected $11.76 from pot
wakeup18: doesn't show hand
*** SUMMARY ***
Total pot $12 | Rake $0.24
Board [Ts 4c 2s Th]
Seat 1: wakeup18 (button) (small blind) collected ($11.76)
Seat 2: minigus575 (big blind) folded on the Turn


PokerStars Hand #145570071124:  Hold'em Limit ($3/$6 USD) - 2015/12/19 4:13:09 ET
Table 'Villigera' 2-max Seat #2 is the button
Seat 1: wakeup18 ($148.40 in chips)
Seat 2: minigus575 ($87.66 in chips)
minigus575: posts small blind $1
wakeup18: posts big blind $3
*** HOLE CARDS ***
minigus575: raises $3 to $6
wakeup18: calls $3
*** FLOP *** [As 7d Ad]
wakeup18: checks
minigus575: bets $3
wakeup18: folds
Uncalled bet ($3) returned to minigus575
minigus575 collected $11.76 from pot
minigus575: doesn't show hand
*** SUMMARY ***
Total pot $12 | Rake $0.24
Board [As 7d Ad]
Seat 1: wakeup18 (big blind) folded on the Flop
Seat 2: minigus575 (button) (small blind) collected ($11.76)


PokerStars Hand #145570090894:  Hold'em Limit ($3/$6 USD) - 2015/12/19 4:13:55 ET
Table 'Villigera' 2-max Seat #1 is the button
Seat 1: wakeup18 ($127.04 in chips)
Seat 2: minigus575 ($107.92 in chips)
wakeup18: posts small blind $1
minigus575: posts big blind $3
*** HOLE CARDS ***
wakeup18: calls $2
minigus575: raises $3 to $6
wakeup18: calls $3
*** FLOP *** [Kd Tc 7s]
minigus575: bets $3
wakeup18: calls $3
*** TURN *** [Kd Tc 7s] [Qh]
minigus575: bets $6
wakeup18: calls $6
*** RIVER *** [Kd Tc 7s Qh] [9s]
minigus575: bets $6
wakeup18: calls $6
*** SHOW DOWN ***
minigus575: shows [Td Ts] (three of a kind, Tens)
wakeup18: mucks hand
minigus575 collected $41.50 from pot
*** SUMMARY ***
Total pot $42 | Rake $0.50
Board [Kd Tc 7s Qh 9s]
Seat 1: wakeup18 (button) (small blind) mucked
Seat 2: minigus575 (big blind) showed [Td Ts] and won ($41.50) with three of a kind, Tens


PokerStars Hand #145570099756:  Hold'em Limit ($3/$6 USD) - 2015/12/19 4:14:16 ET
Table 'Villigera' 2-max Seat #2 is the button
Seat 1: wakeup18 ($106.04 in chips)
Seat 2: minigus575 ($128.42 in chips)
minigus575: posts small blind $1
wakeup18: posts big blind $3
*** HOLE CARDS ***
minigus575: raises $3 to $6
wakeup18: calls $3
*** FLOP *** [5h 9d 7h]
wakeup18: checks
minigus575: bets $3
wakeup18: calls $3
*** TURN *** [5h 9d 7h] [8c]
wakeup18: checks
minigus575: bets $6
wakeup18: folds
Uncalled bet ($6) returned to minigus575
minigus575 collected $17.64 from pot
minigus575: doesn't show hand
*** SUMMARY ***
Total pot $18 | Rake $0.36
Board [5h 9d 7h 8c]
Seat 1: wakeup18 (big blind) folded on the Turn
Seat 2: minigus575 (button) (small blind) collected ($17.64)


PokerStars Hand #145570105909:  Hold'em Limit ($3/$6 USD) - 2015/12/19 4:14:31 ET
Table 'Villigera' 2-max Seat #1 is the button
Seat 1: wakeup18 ($97.04 in chips)
Seat 2: minigus575 ($137.06 in chips)
wakeup18: posts small blind $1
minigus575: posts big blind $3
*** HOLE CARDS ***
wakeup18: calls $2
minigus575: raises $3 to $6
wakeup18: calls $3
*** FLOP *** [Tc 6c Jd]
minigus575: bets $3
wakeup18: calls $3
*** TURN *** [Tc 6c Jd] [9s]
minigus575: bets $6
wakeup18: raises $6 to $12
minigus575: calls $6
*** RIVER *** [Tc 6c Jd 9s] [Jh]
minigus575: checks
wakeup18: bets $6
minigus575: calls $6
*** SHOW DOWN ***
wakeup18: shows [6s Ts] (two pair, Jacks and Tens)
minigus575: shows [Td Ac] (two pair, Jacks and Tens - Ace kicker)
minigus575 collected $53.50 from pot
*** SUMMARY ***
Total pot $54 | Rake $0.50
Board [Tc 6c Jd 9s Jh]
Seat 1: wakeup18 (button) (small blind) showed [6s Ts] and lost with two pair, Jacks and Tens
Seat 2: minigus575 (big blind) showed [Td Ac] and won ($53.50) with two pair, Jacks and Tens


PokerStars Hand #145570113595:  Hold'em Limit ($3/$6 USD) - 2015/12/19 4:14:49 ET
Table 'Villigera' 2-max Seat #2 is the button
Seat 1: wakeup18 ($70.04 in chips)
Seat 2: minigus575 ($163.56 in chips)
minigus575: posts small blind $1
wakeup18: posts big blind $3
*** HOLE CARDS ***
minigus575: raises $3 to $6
wakeup18: raises $3 to $9
minigus575: calls $3
*** FLOP *** [4d 7c Ah]
wakeup18: bets $3
minigus575: calls $3
*** TURN *** [4d 7c Ah] [Qc]
wakeup18: bets $6
minigus575: folds
Uncalled bet ($6) returned to wakeup18
wakeup18 collected $23.52 from pot
wakeup18: doesn't show hand
*** SUMMARY ***
Total pot $24 | Rake $0.48
Board [4d 7c Ah Qc]
Seat 1: wakeup18 (big blind) collected ($23.52)
Seat 2: minigus575 (button) (small blind) folded on the Turn


PokerStars Hand #145570119145:  Hold'em Limit ($3/$6 USD) - 2015/12/19 4:15:02 ET
Table 'Villigera' 2-max Seat #1 is the button
Seat 1: wakeup18 ($81.56 in chips)
Seat 2: minigus575 ($151.56 in chips)
wakeup18: posts small blind $1
minigus575: posts big blind $3
*** HOLE CARDS ***
wakeup18: raises $3 to $6
minigus575: calls $3
*** FLOP *** [5h 9h As]
minigus575: checks
wakeup18: bets $3
minigus575: folds
Uncalled bet ($3) returned to wakeup18
wakeup18 collected $11.76 from pot
wakeup18: doesn't show hand
*** SUMMARY ***
Total pot $12 | Rake $0.24
Board [5h 9h As]
Seat 1: wakeup18 (button) (small blind) collected ($11.76)
Seat 2: minigus575 (big blind) folded on the Flop


PokerStars Hand #145570138425:  Hold'em Limit ($3/$6 USD) - 2015/12/19 4:15:46 ET
Table 'Villigera' 2-max Seat #2 is the button
Seat 1: wakeup18 ($75.20 in chips)
Seat 2: minigus575 ($157.06 in chips)
minigus575: posts small blind $1
wakeup18: posts big blind $3
*** HOLE CARDS ***
minigus575: folds
Uncalled bet ($2) returned to wakeup18
wakeup18 collected $2 from pot
wakeup18: doesn't show hand
*** SUMMARY ***
Total pot $2 | Rake $0
Seat 1: wakeup18 (big blind) collected ($2)
Seat 2: minigus575 (button) (small blind) folded before Flop


PokerStars Hand #145570140354:  Hold'em Limit ($3/$6 USD) - 2015/12/19 4:15:51 ET
Table 'Villigera' 2-max Seat #1 is the button
Seat 1: wakeup18 ($76.20 in chips)
Seat 2: minigus575 ($156.06 in chips)
wakeup18: posts small blind $1
minigus575: posts big blind $3
*** HOLE CARDS ***
wakeup18: calls $2
minigus575: checks
*** FLOP *** [2h 7s 7d]
minigus575: checks
wakeup18: bets $3
minigus575: folds
Uncalled bet ($3) returned to wakeup18
wakeup18 collected $5.88 from pot
wakeup18: doesn't show hand
*** SUMMARY ***
Total pot $6 | Rake $0.12
Board [2h 7s 7d]
Seat 1: wakeup18 (button) (small blind) collected ($5.88)
Seat 2: minigus575 (big blind) folded on the Flop


PokerStars Hand #145570144711:  Hold'em Limit ($3/$6 USD) - 2015/12/19 4:16:01 ET
Table 'Villigera' 2-max Seat #2 is the button
Seat 1: wakeup18 ($79.08 in chips)
Seat 2: minigus575 ($153.06 in chips)
minigus575: posts small blind $1
wakeup18: posts big blind $3
*** HOLE CARDS ***
minigus575: raises $3 to $6
wakeup18: calls $3
*** FLOP *** [Ah 2d 7s]
wakeup18: checks
minigus575: bets $3
wakeup18: folds
Uncalled bet ($3) returned to minigus575
minigus575 collected $11.76 from pot
minigus575: doesn't show hand
*** SUMMARY ***
Total pot $12 | Rake $0.24
Board [Ah 2d 7s]
Seat 1: wakeup18 (big blind) folded on the Flop
Seat 2: minigus575 (button) (small blind) collected ($11.76)


PokerStars Hand #145570148750:  Hold'em Limit ($3/$6 USD) - 2015/12/19 4:16:10 ET
Table 'Villigera' 2-max Seat #1 is the button
Seat 1: wakeup18 ($73.08 in chips)
Seat 2: minigus575 ($158.82 in chips)
wakeup18: posts small blind $1
minigus575: posts big blind $3
*** HOLE CARDS ***
wakeup18: raises $3 to $6
minigus575: calls $3
*** FLOP *** [3c 6d 5c]
minigus575: checks
wakeup18: bets $3
minigus575: calls $3
*** TURN *** [3c 6d 5c] [Ah]
minigus575: checks
wakeup18: bets $6
minigus575: folds
Uncalled bet ($6) returned to wakeup18
wakeup18 collected $17.64 from pot
wakeup18: doesn't show hand
*** SUMMARY ***
Total pot $18 | Rake $0.36
Board [3c 6d 5c Ah]
Seat 1: wakeup18 (button) (small blind) collected ($17.64)
Seat 2: minigus575 (big blind) folded on the Turn


PokerStars Hand #145570155944:  Hold'em Limit ($3/$6 USD) - 2015/12/19 4:16:27 ET
Table 'Villigera' 2-max Seat #2 is the button
Seat 1: wakeup18 ($81.72 in chips)
Seat 2: minigus575 ($149.82 in chips)
minigus575: posts small blind $1
wakeup18: posts big blind $3
*** HOLE CARDS ***
minigus575: raises $3 to $6
wakeup18: calls $3
*** FLOP *** [2d 2c 4c]
wakeup18: checks
minigus575: bets $3
wakeup18: calls $3
*** TURN *** [2d 2c 4c] [8h]
wakeup18: checks
minigus575: bets $6
wakeup18: calls $6
*** RIVER *** [2d 2c 4c 8h] [3h]
wakeup18: checks
minigus575: bets $6
wakeup18: calls $6
*** SHOW DOWN ***
minigus575: shows [8s Qd] (two pair, Eights and Deuces)
wakeup18: mucks hand
minigus575 collected $41.50 from pot
*** SUMMARY ***
Total pot $42 | Rake $0.50
Board [2d 2c 4c 8h 3h]
Seat 1: wakeup18 (big blind) mucked
Seat 2: minigus575 (button) (small blind) showed [8s Qd] and won ($41.50) with two pair, Eights and Deuces


PokerStars Hand #145570185018:  Hold'em Limit ($3/$6 USD) - 2015/12/19 4:17:36 ET
Table 'Villigera' 2-max Seat #1 is the button
Seat 1: wakeup18 ($117.22 in chips)
Seat 2: minigus575 ($172.70 in chips)
wakeup18: posts small blind $1
minigus575: posts big blind $3
*** HOLE CARDS ***
wakeup18: calls $2
minigus575: checks
*** FLOP *** [3s 8s Qc]
minigus575: checks
wakeup18: bets $3
minigus575: raises $3 to $6
wakeup18: folds
Uncalled bet ($3) returned to minigus575
minigus575 collected $11.76 from pot
minigus575: doesn't show hand
*** SUMMARY ***
Total pot $12 | Rake $0.24
Board [3s 8s Qc]
Seat 1: wakeup18 (button) (small blind) folded on the Flop
Seat 2: minigus575 (big blind) collected ($11.76)


PokerStars Hand #145570177982:  Hold'em Limit ($3/$6 USD) - 2015/12/19 4:17:19 ET
Table 'Villigera' 2-max Seat #2 is the button
Seat 1: wakeup18 ($93.72 in chips)
Seat 2: minigus575 ($196.70 in chips)
minigus575: posts small blind $1
wakeup18: posts big blind $3
*** HOLE CARDS ***
minigus575: raises $3 to $6
wakeup18: raises $3 to $9
minigus575: calls $3
*** FLOP *** [9h As 9c]
wakeup18: bets $3
minigus575: calls $3
*** TURN *** [9h As 9c] [2d]
wakeup18: bets $6
minigus575: calls $6
*** RIVER *** [9h As 9c 2d] [Jd]
wakeup18: bets $6
minigus575: calls $6
*** SHOW DOWN ***
wakeup18: shows [Ad Kh] (two pair, Aces and Nines)
minigus575: mucks hand
wakeup18 collected $47.50 from pot
*** SUMMARY ***
Total pot $48 | Rake $0.50
Board [9h As 9c 2d Jd]
Seat 1: wakeup18 (big blind) showed [Ad Kh] and won ($47.50) with two pair, Aces and Nines
Seat 2: minigus575 (button) (small blind) mucked


PokerStars Hand #145570167189:  Hold'em Limit ($3/$6 USD) - 2015/12/19 4:16:54 ET
Table 'Villigera' 2-max Seat #2 is the button
Seat 1: wakeup18 ($57.72 in chips)
Seat 2: minigus575 ($173.20 in chips)
minigus575: posts small blind $1
wakeup18: posts big blind $3
*** HOLE CARDS ***
minigus575: raises $3 to $6
wakeup18: folds
Uncalled bet ($3) returned to minigus575
minigus575 collected $6 from pot
minigus575: doesn't show hand
*** SUMMARY ***
Total pot $6 | Rake $0
Seat 1: wakeup18 (big blind) folded before Flop
Seat 2: minigus575 (button) (small blind) collected ($6)


PokerStars Hand #145570189594:  Hold'em Limit ($3/$6 USD) - 2015/12/19 4:17:46 ET
Table 'Villigera' 2-max Seat #2 is the button
Seat 1: wakeup18 ($111.22 in chips)
Seat 2: minigus575 ($178.46 in chips)
minigus575: posts small blind $1
wakeup18: posts big blind $3
*** HOLE CARDS ***
minigus575: folds
Uncalled bet ($2) returned to wakeup18
wakeup18 collected $2 from pot
wakeup18: doesn't show hand
*** SUMMARY ***
Total pot $2 | Rake $0
Seat 1: wakeup18 (big blind) collected ($2)
Seat 2: minigus575 (button) (small blind) folded before Flop


PokerStars Hand #145570213023:  Hold'em Limit ($3/$6 USD) - 2015/12/19 4:18:42 ET
Table 'Villigera' 2-max Seat #2 is the button
Seat 1: wakeup18 ($112.62 in chips)
Seat 2: minigus575 ($175.98 in chips)
minigus575: posts small blind $1
wakeup18: posts big blind $3
*** HOLE CARDS ***
minigus575: raises $3 to $6
wakeup18: calls $3
*** FLOP *** [2s Jd Qh]
wakeup18: checks
minigus575: checks
*** TURN *** [2s Jd Qh] [6h]
wakeup18: checks
minigus575: bets $6
wakeup18: folds
Uncalled bet ($6) returned to minigus575
minigus575 collected $11.76 from pot
minigus575: doesn't show hand
*** SUMMARY ***
Total pot $12 | Rake $0.24
Board [2s Jd Qh 6h]
Seat 1: wakeup18 (big blind) folded on the Turn
Seat 2: minigus575 (button) (small blind) collected ($11.76)


PokerStars Hand #145570201835:  Hold'em Limit ($3/$6 USD) - 2015/12/19 4:18:15 ET
Table 'Villigera' 2-max Seat #2 is the button
Seat 1: wakeup18 ($98.22 in chips)
Seat 2: minigus575 ($190.98 in chips)
minigus575: posts small blind $1
wakeup18: posts big blind $3
*** HOLE CARDS ***
minigus575: raises $3 to $6
wakeup18: calls $3
*** FLOP *** [5c Ad 3c]
wakeup18: checks
minigus575: bets $3
wakeup18: calls $3
*** TURN *** [5c Ad 3c] [As]
wakeup18: checks
minigus575: checks
*** RIVER *** [5c Ad 3c As] [2d]
wakeup18: checks
minigus575: checks
*** SHOW DOWN ***
wakeup18: shows [5h Jh] (two pair, Aces and Fives)
minigus575: mucks hand
wakeup18 collected $17.64 from pot
*** SUMMARY ***
Total pot $18 | Rake $0.36
Board [5c Ad 3c As 2d]
Seat 1: wakeup18 (big blind) showed [5h Jh] and won ($17.64) with two pair, Aces and Fives
Seat 2: minigus575 (button) (small blind) mucked


PokerStars Hand #145570193389:  Hold'em Limit ($3/$6 USD) - 2015/12/19 4:17:55 ET
Table 'Villigera' 2-max Seat #2 is the button
Seat 1: wakeup18 ($111.22 in chips)
Seat 2: minigus575 ($178.46 in chips)
minigus575: posts small blind $1
wakeup18: posts big blind $3
*** HOLE CARDS ***
minigus575: raises $3 to $6
wakeup18: calls $3
*** FLOP *** [Ad Ts Td]
wakeup18: checks
minigus575: checks
*** TURN *** [Ad Ts Td] [Qd]
wakeup18: checks
minigus575: bets $6
wakeup18: calls $6
*** RIVER *** [Ad Ts Td Qd] [6h]
wakeup18: checks
minigus575: bets $6
wakeup18: folds
Uncalled bet ($6) returned to minigus575
minigus575 collected $23.52 from pot
minigus575: doesn't show hand
*** SUMMARY ***
Total pot $24 | Rake $0.48
Board [Ad Ts Td Qd 6h]
Seat 1: wakeup18 (big blind) folded on the River
Seat 2: minigus575 (button) (small blind) collected ($23.52)


PokerStars Hand #145570208708:  Hold'em Limit ($3/$6 USD) - 2015/12/19 4:18:31 ET
Table 'Villigera' 2-max Seat #1 is the button
Seat 1: wakeup18 ($106.86 in chips)
Seat 2: minigus575 ($181.98 in chips)
wakeup18: posts small blind $1
minigus575: posts big blind $3
*** HOLE CARDS ***
wakeup18: raises $3 to $6
minigus575: calls $3
*** FLOP *** [4s 9h 8s]
minigus575: checks
wakeup18: bets $3
minigus575: folds
Uncalled bet ($3) returned to wakeup18
wakeup18 collected $11.76 from pot
wakeup18: doesn't show hand
*** SUMMARY ***
Total pot $12 | Rake $0.24
Board [4s 9h 8s]
Seat 1: wakeup18 (button) (small blind) collected ($11.76)
Seat 2: minigus575 (big blind) folded on the Flop


PokerStars Hand #145570227346:  Hold'em Limit ($3/$6 USD) - 2015/12/19 4:19:16 ET
Table 'Villigera' 2-max Seat #2 is the button
Seat 1: wakeup18 ($79.62 in chips)
Seat 2: minigus575 ($208.24 in chips)
minigus575: posts small blind $1
wakeup18: posts big blind $3
*** HOLE CARDS ***
minigus575: raises $3 to $6
wakeup18: calls $3
*** FLOP *** [Js 7c Ac]
wakeup18: checks
minigus575: bets $3
wakeup18: folds
Uncalled bet ($3) returned to minigus575
minigus575 collected $11.76 from pot
minigus575: doesn't show hand
*** SUMMARY ***
Total pot $12 | Rake $0.24
Board [Js 7c Ac]
Seat 1: wakeup18 (big blind) folded on the Flop
Seat 2: minigus575 (button) (small blind) collected ($11.76)


PokerStars Hand #145570219099:  Hold'em Limit ($3/$6 USD) - 2015/12/19 4:18:56 ET
Table 'Villigera' 2-max Seat #1 is the button
Seat 1: wakeup18 ($106.62 in chips)
Seat 2: minigus575 ($181.74 in chips)
wakeup18: posts small blind $1
minigus575: posts big blind $3
*** HOLE CARDS ***
wakeup18: raises $3 to $6
minigus575: calls $3
*** FLOP *** [4s Js As]
minigus575: checks
wakeup18: bets $3
minigus575: calls $3
*** TURN *** [4s Js As] [6d]
minigus575: checks
wakeup18: bets $6
minigus575: raises $6 to $12
wakeup18: calls $6
*** RIVER *** [4s Js As 6d] [Tc]
minigus575: bets $6
wakeup18: calls $6
*** SHOW DOWN ***
minigus575: shows [8s 7s] (a flush, Ace high)
wakeup18: mucks hand
minigus575 collected $53.50 from pot
*** SUMMARY ***
Total pot $54 | Rake $0.50
Board [4s Js As 6d Tc]
Seat 1: wakeup18 (button) (small blind) mucked
Seat 2: minigus575 (big blind) showed [8s 7s] and won ($53.50) with a flush, Ace high


PokerStars Hand #145570232988:  Hold'em Limit ($3/$6 USD) - 2015/12/19 4:19:29 ET
Table 'Villigera' 2-max Seat #1 is the button
Seat 1: wakeup18 ($73.62 in chips)
Seat 2: minigus575 ($214 in chips)
wakeup18: posts small blind $1
minigus575: posts big blind $3
*** HOLE CARDS ***
wakeup18: raises $3 to $6
minigus575: calls $3
*** FLOP *** [6d 3c 6s]
minigus575: checks
wakeup18: checks
*** TURN *** [6d 3c 6s] [4c]
minigus575: checks
wakeup18: checks
*** RIVER *** [6d 3c 6s 4c] [5s]
minigus575: bets $6
wakeup18: raises $6 to $12
minigus575: calls $6
*** SHOW DOWN ***
wakeup18: shows [7s Qd] (a straight, Three to Seven)
minigus575: mucks hand
wakeup18 collected $35.50 from pot
*** SUMMARY ***
Total pot $36 | Rake $0.50
Board [6d 3c 6s 4c 5s]
Seat 1: wakeup18 (button) (small blind) showed [7s Qd] and won ($35.50) with a straight, Three to Seven
Seat 2: minigus575 (big blind) mucked


PokerStars Hand #145570253676:  Hold'em Limit ($3/$6 USD) - 2015/12/19 4:20:18 ET
Table 'Villigera' 2-max Seat #1 is the button
Seat 1: wakeup18 ($70.12 in chips)
Seat 2: minigus575 ($216.16 in chips)
wakeup18: posts small blind $1
minigus575: posts big blind $3
*** HOLE CARDS ***
wakeup18: raises $3 to $6
minigus575: calls $3
*** FLOP *** [5h 7s 2c]
minigus575: checks
wakeup18: bets $3
minigus575: raises $3 to $6
wakeup18: calls $3
*** TURN *** [5h 7s 2c] [Qd]
minigus575: bets $6
wakeup18: calls $6
*** RIVER *** [5h 7s 2c Qd] [8h]
minigus575: bets $6
wakeup18: raises $6 to $12
minigus575: raises $6 to $18
wakeup18: raises $6 to $24
Betting is capped
minigus575: calls $6
*** SHOW DOWN ***
wakeup18: shows [4c 6h] (a straight, Four to Eight)
minigus575: mucks hand
wakeup18 collected $83.50 from pot
*** SUMMARY ***
Total pot $84 | Rake $0.50
Board [5h 7s 2c Qd 8h]
Seat 1: wakeup18 (button) (small blind) showed [4c 6h] and won ($83.50) with a straight, Four to Eight
Seat 2: minigus575 (big blind) mucked


PokerStars Hand #145570290637:  Hold'em Limit ($3/$6 USD) - 2015/12/19 4:21:46 ET
Table 'Villigera' 2-max Seat #1 is the button
Seat 1: wakeup18 ($126.12 in chips)
Seat 2: minigus575 ($218.16 in chips)
wakeup18: posts small blind $1
minigus575: posts big blind $3
*** HOLE CARDS ***
wakeup18: raises $3 to $6
minigus575: folds
Uncalled bet ($3) returned to wakeup18
wakeup18 collected $6 from pot
wakeup18: doesn't show hand
*** SUMMARY ***
Total pot $6 | Rake $0
Seat 1: wakeup18 (button) (small blind) collected ($6)
Seat 2: minigus575 (big blind) folded before Flop


PokerStars Hand #145570281681:  Hold'em Limit ($3/$6 USD) - 2015/12/19 4:21:25 ET
Table 'Villigera' 2-max Seat #2 is the button
Seat 1: wakeup18 ($45.62 in chips)
Seat 2: minigus575 ($239.16 in chips)
minigus575: posts small blind $1
wakeup18: posts big blind $3
*** HOLE CARDS ***
minigus575: raises $3 to $6
wakeup18: raises $3 to $9
minigus575: calls $3
*** FLOP *** [8d 8s 9d]
wakeup18: bets $3
minigus575: raises $3 to $6
wakeup18: calls $3
*** TURN *** [8d 8s 9d] [6c]
wakeup18: checks
minigus575: bets $6
wakeup18: calls $6
*** RIVER *** [8d 8s 9d 6c] [4d]
wakeup18: checks
minigus575: checks
*** SHOW DOWN ***
wakeup18: shows [As Jc] (a pair of Eights)
minigus575: mucks hand
wakeup18 collected $41.50 from pot
*** SUMMARY ***
Total pot $42 | Rake $0.50
Board [8d 8s 9d 6c 4d]
Seat 1: wakeup18 (big blind) showed [As Jc] and won ($41.50) with a pair of Eights
Seat 2: minigus575 (button) (small blind) mucked


PokerStars Hand #145570307233:  Hold'em Limit ($3/$6 USD) - 2015/12/19 4:22:25 ET
Table 'Villigera' 2-max Seat #2 is the button
Seat 1: wakeup18 ($125.64 in chips)
Seat 2: minigus575 ($217.66 in chips)
minigus575: posts small blind $1
wakeup18: posts big blind $3
*** HOLE CARDS ***
minigus575: raises $3 to $6
wakeup18: raises $3 to $9
minigus575: calls $3
*** FLOP *** [Ah 4s 3h]
wakeup18: bets $3
minigus575: raises $3 to $6
wakeup18: raises $3 to $9
minigus575: calls $3
*** TURN *** [Ah 4s 3h] [3s]
wakeup18: bets $6
minigus575: calls $6
*** RIVER *** [Ah 4s 3h 3s] [Ks]
wakeup18: checks
minigus575: bets $6
wakeup18: calls $6
*** SHOW DOWN ***
minigus575: shows [7s 5s] (a flush, King high)
wakeup18: mucks hand
minigus575 collected $59.50 from pot
*** SUMMARY ***
Total pot $60 | Rake $0.50
Board [Ah 4s 3h 3s Ks]
Seat 1: wakeup18 (big blind) mucked
Seat 2: minigus575 (button) (small blind) showed [7s 5s] and won ($59.50) with a flush, King high


PokerStars Hand #145570299976:  Hold'em Limit ($3/$6 USD) - 2015/12/19 4:22:08 ET
Table 'Villigera' 2-max Seat #1 is the button
Seat 1: wakeup18 ($114.12 in chips)
Seat 2: minigus575 ($229.66 in chips)
wakeup18: posts small blind $1
minigus575: posts big blind $3
*** HOLE CARDS ***
wakeup18: raises $3 to $6
minigus575: calls $3
*** FLOP *** [Ah As 5h]
minigus575: checks
wakeup18: bets $3
minigus575: raises $3 to $6
wakeup18: calls $3
*** TURN *** [Ah As 5h] [Ts]
minigus575: checks
wakeup18: bets $6
minigus575: folds
Uncalled bet ($6) returned to wakeup18
wakeup18 collected $23.52 from pot
wakeup18: doesn't show hand
*** SUMMARY ***
Total pot $24 | Rake $0.48
Board [Ah As 5h Ts]
Seat 1: wakeup18 (button) (small blind) collected ($23.52)
Seat 2: minigus575 (big blind) folded on the Turn


PokerStars Hand #145570325547:  Hold'em Limit ($3/$6 USD) - 2015/12/19 4:23:09 ET
Table 'Villigera' 2-max Seat #2 is the button
Seat 1: wakeup18 ($68.64 in chips)
Seat 2: minigus575 ($273.66 in chips)
minigus575: posts small blind $1
wakeup18: posts big blind $3
*** HOLE CARDS ***
minigus575: raises $3 to $6
wakeup18: folds
Uncalled bet ($3) returned to minigus575
minigus575 collected $6 from pot
minigus575: doesn't show hand
*** SUMMARY ***
Total pot $6 | Rake $0
Seat 1: wakeup18 (big blind) folded before Flop
Seat 2: minigus575 (button) (small blind) collected ($6)


PokerStars Hand #145570315842:  Hold'em Limit ($3/$6 USD) - 2015/12/19 4:22:46 ET
Table 'Villigera' 2-max Seat #1 is the button
Seat 1: wakeup18 ($95.64 in chips)
Seat 2: minigus575 ($247.16 in chips)
wakeup18: posts small blind $1
minigus575: posts big blind $3
*** HOLE CARDS ***
wakeup18: calls $2
minigus575: checks
*** FLOP *** [Ts 6c 8s]
minigus575: checks
wakeup18: bets $3
minigus575: raises $3 to $6
wakeup18: calls $3
*** TURN *** [Ts 6c 8s] [Jc]
minigus575: bets $6
wakeup18: raises $6 to $12
minigus575: calls $6
*** RIVER *** [Ts 6c 8s Jc] [Qc]
minigus575: bets $6
wakeup18: calls $6
*** SHOW DOWN ***
minigus575: shows [2s 9s] (a straight, Eight to Queen)
wakeup18: mucks hand
minigus575 collected $53.50 from pot
*** SUMMARY ***
Total pot $54 | Rake $0.50
Board [Ts 6c 8s Jc Qc]
Seat 1: wakeup18 (button) (small blind) mucked
Seat 2: minigus575 (big blind) showed [2s 9s] and won ($53.50) with a straight, Eight to Queen


PokerStars Hand #145570334797:  Hold'em Limit ($3/$6 USD) - 2015/12/19 4:23:30 ET
Table 'Villigera' 2-max Seat #2 is the button
Seat 1: wakeup18 ($134.28 in chips)
Seat 2: minigus575 ($267.66 in chips)
minigus575: posts small blind $1
wakeup18: posts big blind $3
*** HOLE CARDS ***
minigus575: raises $3 to $6
wakeup18: calls $3
*** FLOP *** [Qh 2s 9h]
wakeup18: checks
minigus575: bets $3
wakeup18: calls $3
*** TURN *** [Qh 2s 9h] [5s]
wakeup18: checks
minigus575: checks
*** RIVER *** [Qh 2s 9h 5s] [7d]
wakeup18: checks
minigus575: checks
*** SHOW DOWN ***
wakeup18: shows [6d 2d] (a pair of Deuces)
minigus575: mucks hand
wakeup18 collected $17.64 from pot
*** SUMMARY ***
Total pot $18 | Rake $0.36
Board [Qh 2s 9h 5s 7d]
Seat 1: wakeup18 (big blind) showed [6d 2d] and won ($17.64) with a pair of Deuces
Seat 2: minigus575 (button) (small blind) mucked


PokerStars Hand #145570329360:  Hold'em Limit ($3/$6 USD) - 2015/12/19 4:23:18 ET
Table 'Villigera' 2-max Seat #1 is the button
Seat 1: wakeup18 ($65.64 in chips)
Seat 2: minigus575 ($276.66 in chips)
wakeup18: posts small blind $1
minigus575: posts big blind $3
*** HOLE CARDS ***
wakeup18: calls $2
minigus575: checks
*** FLOP *** [8d 2d 7d]
minigus575: checks
wakeup18: checks
*** TURN *** [8d 2d 7d] [4d]
minigus575: bets $6
wakeup18: raises $6 to $12
minigus575: folds
Uncalled bet ($6) returned to wakeup18
wakeup18 collected $17.64 from pot
wakeup18: doesn't show hand
*** SUMMARY ***
Total pot $18 | Rake $0.36
Board [8d 2d 7d 4d]
Seat 1: wakeup18 (button) (small blind) collected ($17.64)
Seat 2: minigus575 (big blind) folded on the Turn


PokerStars Hand #145570347908:  Hold'em Limit ($3/$6 USD) - 2015/12/19 4:24:01 ET
Table 'Villigera' 2-max Seat #2 is the button
Seat 1: wakeup18 ($130.92 in chips)
Seat 2: minigus575 ($270.18 in chips)
minigus575: posts small blind $1
wakeup18: posts big blind $3
*** HOLE CARDS ***
minigus575: raises $3 to $6
wakeup18: calls $3
*** FLOP *** [Th As Ah]
wakeup18: checks
minigus575: bets $3
wakeup18: calls $3
*** TURN *** [Th As Ah] [9c]
wakeup18: checks
minigus575: checks
*** RIVER *** [Th As Ah 9c] [Jc]
wakeup18: checks
minigus575: bets $6
wakeup18: calls $6
*** SHOW DOWN ***
minigus575: shows [Jd 7d] (two pair, Aces and Jacks)
wakeup18: mucks hand
minigus575 collected $29.50 from pot
*** SUMMARY ***
Total pot $30 | Rake $0.50
Board [Th As Ah 9c Jc]
Seat 1: wakeup18 (big blind) mucked
Seat 2: minigus575 (button) (small blind) showed [Jd 7d] and won ($29.50) with two pair, Aces and Jacks


PokerStars Hand #145570341342:  Hold'em Limit ($3/$6 USD) - 2015/12/19 4:23:46 ET
Table 'Villigera' 2-max Seat #1 is the button
Seat 1: wakeup18 ($142.92 in chips)
Seat 2: minigus575 ($258.66 in chips)
wakeup18: posts small blind $1
minigus575: posts big blind $3
*** HOLE CARDS ***
wakeup18: raises $3 to $6
minigus575: calls $3
*** FLOP *** [Ac Kh Jd]
minigus575: checks
wakeup18: checks
*** TURN *** [Ac Kh Jd] [7s]
minigus575: checks
wakeup18: checks
*** RIVER *** [Ac Kh Jd 7s] [4s]
minigus575: bets $6
wakeup18: calls $6
*** SHOW DOWN ***
minigus575: shows [Ah Js] (two pair, Aces and Jacks)
wakeup18: mucks hand
minigus575 collected $23.52 from pot
*** SUMMARY ***
Total pot $24 | Rake $0.48
Board [Ac Kh Jd 7s 4s]
Seat 1: wakeup18 (button) (small blind) mucked
Seat 2: minigus575 (big blind) showed [Ah Js] and won ($23.52) with two pair, Aces and Jacks


PokerStars Hand #145570358365:  Hold'em Limit ($3/$6 USD) - 2015/12/19 4:24:26 ET
Table 'Villigera' 2-max Seat #2 is the button
Seat 1: wakeup18 ($121.68 in chips)
Seat 2: minigus575 ($278.68 in chips)
minigus575: posts small blind $1
wakeup18: posts big blind $3
*** HOLE CARDS ***
minigus575: raises $3 to $6
wakeup18: raises $3 to $9
minigus575: calls $3
*** FLOP *** [Ah 5s Kh]
wakeup18: bets $3
minigus575: calls $3
*** TURN *** [Ah 5s Kh] [As]
wakeup18: bets $6
minigus575: calls $6
*** RIVER *** [Ah 5s Kh As] [2h]
wakeup18: bets $6
minigus575: folds
Uncalled bet ($6) returned to wakeup18
wakeup18 collected $35.50 from pot
wakeup18: doesn't show hand
*** SUMMARY ***
Total pot $36 | Rake $0.50
Board [Ah 5s Kh As 2h]
Seat 1: wakeup18 (big blind) collected ($35.50)
Seat 2: minigus575 (button) (small blind) folded on the River


PokerStars Hand #145570354308:  Hold'em Limit ($3/$6 USD) - 2015/12/19 4:24:16 ET
Table 'Villigera' 2-max Seat #1 is the button
Seat 1: wakeup18 ($115.92 in chips)
Seat 2: minigus575 ($284.68 in chips)
wakeup18: posts small blind $1
minigus575: posts big blind $3
*** HOLE CARDS ***
wakeup18: raises $3 to $6
minigus575: calls $3
*** FLOP *** [4d 4s 7d]
minigus575: checks
wakeup18: bets $3
minigus575: folds
Uncalled bet ($3) returned to wakeup18
wakeup18 collected $11.76 from pot
wakeup18: doesn't show hand
*** SUMMARY ***
Total pot $12 | Rake $0.24
Board [4d 4s 7d]
Seat 1: wakeup18 (button) (small blind) collected ($11.76)
Seat 2: minigus575 (big blind) folded on the Flop


PokerStars Hand #145570368393:  Hold'em Limit ($3/$6 USD) - 2015/12/19 4:24:49 ET
Table 'Villigera' 2-max Seat #2 is the button
Seat 1: wakeup18 ($144.94 in chips)
Seat 2: minigus575 ($254.68 in chips)
minigus575: posts small blind $1
wakeup18: posts big blind $3
*** HOLE CARDS ***
minigus575: raises $3 to $6
wakeup18: calls $3
*** FLOP *** [Th 3h Qc]
wakeup18: checks
minigus575: bets $3
wakeup18: folds
Uncalled bet ($3) returned to minigus575
minigus575 collected $11.76 from pot
minigus575: doesn't show hand
*** SUMMARY ***
Total pot $12 | Rake $0.24
Board [Th 3h Qc]
Seat 1: wakeup18 (big blind) folded on the Flop
Seat 2: minigus575 (button) (small blind) collected ($11.76)


PokerStars Hand #145570379286:  Hold'em Limit ($3/$6 USD) - 2015/12/19 4:25:15 ET
Table 'Villigera' 2-max Seat #2 is the button
Seat 1: wakeup18 ($156.44 in chips)
Seat 2: minigus575 ($242.44 in chips)
minigus575: posts small blind $1
wakeup18: posts big blind $3
*** HOLE CARDS ***
minigus575: raises $3 to $6
wakeup18: raises $3 to $9
minigus575: calls $3
*** FLOP *** [4d 4c Ac]
wakeup18: bets $3
minigus575: calls $3
*** TURN *** [4d 4c Ac] [4s]
wakeup18: checks
minigus575: checks
*** RIVER *** [4d 4c Ac 4s] [9c]
wakeup18: checks
minigus575: checks
*** SHOW DOWN ***
wakeup18: shows [Ks Tc] (three of a kind, Fours)
minigus575: mucks hand
wakeup18 collected $23.52 from pot
*** SUMMARY ***
Total pot $24 | Rake $0.48
Board [4d 4c Ac 4s 9c]
Seat 1: wakeup18 (big blind) showed [Ks Tc] and won ($23.52) with three of a kind, Fours
Seat 2: minigus575 (button) (small blind) mucked


PokerStars Hand #145570371887:  Hold'em Limit ($3/$6 USD) - 2015/12/19 4:24:57 ET
Table 'Villigera' 2-max Seat #1 is the button
Seat 1: wakeup18 ($138.94 in chips)
Seat 2: minigus575 ($260.44 in chips)
wakeup18: posts small blind $1
minigus575: posts big blind $3
*** HOLE CARDS ***
wakeup18: calls $2
minigus575: checks
*** FLOP *** [Jd Tc 9h]
minigus575: checks
wakeup18: bets $3
minigus575: calls $3
*** TURN *** [Jd Tc 9h] [3c]
minigus575: checks
wakeup18: bets $6
minigus575: calls $6
*** RIVER *** [Jd Tc 9h 3c] [Th]
minigus575: checks
wakeup18: bets $6
minigus575: calls $6
*** SHOW DOWN ***
wakeup18: shows [Jc 8s] (two pair, Jacks and Tens)
minigus575: mucks hand
wakeup18 collected $35.50 from pot
*** SUMMARY ***
Total pot $36 | Rake $0.50
Board [Jd Tc 9h 3c Th]
Seat 1: wakeup18 (button) (small blind) showed [Jc 8s] and won ($35.50) with two pair, Jacks and Tens
Seat 2: minigus575 (big blind) mucked


PokerStars Hand #145570391679:  Hold'em Limit ($3/$6 USD) - 2015/12/19 4:25:43 ET
Table 'Villigera' 2-max Seat #2 is the button
Seat 1: wakeup18 ($176.60 in chips)
Seat 2: minigus575 ($221.44 in chips)
minigus575: posts small blind $1
wakeup18: posts big blind $3
*** HOLE CARDS ***
minigus575: raises $3 to $6
wakeup18: calls $3
*** FLOP *** [3d 8c 5d]
wakeup18: checks
minigus575: bets $3
wakeup18: calls $3
*** TURN *** [3d 8c 5d] [Ah]
wakeup18: checks
minigus575: bets $6
wakeup18: calls $6
*** RIVER *** [3d 8c 5d Ah] [2d]
wakeup18: checks
minigus575: checks
*** SHOW DOWN ***
wakeup18: shows [6s Kd] (high card Ace)
minigus575: mucks hand
wakeup18 collected $29.50 from pot
*** SUMMARY ***
Total pot $30 | Rake $0.50
Board [3d 8c 5d Ah 2d]
Seat 1: wakeup18 (big blind) showed [6s Kd] and won ($29.50) with high card Ace
Seat 2: minigus575 (button) (small blind) mucked


PokerStars Hand #145570385695:  Hold'em Limit ($3/$6 USD) - 2015/12/19 4:25:29 ET
Table 'Villigera' 2-max Seat #1 is the button
Seat 1: wakeup18 ($167.96 in chips)
Seat 2: minigus575 ($230.44 in chips)
wakeup18: posts small blind $1
minigus575: posts big blind $3
*** HOLE CARDS ***
wakeup18: calls $2
minigus575: raises $3 to $6
wakeup18: calls $3
*** FLOP *** [Js 4s 3c]
minigus575: bets $3
wakeup18: calls $3
*** TURN *** [Js 4s 3c] [6c]
minigus575: checks
wakeup18: bets $6
minigus575: folds
Uncalled bet ($6) returned to wakeup18
wakeup18 collected $17.64 from pot
wakeup18: doesn't show hand
*** SUMMARY ***
Total pot $18 | Rake $0.36
Board [Js 4s 3c 6c]
Seat 1: wakeup18 (button) (small blind) collected ($17.64)
Seat 2: minigus575 (big blind) folded on the Turn


PokerStars Hand #145570412234:  Hold'em Limit ($3/$6 USD) - 2015/12/19 4:26:30 ET
Table 'Villigera' 2-max Seat #1 is the button
Seat 1: wakeup18 ($205.60 in chips)
Seat 2: minigus575 ($190.94 in chips)
wakeup18: posts small blind $1
minigus575: posts big blind $3
*** HOLE CARDS ***
wakeup18: calls $2
minigus575: checks
*** FLOP *** [5d 7h 7s]
minigus575: checks
wakeup18: bets $3
minigus575: calls $3
*** TURN *** [5d 7h 7s] [9s]
minigus575: checks
wakeup18: checks
*** RIVER *** [5d 7h 7s 9s] [7d]
minigus575: checks
wakeup18: bets $6
minigus575: folds
Uncalled bet ($6) returned to wakeup18
wakeup18 collected $11.76 from pot
wakeup18: doesn't show hand
*** SUMMARY ***
Total pot $12 | Rake $0.24
Board [5d 7h 7s 9s 7d]
Seat 1: wakeup18 (button) (small blind) collected ($11.76)
Seat 2: minigus575 (big blind) folded on the River


PokerStars Hand #145570418952:  Hold'em Limit ($3/$6 USD) - 2015/12/19 4:26:46 ET
Table 'Villigera' 2-max Seat #2 is the button
Seat 1: wakeup18 ($211.36 in chips)
Seat 2: minigus575 ($184.94 in chips)
minigus575: posts small blind $1
wakeup18: posts big blind $3
*** HOLE CARDS ***
minigus575: raises $3 to $6
wakeup18: calls $3
*** FLOP *** [Jd 5d Jc]
wakeup18: checks
minigus575: bets $3
wakeup18: raises $3 to $6
minigus575: calls $3
*** TURN *** [Jd 5d Jc] [4s]
wakeup18: bets $6
minigus575: folds
Uncalled bet ($6) returned to wakeup18
wakeup18 collected $23.52 from pot
wakeup18: doesn't show hand
*** SUMMARY ***
Total pot $24 | Rake $0.48
Board [Jd 5d Jc 4s]
Seat 1: wakeup18 (big blind) collected ($23.52)
Seat 2: minigus575 (button) (small blind) folded on the Turn


PokerStars Hand #145570431181:  Hold'em Limit ($3/$6 USD) - 2015/12/19 4:27:14 ET
Table 'Villigera' 2-max Seat #2 is the button
Seat 1: wakeup18 ($201.88 in chips)
Seat 2: minigus575 ($193.44 in chips)
minigus575: posts small blind $1
wakeup18: posts big blind $3
*** HOLE CARDS ***
minigus575: folds
Uncalled bet ($2) returned to wakeup18
wakeup18 collected $2 from pot
wakeup18: doesn't show hand
*** SUMMARY ***
Total pot $2 | Rake $0
Seat 1: wakeup18 (big blind) collected ($2)
Seat 2: minigus575 (button) (small blind) folded before Flop


PokerStars Hand #145570424551:  Hold'em Limit ($3/$6 USD) - 2015/12/19 4:26:59 ET
Table 'Villigera' 2-max Seat #1 is the button
Seat 1: wakeup18 ($222.88 in chips)
Seat 2: minigus575 ($172.94 in chips)
wakeup18: posts small blind $1
minigus575: posts big blind $3
*** HOLE CARDS ***
wakeup18: raises $3 to $6
minigus575: calls $3
*** FLOP *** [Jc 6d 3c]
minigus575: checks
wakeup18: bets $3
minigus575: calls $3
*** TURN *** [Jc 6d 3c] [Th]
minigus575: bets $6
wakeup18: calls $6
*** RIVER *** [Jc 6d 3c Th] [4d]
minigus575: bets $6
wakeup18: calls $6
*** SHOW DOWN ***
minigus575: shows [9c Ts] (a pair of Tens)
wakeup18: mucks hand
minigus575 collected $41.50 from pot
*** SUMMARY ***
Total pot $42 | Rake $0.50
Board [Jc 6d 3c Th 4d]
Seat 1: wakeup18 (button) (small blind) mucked
Seat 2: minigus575 (big blind) showed [9c Ts] and won ($41.50) with a pair of Tens


PokerStars Hand #145570433188:  Hold'em Limit ($3/$6 USD) - 2015/12/19 4:27:19 ET
Table 'Villigera' 2-max Seat #1 is the button
Seat 1: wakeup18 ($202.88 in chips)
Seat 2: minigus575 ($192.44 in chips)
wakeup18: posts small blind $1
minigus575: posts big blind $3
*** HOLE CARDS ***
wakeup18: calls $2
minigus575: checks
*** FLOP *** [2d 4s 5s]
minigus575: checks
wakeup18: bets $3
minigus575: calls $3
*** TURN *** [2d 4s 5s] [Td]
minigus575: checks
wakeup18: checks
*** RIVER *** [2d 4s 5s Td] [5c]
minigus575: bets $6
wakeup18: folds
Uncalled bet ($6) returned to minigus575
minigus575 collected $11.76 from pot
minigus575: doesn't show hand
*** SUMMARY ***
Total pot $12 | Rake $0.24
Board [2d 4s 5s Td 5c]
Seat 1: wakeup18 (button) (small blind) folded on the River
Seat 2: minigus575 (big blind) collected ($11.76)


PokerStars Hand #145570461313:  Hold'em Limit ($3/$6 USD) - 2015/12/19 4:28:24 ET
Table 'Villigera' 2-max Seat #1 is the button
Seat 1: wakeup18 ($238.88 in chips)
Seat 2: minigus575 ($154.96 in chips)
wakeup18: posts small blind $1
minigus575: posts big blind $3
*** HOLE CARDS ***
wakeup18: raises $3 to $6
minigus575: raises $3 to $9
wakeup18: calls $3
*** FLOP *** [Kd 3c 3h]
minigus575: bets $3
wakeup18: calls $3
*** TURN *** [Kd 3c 3h] [6d]
minigus575: bets $6
wakeup18: calls $6
*** RIVER *** [Kd 3c 3h 6d] [2d]
minigus575: checks
wakeup18: bets $6
minigus575: folds
Uncalled bet ($6) returned to wakeup18
wakeup18 collected $35.50 from pot
wakeup18: doesn't show hand
*** SUMMARY ***
Total pot $36 | Rake $0.50
Board [Kd 3c 3h 6d 2d]
Seat 1: wakeup18 (button) (small blind) collected ($35.50)
Seat 2: minigus575 (big blind) folded on the River


PokerStars Hand #145570457477:  Hold'em Limit ($3/$6 USD) - 2015/12/19 4:28:15 ET
Table 'Villigera' 2-max Seat #2 is the button
Seat 1: wakeup18 ($244.88 in chips)
Seat 2: minigus575 ($149.20 in chips)
minigus575: posts small blind $1
wakeup18: posts big blind $3
*** HOLE CARDS ***
minigus575: raises $3 to $6
wakeup18: calls $3
*** FLOP *** [Th 4d Qd]
wakeup18: checks
minigus575: bets $3
wakeup18: folds
Uncalled bet ($3) returned to minigus575
minigus575 collected $11.76 from pot
minigus575: doesn't show hand
*** SUMMARY ***
Total pot $12 | Rake $0.24
Board [Th 4d Qd]
Seat 1: wakeup18 (big blind) folded on the Flop
Seat 2: minigus575 (button) (small blind) collected ($11.76)


PokerStars Hand #145570472486:  Hold'em Limit ($3/$6 USD) - 2015/12/19 4:28:50 ET
Table 'Villigera' 2-max Seat #1 is the button
Seat 1: wakeup18 ($265.02 in chips)
Seat 2: minigus575 ($127.96 in chips)
wakeup18: posts small blind $1
minigus575: posts big blind $3
*** HOLE CARDS ***
wakeup18: raises $3 to $6
minigus575: calls $3
*** FLOP *** [9d Kd 4h]
minigus575: checks
wakeup18: bets $3
minigus575: folds
Uncalled bet ($3) returned to wakeup18
wakeup18 collected $11.76 from pot
wakeup18: doesn't show hand
*** SUMMARY ***
Total pot $12 | Rake $0.24
Board [9d Kd 4h]
Seat 1: wakeup18 (button) (small blind) collected ($11.76)
Seat 2: minigus575 (big blind) folded on the Flop


PokerStars Hand #145570467922:  Hold'em Limit ($3/$6 USD) - 2015/12/19 4:28:39 ET
Table 'Villigera' 2-max Seat #2 is the button
Seat 1: wakeup18 ($256.38 in chips)
Seat 2: minigus575 ($136.96 in chips)
minigus575: posts small blind $1
wakeup18: posts big blind $3
*** HOLE CARDS ***
minigus575: raises $3 to $6
wakeup18: calls $3
*** FLOP *** [Tc Qd 5s]
wakeup18: checks
minigus575: bets $3
wakeup18: raises $3 to $6
minigus575: folds
Uncalled bet ($3) returned to wakeup18
wakeup18 collected $17.64 from pot
wakeup18: doesn't show hand
*** SUMMARY ***
Total pot $18 | Rake $0.36
Board [Tc Qd 5s]
Seat 1: wakeup18 (big blind) collected ($17.64)
Seat 2: minigus575 (button) (small blind) folded on the Flop


PokerStars Hand #145570476248:  Hold'em Limit ($3/$6 USD) - 2015/12/19 4:28:58 ET
Table 'Villigera' 2-max Seat #2 is the button
Seat 1: wakeup18 ($270.78 in chips)
Seat 2: minigus575 ($121.96 in chips)
minigus575: posts small blind $1
wakeup18: posts big blind $3
*** HOLE CARDS ***
minigus575: raises $3 to $6
wakeup18: calls $3
*** FLOP *** [8s 5h 3s]
wakeup18: checks
minigus575: bets $3
wakeup18: folds
Uncalled bet ($3) returned to minigus575
minigus575 collected $11.76 from pot
minigus575: doesn't show hand
*** SUMMARY ***
Total pot $12 | Rake $0.24
Board [8s 5h 3s]
Seat 1: wakeup18 (big blind) folded on the Flop
Seat 2: minigus575 (button) (small blind) collected ($11.76)


PokerStars Hand #145570488083:  Hold'em Limit ($3/$6 USD) - 2015/12/19 4:29:26 ET
Table 'Villigera' 2-max Seat #2 is the button
Seat 1: wakeup18 ($273.42 in chips)
Seat 2: minigus575 ($118.72 in chips)
minigus575: posts small blind $1
wakeup18: posts big blind $3
*** HOLE CARDS ***
minigus575: raises $3 to $6
wakeup18: calls $3
*** FLOP *** [Qh 5s 6s]
wakeup18: checks
minigus575: checks
*** TURN *** [Qh 5s 6s] [2d]
wakeup18: bets $6
minigus575: calls $6
*** RIVER *** [Qh 5s 6s 2d] [Th]
wakeup18: bets $6
minigus575: calls $6
*** SHOW DOWN ***
wakeup18: shows [7s Qd] (a pair of Queens)
minigus575: mucks hand
wakeup18 collected $35.50 from pot
*** SUMMARY ***
Total pot $36 | Rake $0.50
Board [Qh 5s 6s 2d Th]
Seat 1: wakeup18 (big blind) showed [7s Qd] and won ($35.50) with a pair of Queens
Seat 2: minigus575 (button) (small blind) mucked


PokerStars Hand #145570526257:  Hold'em Limit ($3/$6 USD) - 2015/12/19 4:30:54 ET
Table 'Villigera' 2-max Seat #1 is the button
Seat 1: wakeup18 ($289.82 in chips)
Seat 2: minigus575 ($99.72 in chips)
wakeup18: posts small blind $1
minigus575: posts big blind $3
*** HOLE CARDS ***
wakeup18: raises $3 to $6
minigus575: folds
Uncalled bet ($3) returned to wakeup18
wakeup18 collected $6 from pot
wakeup18: doesn't show hand
*** SUMMARY ***
Total pot $6 | Rake $0
Seat 1: wakeup18 (button) (small blind) collected ($6)
Seat 2: minigus575 (big blind) folded before Flop


PokerStars Hand #145570520211:  Hold'em Limit ($3/$6 USD) - 2015/12/19 4:30:40 ET
Table 'Villigera' 2-max Seat #2 is the button
Seat 1: wakeup18 ($281.18 in chips)
Seat 2: minigus575 ($108.72 in chips)
minigus575: posts small blind $1
wakeup18: posts big blind $3
*** HOLE CARDS ***
minigus575: raises $3 to $6
wakeup18: calls $3
*** FLOP *** [Jc Qh 2d]
wakeup18: checks
minigus575: bets $3
wakeup18: calls $3
*** TURN *** [Jc Qh 2d] [6h]
wakeup18: checks
minigus575: checks
*** RIVER *** [Jc Qh 2d 6h] [6s]
wakeup18: bets $6
minigus575: folds
Uncalled bet ($6) returned to wakeup18
wakeup18 collected $17.64 from pot
wakeup18: doesn't show hand
*** SUMMARY ***
Total pot $18 | Rake $0.36
Board [Jc Qh 2d 6h 6s]
Seat 1: wakeup18 (big blind) collected ($17.64)
Seat 2: minigus575 (button) (small blind) folded on the River


PokerStars Hand #145570515600:  Hold'em Limit ($3/$6 USD) - 2015/12/19 4:30:29 ET
Table 'Villigera' 2-max Seat #1 is the button
Seat 1: wakeup18 ($275.42 in chips)
Seat 2: minigus575 ($114.72 in chips)
wakeup18: posts small blind $1
minigus575: posts big blind $3
*** HOLE CARDS ***
wakeup18: raises $3 to $6
minigus575: calls $3
*** FLOP *** [Kd 2h 2c]
minigus575: checks
wakeup18: bets $3
minigus575: folds
Uncalled bet ($3) returned to wakeup18
wakeup18 collected $11.76 from pot
wakeup18: doesn't show hand
*** SUMMARY ***
Total pot $12 | Rake $0.24
Board [Kd 2h 2c]
Seat 1: wakeup18 (button) (small blind) collected ($11.76)
Seat 2: minigus575 (big blind) folded on the Flop


PokerStars Hand #145570500203:  Hold'em Limit ($3/$6 USD) - 2015/12/19 4:29:54 ET
Table 'Villigera' 2-max Seat #2 is the button
Seat 1: wakeup18 ($314.42 in chips)
Seat 2: minigus575 ($76.72 in chips)
minigus575: posts small blind $1
wakeup18: posts big blind $3
*** HOLE CARDS ***
minigus575: raises $3 to $6
wakeup18: raises $3 to $9
minigus575: calls $3
*** FLOP *** [5s Ts Jc]
wakeup18: bets $3
minigus575: calls $3
*** TURN *** [5s Ts Jc] [Kc]
wakeup18: checks
minigus575: bets $6
wakeup18: calls $6
*** RIVER *** [5s Ts Jc Kc] [7s]
wakeup18: checks
minigus575: bets $6
wakeup18: folds
Uncalled bet ($6) returned to minigus575
minigus575 collected $35.50 from pot
minigus575: doesn't show hand
*** SUMMARY ***
Total pot $36 | Rake $0.50
Board [5s Ts Jc Kc 7s]
Seat 1: wakeup18 (big blind) folded on the River
Seat 2: minigus575 (button) (small blind) collected ($35.50)


PokerStars Hand #145570513399:  Hold'em Limit ($3/$6 USD) - 2015/12/19 4:30:24 ET
Table 'Villigera' 2-max Seat #2 is the button
Seat 1: wakeup18 ($278.42 in chips)
Seat 2: minigus575 ($111.72 in chips)
minigus575: posts small blind $1
wakeup18: posts big blind $3
*** HOLE CARDS ***
minigus575: raises $3 to $6
wakeup18: folds
Uncalled bet ($3) returned to minigus575
minigus575 collected $6 from pot
minigus575: doesn't show hand
*** SUMMARY ***
Total pot $6 | Rake $0
Seat 1: wakeup18 (big blind) folded before Flop
Seat 2: minigus575 (button) (small blind) collected ($6)


PokerStars Hand #145570507191:  Hold'em Limit ($3/$6 USD) - 2015/12/19 4:30:10 ET
Table 'Villigera' 2-max Seat #1 is the button
Seat 1: wakeup18 ($296.42 in chips)
Seat 2: minigus575 ($94.22 in chips)
wakeup18: posts small blind $1
minigus575: posts big blind $3
*** HOLE CARDS ***
wakeup18: calls $2
minigus575: checks
*** FLOP *** [Js Ah 8s]
minigus575: bets $3
wakeup18: calls $3
*** TURN *** [Js Ah 8s] [Qs]
minigus575: bets $6
wakeup18: calls $6
*** RIVER *** [Js Ah 8s Qs] [9d]
minigus575: bets $6
wakeup18: calls $6
*** SHOW DOWN ***
minigus575: shows [Qd 4s] (a pair of Queens)
wakeup18: mucks hand
minigus575 collected $35.50 from pot
*** SUMMARY ***
Total pot $36 | Rake $0.50
Board [Js Ah 8s Qs 9d]
Seat 1: wakeup18 (button) (small blind) mucked
Seat 2: minigus575 (big blind) showed [Qd 4s] and won ($35.50) with a pair of Queens


PokerStars Hand #145570548567:  Hold'em Limit ($3/$6 USD) - 2015/12/19 4:31:46 ET
Table 'Villigera' 2-max Seat #2 is the button
Seat 1: wakeup18 ($302.84 in chips)
Seat 2: minigus575 ($85.22 in chips)
minigus575: posts small blind $1
wakeup18: posts big blind $3
*** HOLE CARDS ***
minigus575: raises $3 to $6
wakeup18: calls $3
*** FLOP *** [7h 2d 9c]
wakeup18: checks
minigus575: checks
*** TURN *** [7h 2d 9c] [Qc]
wakeup18: checks
minigus575: checks
*** RIVER *** [7h 2d 9c Qc] [Th]
wakeup18: checks
minigus575: checks
*** SHOW DOWN ***
wakeup18: shows [2h 3c] (a pair of Deuces)
minigus575: mucks hand
wakeup18 collected $11.76 from pot
*** SUMMARY ***
Total pot $12 | Rake $0.24
Board [7h 2d 9c Qc Th]
Seat 1: wakeup18 (big blind) showed [2h 3c] and won ($11.76) with a pair of Deuces
Seat 2: minigus575 (button) (small blind) mucked


PokerStars Hand #145570539961:  Hold'em Limit ($3/$6 USD) - 2015/12/19 4:31:26 ET
Table 'Villigera' 2-max Seat #2 is the button
Seat 1: wakeup18 ($327.84 in chips)
Seat 2: minigus575 ($60.72 in chips)
minigus575: posts small blind $1
wakeup18: posts big blind $3
*** HOLE CARDS ***
minigus575: raises $3 to $6
wakeup18: raises $3 to $9
minigus575: calls $3
*** FLOP *** [Kd Jd Ac]
wakeup18: bets $3
minigus575: calls $3
*** TURN *** [Kd Jd Ac] [7h]
wakeup18: bets $6
minigus575: calls $6
*** RIVER *** [Kd Jd Ac 7h] [6s]
wakeup18: checks
minigus575: bets $6
wakeup18: calls $6
*** SHOW DOWN ***
minigus575: shows [2c Kh] (a pair of Kings)
wakeup18: mucks hand
minigus575 collected $47.50 from pot
*** SUMMARY ***
Total pot $48 | Rake $0.50
Board [Kd Jd Ac 7h 6s]
Seat 1: wakeup18 (big blind) mucked
Seat 2: minigus575 (button) (small blind) showed [2c Kh] and won ($47.50) with a pair of Kings


PokerStars Hand #145570533430:  Hold'em Limit ($3/$6 USD) - 2015/12/19 4:31:11 ET
Table 'Villigera' 2-max Seat #1 is the button
Seat 1: wakeup18 ($304.34 in chips)
Seat 2: minigus575 ($84.72 in chips)
wakeup18: posts small blind $1
minigus575: posts big blind $3
*** HOLE CARDS ***
wakeup18: raises $3 to $6
minigus575: calls $3
*** FLOP *** [5d Qd 3c]
minigus575: checks
wakeup18: bets $3
minigus575: raises $3 to $6
wakeup18: calls $3
*** TURN *** [5d Qd 3c] [8c]
minigus575: bets $6
wakeup18: calls $6
*** RIVER *** [5d Qd 3c 8c] [9s]
minigus575: bets $6
wakeup18: calls $6
*** SHOW DOWN ***
minigus575: shows [3d 2d] (a pair of Threes)
wakeup18: shows [6c Qh] (a pair of Queens)
wakeup18 collected $47.50 from pot
*** SUMMARY ***
Total pot $48 | Rake $0.50
Board [5d Qd 3c 8c 9s]
Seat 1: wakeup18 (button) (small blind) showed [6c Qh] and won ($47.50) with a pair of Queens
Seat 2: minigus575 (big blind) showed [3d 2d] and lost with a pair of Threes


PokerStars Hand #145570528625:  Hold'em Limit ($3/$6 USD) - 2015/12/19 4:30:59 ET
Table 'Villigera' 2-max Seat #2 is the button
Seat 1: wakeup18 ($292.82 in chips)
Seat 2: minigus575 ($96.72 in chips)
minigus575: posts small blind $1
wakeup18: posts big blind $3
*** HOLE CARDS ***
minigus575: raises $3 to $6
wakeup18: raises $3 to $9
minigus575: calls $3
*** FLOP *** [8d Jd 9h]
wakeup18: bets $3
minigus575: calls $3
*** TURN *** [8d Jd 9h] [Ad]
wakeup18: bets $6
minigus575: folds
Uncalled bet ($6) returned to wakeup18
wakeup18 collected $23.52 from pot
wakeup18: doesn't show hand
*** SUMMARY ***
Total pot $24 | Rake $0.48
Board [8d Jd 9h Ad]
Seat 1: wakeup18 (big blind) collected ($23.52)
Seat 2: minigus575 (button) (small blind) folded on the Turn


PokerStars Hand #145570569657:  Hold'em Limit ($3/$6 USD) - 2015/12/19 4:32:35 ET
Table 'Villigera' 2-max Seat #2 is the button
Seat 1: wakeup18 ($337.86 in chips)
Seat 2: minigus575 ($48.98 in chips)
minigus575: posts small blind $1
wakeup18: posts big blind $3
*** HOLE CARDS ***
minigus575: raises $3 to $6
wakeup18: calls $3
*** FLOP *** [Qs 9c 3h]
wakeup18: checks
minigus575: bets $3
wakeup18: calls $3
*** TURN *** [Qs 9c 3h] [3s]
wakeup18: checks
minigus575: checks
*** RIVER *** [Qs 9c 3h 3s] [5s]
wakeup18: bets $6
minigus575: calls $6
*** SHOW DOWN ***
wakeup18: shows [Jd 9d] (two pair, Nines and Threes)
minigus575: mucks hand
wakeup18 collected $29.50 from pot
*** SUMMARY ***
Total pot $30 | Rake $0.50
Board [Qs 9c 3h 3s 5s]
Seat 1: wakeup18 (big blind) showed [Jd 9d] and won ($29.50) with two pair, Nines and Threes
Seat 2: minigus575 (button) (small blind) mucked


PokerStars Hand #145570565696:  Hold'em Limit ($3/$6 USD) - 2015/12/19 4:32:25 ET
Table 'Villigera' 2-max Seat #1 is the button
Seat 1: wakeup18 ($332.10 in chips)
Seat 2: minigus575 ($54.98 in chips)
wakeup18: posts small blind $1
minigus575: posts big blind $3
*** HOLE CARDS ***
wakeup18: raises $3 to $6
minigus575: calls $3
*** FLOP *** [Ac Qs 6d]
minigus575: checks
wakeup18: bets $3
minigus575: folds
Uncalled bet ($3) returned to wakeup18
wakeup18 collected $11.76 from pot
wakeup18: doesn't show hand
*** SUMMARY ***
Total pot $12 | Rake $0.24
Board [Ac Qs 6d]
Seat 1: wakeup18 (button) (small blind) collected ($11.76)
Seat 2: minigus575 (big blind) folded on the Flop


PokerStars Hand #145570575372:  Hold'em Limit ($3/$6 USD) - 2015/12/19 4:32:48 ET
Table 'Villigera' 2-max Seat #1 is the button
Seat 1: wakeup18 ($352.36 in chips)
Seat 2: minigus575 ($33.98 in chips)
wakeup18: posts small blind $1
minigus575: posts big blind $3
*** HOLE CARDS ***
wakeup18: raises $3 to $6
minigus575: calls $3
*** FLOP *** [2s 6d Qs]
minigus575: checks
wakeup18: bets $3
minigus575: calls $3
*** TURN *** [2s 6d Qs] [7h]
minigus575: checks
wakeup18: checks
*** RIVER *** [2s 6d Qs 7h] [Jd]
minigus575: bets $6
wakeup18: raises $6 to $12
minigus575: calls $6
*** SHOW DOWN ***
wakeup18: shows [8d Jc] (a pair of Jacks)
minigus575: shows [Qc 5s] (a pair of Queens)
minigus575 collected $41.50 from pot
*** SUMMARY ***
Total pot $42 | Rake $0.50
Board [2s 6d Qs 7h Jd]
Seat 1: wakeup18 (button) (small blind) showed [8d Jc] and lost with a pair of Jacks
Seat 2: minigus575 (big blind) showed [Qc 5s] and won ($41.50) with a pair of Queens


PokerStars Hand #145570594672:  Hold'em Limit ($3/$6 USD) - 2015/12/19 4:33:33 ET
Table 'Villigera' 2-max Seat #1 is the button
Seat 1: wakeup18 ($345.64 in chips)
Seat 2: minigus575 ($39.48 in chips)
wakeup18: posts small blind $1
minigus575: posts big blind $3
*** HOLE CARDS ***
wakeup18: raises $3 to $6
minigus575: calls $3
*** FLOP *** [7h Ks Qd]
minigus575: checks
wakeup18: bets $3
minigus575: folds
Uncalled bet ($3) returned to wakeup18
wakeup18 collected $11.76 from pot
wakeup18: doesn't show hand
*** SUMMARY ***
Total pot $12 | Rake $0.24
Board [7h Ks Qd]
Seat 1: wakeup18 (button) (small blind) collected ($11.76)
Seat 2: minigus575 (big blind) folded on the Flop


PokerStars Hand #145570611485:  Hold'em Limit ($3/$6 USD) - 2015/12/19 4:34:12 ET
Table 'Villigera' 2-max Seat #1 is the button
Seat 1: wakeup18 ($344.90 in chips)
Seat 2: minigus575 ($38.98 in chips)
wakeup18: posts small blind $1
minigus575: posts big blind $3
*** HOLE CARDS ***
wakeup18: raises $3 to $6
minigus575: calls $3
*** FLOP *** [Th 4s 8c]
minigus575: checks
wakeup18: checks
*** TURN *** [Th 4s 8c] [6h]
minigus575: bets $6
wakeup18: calls $6
*** RIVER *** [Th 4s 8c 6h] [4h]
minigus575: bets $6
wakeup18: calls $6
*** SHOW DOWN ***
minigus575: shows [4c Ad] (three of a kind, Fours)
wakeup18: mucks hand
minigus575 collected $35.50 from pot
*** SUMMARY ***
Total pot $36 | Rake $0.50
Board [Th 4s 8c 6h 4h]
Seat 1: wakeup18 (button) (small blind) mucked
Seat 2: minigus575 (big blind) showed [4c Ad] and won ($35.50) with three of a kind, Fours


PokerStars Hand #145570616579:  Hold'em Limit ($3/$6 USD) - 2015/12/19 4:34:24 ET
Table 'Villigera' 2-max Seat #2 is the button
Seat 1: wakeup18 ($326.90 in chips)
Seat 2: minigus575 ($56.48 in chips)
minigus575: posts small blind $1
wakeup18: posts big blind $3
*** HOLE CARDS ***
minigus575: raises $3 to $6
wakeup18: calls $3
*** FLOP *** [As 8s 9d]
wakeup18: checks
minigus575: bets $3
wakeup18: calls $3
*** TURN *** [As 8s 9d] [7c]
wakeup18: checks
minigus575: checks
*** RIVER *** [As 8s 9d 7c] [Js]
wakeup18: checks
minigus575: checks
*** SHOW DOWN ***
wakeup18: shows [6h 9h] (a pair of Nines)
minigus575: mucks hand
wakeup18 collected $17.64 from pot
*** SUMMARY ***
Total pot $18 | Rake $0.36
Board [As 8s 9d 7c Js]
Seat 1: wakeup18 (big blind) showed [6h 9h] and won ($17.64) with a pair of Nines
Seat 2: minigus575 (button) (small blind) mucked


PokerStars Hand #145570629024:  Hold'em Limit ($3/$6 USD) - 2015/12/19 4:34:53 ET
Table 'Villigera' 2-max Seat #2 is the button
Seat 1: wakeup18 ($314.54 in chips)
Seat 2: minigus575 ($67.98 in chips)
minigus575: posts small blind $1
wakeup18: posts big blind $3
*** HOLE CARDS ***
minigus575: raises $3 to $6
wakeup18: folds
Uncalled bet ($3) returned to minigus575
minigus575 collected $6 from pot
minigus575: doesn't show hand
*** SUMMARY ***
Total pot $6 | Rake $0
Seat 1: wakeup18 (big blind) folded before Flop
Seat 2: minigus575 (button) (small blind) collected ($6)


PokerStars Hand #145570622152:  Hold'em Limit ($3/$6 USD) - 2015/12/19 4:34:37 ET
Table 'Villigera' 2-max Seat #1 is the button
Seat 1: wakeup18 ($335.54 in chips)
Seat 2: minigus575 ($47.48 in chips)
wakeup18: posts small blind $1
minigus575: posts big blind $3
*** HOLE CARDS ***
wakeup18: raises $3 to $6
minigus575: calls $3
*** FLOP *** [5c 4c 3c]
minigus575: checks
wakeup18: bets $3
minigus575: calls $3
*** TURN *** [5c 4c 3c] [Kd]
minigus575: checks
wakeup18: bets $6
minigus575: calls $6
*** RIVER *** [5c 4c 3c Kd] [5s]
minigus575: checks
wakeup18: bets $6
minigus575: calls $6
*** SHOW DOWN ***
wakeup18: shows [8c 7h] (a pair of Fives)
minigus575: shows [Qd 4s] (two pair, Fives and Fours)
minigus575 collected $41.50 from pot
*** SUMMARY ***
Total pot $42 | Rake $0.50
Board [5c 4c 3c Kd 5s]
Seat 1: wakeup18 (button) (small blind) showed [8c 7h] and lost with a pair of Fives
Seat 2: minigus575 (big blind) showed [Qd 4s] and won ($41.50) with two pair, Fives and Fours


PokerStars Hand #145570605434:  Hold'em Limit ($3/$6 USD) - 2015/12/19 4:33:58 ET
Table 'Villigera' 2-max Seat #2 is the button
Seat 1: wakeup18 ($324.40 in chips)
Seat 2: minigus575 ($59.98 in chips)
minigus575: posts small blind $1
wakeup18: posts big blind $3
*** HOLE CARDS ***
minigus575: raises $3 to $6
wakeup18: calls $3
*** FLOP *** [5c 6c Ts]
wakeup18: checks
minigus575: bets $3
wakeup18: calls $3
*** TURN *** [5c 6c Ts] [8d]
wakeup18: checks
minigus575: bets $6
wakeup18: calls $6
*** RIVER *** [5c 6c Ts 8d] [Ac]
wakeup18: bets $6
minigus575: calls $6
*** SHOW DOWN ***
wakeup18: shows [Ad 3c] (a pair of Aces)
minigus575: mucks hand
wakeup18 collected $41.50 from pot
*** SUMMARY ***
Total pot $42 | Rake $0.50
Board [5c 6c Ts 8d Ac]
Seat 1: wakeup18 (big blind) showed [Ad 3c] and won ($41.50) with a pair of Aces
Seat 2: minigus575 (button) (small blind) mucked


PokerStars Hand #145570631275:  Hold'em Limit ($3/$6 USD) - 2015/12/19 4:34:58 ET
Table 'Villigera' 2-max Seat #1 is the button
Seat 1: wakeup18 ($311.54 in chips)
Seat 2: minigus575 ($70.98 in chips)
wakeup18: posts small blind $1
minigus575: posts big blind $3
*** HOLE CARDS ***
wakeup18: folds
Uncalled bet ($2) returned to minigus575
minigus575 collected $2 from pot
minigus575: doesn't show hand
*** SUMMARY ***
Total pot $2 | Rake $0
Seat 1: wakeup18 (button) (small blind) folded before Flop
Seat 2: minigus575 (big blind) collected ($2)


PokerStars Hand #145570639873:  Hold'em Limit ($3/$6 USD) - 2015/12/19 4:35:18 ET
Table 'Villigera' 2-max Seat #1 is the button
Seat 1: wakeup18 ($295.54 in chips)
Seat 2: minigus575 ($86.48 in chips)
wakeup18: posts small blind $1
minigus575: posts big blind $3
*** HOLE CARDS ***
wakeup18: raises $3 to $6
minigus575: calls $3
*** FLOP *** [9d 4h 4s]
minigus575: checks
wakeup18: bets $3
minigus575: calls $3
*** TURN *** [9d 4h 4s] [3h]
minigus575: checks
wakeup18: checks
*** RIVER *** [9d 4h 4s 3h] [4d]
minigus575: checks
wakeup18: checks
*** SHOW DOWN ***
minigus575: shows [Jh 8h] (three of a kind, Fours)
wakeup18: shows [5c Jd] (three of a kind, Fours)
minigus575 collected $8.82 from pot
wakeup18 collected $8.82 from pot
*** SUMMARY ***
Total pot $18 | Rake $0.36
Board [9d 4h 4s 3h 4d]
Seat 1: wakeup18 (button) (small blind) showed [5c Jd] and won ($8.82) with three of a kind, Fours
Seat 2: minigus575 (big blind) showed [Jh 8h] and won ($8.82) with three of a kind, Fours


PokerStars Hand #145570646484:  Hold'em Limit ($3/$6 USD) - 2015/12/19 4:35:33 ET
Table 'Villigera' 2-max Seat #2 is the button
Seat 1: wakeup18 ($295.36 in chips)
Seat 2: minigus575 ($86.30 in chips)
minigus575: posts small blind $1
wakeup18: posts big blind $3
*** HOLE CARDS ***
minigus575: raises $3 to $6
wakeup18: calls $3
*** FLOP *** [3c 2c 4s]
wakeup18: checks
minigus575: bets $3
wakeup18: calls $3
*** TURN *** [3c 2c 4s] [2s]
wakeup18: checks
minigus575: checks
*** RIVER *** [3c 2c 4s 2s] [4c]
wakeup18: checks
minigus575: checks
*** SHOW DOWN ***
wakeup18: shows [8h Tc] (two pair, Fours and Deuces)
minigus575: shows [Ts Qd] (two pair, Fours and Deuces - Queen kicker)
minigus575 collected $17.64 from pot
*** SUMMARY ***
Total pot $18 | Rake $0.36
Board [3c 2c 4s 2s 4c]
Seat 1: wakeup18 (big blind) showed [8h Tc] and lost with two pair, Fours and Deuces
Seat 2: minigus575 (button) (small blind) showed [Ts Qd] and won ($17.64) with two pair, Fours and Deuces


PokerStars Hand #145570633668:  Hold'em Limit ($3/$6 USD) - 2015/12/19 4:35:04 ET
Table 'Villigera' 2-max Seat #2 is the button
Seat 1: wakeup18 ($310.54 in chips)
Seat 2: minigus575 ($71.98 in chips)
minigus575: posts small blind $1
wakeup18: posts big blind $3
*** HOLE CARDS ***
minigus575: raises $3 to $6
wakeup18: calls $3
*** FLOP *** [Ad 3h Js]
wakeup18: checks
minigus575: bets $3
wakeup18: calls $3
*** TURN *** [Ad 3h Js] [Ac]
wakeup18: checks
minigus575: bets $6
wakeup18: calls $6
*** RIVER *** [Ad 3h Js Ac] [5d]
wakeup18: checks
minigus575: checks
*** SHOW DOWN ***
wakeup18: shows [Ts Qd] (a pair of Aces)
minigus575: shows [9c Kh] (a pair of Aces - King kicker)
minigus575 collected $29.50 from pot
*** SUMMARY ***
Total pot $30 | Rake $0.50
Board [Ad 3h Js Ac 5d]
Seat 1: wakeup18 (big blind) showed [Ts Qd] and lost with a pair of Aces
Seat 2: minigus575 (button) (small blind) showed [9c Kh] and won ($29.50) with a pair of Aces


PokerStars Hand #145570652280:  Hold'em Limit ($3/$6 USD) - 2015/12/19 4:35:47 ET
Table 'Villigera' 2-max Seat #1 is the button
Seat 1: wakeup18 ($286.36 in chips)
Seat 2: minigus575 ($94.94 in chips)
wakeup18: posts small blind $1
minigus575: posts big blind $3
*** HOLE CARDS ***
wakeup18: raises $3 to $6
minigus575: calls $3
*** FLOP *** [Ts 2s 8s]
minigus575: checks
wakeup18: bets $3
minigus575: calls $3
*** TURN *** [Ts 2s 8s] [9c]
minigus575: checks
wakeup18: checks
*** RIVER *** [Ts 2s 8s 9c] [4h]
minigus575: bets $6
wakeup18: folds
Uncalled bet ($6) returned to minigus575
minigus575 collected $17.64 from pot
minigus575: doesn't show hand
*** SUMMARY ***
Total pot $18 | Rake $0.36
Board [Ts 2s 8s 9c 4h]
Seat 1: wakeup18 (button) (small blind) folded on the River
Seat 2: minigus575 (big blind) collected ($17.64)


PokerStars Hand #145570663891:  Hold'em Limit ($3/$6 USD) - 2015/12/19 4:36:14 ET
Table 'Villigera' 2-max Seat #1 is the button
Seat 1: wakeup18 ($286 in chips)
Seat 2: minigus575 ($94.58 in chips)
wakeup18: posts small blind $1
minigus575: posts big blind $3
*** HOLE CARDS ***
wakeup18: raises $3 to $6
minigus575: calls $3
*** FLOP *** [Td 7h 8s]
minigus575: checks
wakeup18: bets $3
minigus575: calls $3
*** TURN *** [Td 7h 8s] [Tc]
minigus575: checks
wakeup18: checks
*** RIVER *** [Td 7h 8s Tc] [3s]
minigus575: bets $6
wakeup18: calls $6
*** SHOW DOWN ***
minigus575: shows [6h 9h] (a straight, Six to Ten)
wakeup18: mucks hand
minigus575 collected $29.50 from pot
*** SUMMARY ***
Total pot $30 | Rake $0.50
Board [Td 7h 8s Tc 3s]
Seat 1: wakeup18 (button) (small blind) mucked
Seat 2: minigus575 (big blind) showed [6h 9h] and won ($29.50) with a straight, Six to Ten


PokerStars Hand #145570670426:  Hold'em Limit ($3/$6 USD) - 2015/12/19 4:36:28 ET
Table 'Villigera' 2-max Seat #2 is the button
Seat 1: wakeup18 ($271 in chips)
Seat 2: minigus575 ($109.08 in chips)
minigus575: posts small blind $1
wakeup18: posts big blind $3
*** HOLE CARDS ***
minigus575: raises $3 to $6
wakeup18: calls $3
*** FLOP *** [Jh 2h 3c]
wakeup18: checks
minigus575: bets $3
wakeup18: raises $3 to $6
minigus575: calls $3
*** TURN *** [Jh 2h 3c] [8s]
wakeup18: bets $6
minigus575: folds
Uncalled bet ($6) returned to wakeup18
wakeup18 collected $23.52 from pot
wakeup18: doesn't show hand
*** SUMMARY ***
Total pot $24 | Rake $0.48
Board [Jh 2h 3c 8s]
Seat 1: wakeup18 (big blind) collected ($23.52)
Seat 2: minigus575 (button) (small blind) folded on the Turn


PokerStars Hand #145570658702:  Hold'em Limit ($3/$6 USD) - 2015/12/19 4:36:02 ET
Table 'Villigera' 2-max Seat #2 is the button
Seat 1: wakeup18 ($277.36 in chips)
Seat 2: minigus575 ($103.58 in chips)
minigus575: posts small blind $1
wakeup18: posts big blind $3
*** HOLE CARDS ***
minigus575: calls $2
wakeup18: raises $3 to $6
minigus575: calls $3
*** FLOP *** [Qs 6s Qh]
wakeup18: bets $3
minigus575: calls $3
*** TURN *** [Qs 6s Qh] [8s]
wakeup18: bets $6
minigus575: folds
Uncalled bet ($6) returned to wakeup18
wakeup18 collected $17.64 from pot
wakeup18: doesn't show hand
*** SUMMARY ***
Total pot $18 | Rake $0.36
Board [Qs 6s Qh 8s]
Seat 1: wakeup18 (big blind) collected ($17.64)
Seat 2: minigus575 (button) (small blind) folded on the Turn


