PokerStars Hand #147404432215:  Hold'em Limit ($3/$6 USD) - 2016/01/20 23:50:04 ET
Table 'Vinata' 6-max Seat #1 is the button
Seat 1: jiajia88 ($111.55 in chips)
Seat 4: BuzovaPro ($72 in chips)
jiajia88: posts small blind $1
BuzovaPro: posts big blind $3
*** HOLE CARDS ***
jiajia88: raises $3 to $6
BuzovaPro: calls $3
*** FLOP *** [7c 8s Qc]
BuzovaPro: checks
jiajia88: bets $3
BuzovaPro: folds
Uncalled bet ($3) returned to jiajia88
jiajia88 collected $11.76 from pot
*** SUMMARY ***
Total pot $12 | Rake $0.24
Board [7c 8s Qc]
Seat 1: jiajia88 (button) (small blind) collected ($11.76)
Seat 4: BuzovaPro (big blind) folded on the Flop


PokerStars Hand #147404426162:  Hold'em Limit ($3/$6 USD) - 2016/01/20 23:49:42 ET
Table 'Vinata' 6-max Seat #4 is the button
Seat 1: jiajia88 ($97.05 in chips)
Seat 4: BuzovaPro ($72 in chips)
BuzovaPro: posts small blind $1
jiajia88: posts big blind $3
*** HOLE CARDS ***
BuzovaPro: raises $3 to $6
jiajia88: calls $3
*** FLOP *** [Ac 7h 2h]
jiajia88: checks
BuzovaPro: bets $3
jiajia88: calls $3
*** TURN *** [Ac 7h 2h] [3d]
jiajia88: checks
BuzovaPro: checks
*** RIVER *** [Ac 7h 2h 3d] [As]
aade1ante joins the table at seat #2
jiajia88: checks
BuzovaPro: bets $6
jiajia88: calls $6
*** SHOW DOWN ***
BuzovaPro: shows [Tc 6d] (a pair of Aces)
jiajia88: shows [2c Td] (two pair, Aces and Deuces)
jiajia88 collected $29.50 from pot
*** SUMMARY ***
Total pot $30 | Rake $0.50
Board [Ac 7h 2h 3d As]
Seat 1: jiajia88 (big blind) showed [2c Td] and won ($29.50) with two pair, Aces and Deuces
Seat 4: BuzovaPro (button) (small blind) showed [Tc 6d] and lost with a pair of Aces


PokerStars Hand #147404420232:  Hold'em Limit ($3/$6 USD) - 2016/01/20 23:49:22 ET
Table 'Vinata' 6-max Seat #1 is the button
Seat 1: jiajia88 ($94.17 in chips)
Seat 4: BuzovaPro ($72 in chips)
jiajia88: posts small blind $1
BuzovaPro: posts big blind $3
*** HOLE CARDS ***
jiajia88: calls $2
BuzovaPro: checks
*** FLOP *** [Jd Ac 6h]
BuzovaPro: checks
jiajia88: checks
*** TURN *** [Jd Ac 6h] [9d]
BuzovaPro: checks
jiajia88: bets $6
BuzovaPro: folds
Uncalled bet ($6) returned to jiajia88
jiajia88 collected $5.88 from pot
*** SUMMARY ***
Total pot $6 | Rake $0.12
Board [Jd Ac 6h 9d]
Seat 1: jiajia88 (button) (small blind) collected ($5.88)
Seat 4: BuzovaPro (big blind) folded on the Turn


PokerStars Hand #147404445552:  Hold'em Limit ($3/$6 USD) - 2016/01/20 23:50:50 ET
Table 'Vinata' 6-max Seat #4 is the button
Seat 1: jiajia88 ($92.31 in chips)
Seat 4: BuzovaPro ($96.50 in chips)
BuzovaPro: posts small blind $1
olavike joins the table at seat #3
jiajia88: posts big blind $3
*** HOLE CARDS ***
BuzovaPro: raises $3 to $6
jiajia88: calls $3
*** FLOP *** [2s 3h Kd]
jiajia88: checks
BuzovaPro: checks
*** TURN *** [2s 3h Kd] [Ac]
jiajia88: bets $6
BuzovaPro: folds
Uncalled bet ($6) returned to jiajia88
jiajia88 collected $11.76 from pot
*** SUMMARY ***
Total pot $12 | Rake $0.24
Board [2s 3h Kd Ac]
Seat 1: jiajia88 (big blind) collected ($11.76)
Seat 4: BuzovaPro (button) (small blind) folded on the Turn


PokerStars Hand #147404443996:  Hold'em Limit ($3/$6 USD) - 2016/01/20 23:50:44 ET
Table 'Vinata' 6-max Seat #1 is the button
Seat 1: jiajia88 ($93.31 in chips)
Seat 4: BuzovaPro ($95.50 in chips)
jiajia88: posts small blind $1
BuzovaPro: posts big blind $3
*** HOLE CARDS ***
jiajia88: folds
Uncalled bet ($2) returned to BuzovaPro
BuzovaPro collected $2 from pot
BuzovaPro: doesn't show hand
*** SUMMARY ***
Total pot $2 | Rake $0
Seat 1: jiajia88 (button) (small blind) folded before Flop
Seat 4: BuzovaPro (big blind) collected ($2)


PokerStars Hand #147404437134:  Hold'em Limit ($3/$6 USD) - 2016/01/20 23:50:20 ET
Table 'Vinata' 6-max Seat #4 is the button
Seat 1: jiajia88 ($117.31 in chips)
Seat 4: BuzovaPro ($72 in chips)
BuzovaPro: posts small blind $1
jiajia88: posts big blind $3
*** HOLE CARDS ***
BuzovaPro: raises $3 to $6
jiajia88: raises $3 to $9
BuzovaPro: calls $3
*** FLOP *** [9s 4d Qh]
jiajia88: bets $3
BuzovaPro: calls $3
*** TURN *** [9s 4d Qh] [8c]
jiajia88: bets $6
BuzovaPro: calls $6
*** RIVER *** [9s 4d Qh 8c] [4s]
jiajia88: checks
BuzovaPro: bets $6
jiajia88: calls $6
*** SHOW DOWN ***
BuzovaPro: shows [9d 3d] (two pair, Nines and Fours)
jiajia88: mucks hand
BuzovaPro collected $47.50 from pot
*** SUMMARY ***
Total pot $48 | Rake $0.50
Board [9s 4d Qh 8c 4s]
Seat 1: jiajia88 (big blind) mucked
Seat 4: BuzovaPro (button) (small blind) showed [9d 3d] and won ($47.50) with two pair, Nines and Fours


