PokerStars Hand #172304828289:  Hold'em Limit ($3/$6 USD) - 2017/06/27 11:10:19 ET
Table 'Vinata' 10-max Seat #5 is the button
Seat 5: simper11 ($92 in chips)
Seat 10: MTails ($158.52 in chips)
simper11: posts small blind $1
MTails: posts big blind $3
*** HOLE CARDS ***
simper11: folds
Uncalled bet ($2) returned to MTails
MTails collected $2 from pot
MTails: doesn't show hand
*** SUMMARY ***
Total pot $2 | Rake $0
Seat 5: simper11 (button) (small blind) folded before Flop
Seat 10: MTails (big blind) collected ($2)


PokerStars Hand #172304819275:  Hold'em Limit ($3/$6 USD) - 2017/06/27 11:10:03 ET
Table 'Vinata' 10-max Seat #10 is the button
Seat 5: simper11 ($74.50 in chips)
Seat 10: MTails ($116.52 in chips)
MTails: posts small blind $1
simper11: posts big blind $3
*** HOLE CARDS ***
MTails: raises $3 to $6
simper11: calls $3
*** FLOP *** [2s Kd Kc]
simper11: checks
MTails: bets $3
simper11: raises $3 to $6
MTails: calls $3
*** TURN *** [2s Kd Kc] [Jh]
simper11: bets $6
MTails: calls $6
*** RIVER *** [2s Kd Kc Jh] [Ac]
simper11: bets $6
MTails: folds
Uncalled bet ($6) returned to simper11
simper11 collected $35.50 from pot
simper11: doesn't show hand
*** SUMMARY ***
Total pot $36 | Rake $0.50
Board [2s Kd Kc Jh Ac]
Seat 5: simper11 (big blind) collected ($35.50)
Seat 10: MTails (button) (small blind) folded on the River


PokerStars Hand #172304811925:  Hold'em Limit ($3/$6 USD) - 2017/06/27 11:09:50 ET
Table 'Vinata' 10-max Seat #5 is the button
Seat 5: simper11 ($86.50 in chips)
Seat 10: MTails ($105 in chips)
simper11: posts small blind $1
MTails: posts big blind $3
*** HOLE CARDS ***
simper11: raises $3 to $6
MTails: calls $3
*** FLOP *** [4c Tc 6s]
MTails: checks
simper11: checks
*** TURN *** [4c Tc 6s] [Qd]
MTails: bets $6
simper11: calls $6
*** RIVER *** [4c Tc 6s Qd] [9d]
MTails: bets $6
simper11: folds
Uncalled bet ($6) returned to MTails
MTails collected $23.52 from pot
*** SUMMARY ***
Total pot $24 | Rake $0.48
Board [4c Tc 6s Qd 9d]
Seat 5: simper11 (button) (small blind) folded on the River
Seat 10: MTails (big blind) collected ($23.52)


PokerStars Hand #172304794939:  Hold'em Limit ($3/$6 USD) - 2017/06/27 11:09:19 ET
Table 'Vinata' 10-max Seat #10 is the button
Seat 5: simper11 ($72 in chips)
Seat 10: MTails ($120 in chips)
MTails: posts small blind $1
simper11: posts big blind $3
*** HOLE CARDS ***
MTails: raises $3 to $6
simper11: calls $3
*** FLOP *** [9c 8s 5h]
simper11: checks
MTails: bets $3
simper11: calls $3
*** TURN *** [9c 8s 5h] [6s]
simper11: checks
MTails: bets $6
simper11: calls $6
*** RIVER *** [9c 8s 5h 6s] [Qc]
simper11: checks
MTails: checks
*** SHOW DOWN ***
simper11: shows [7d Qs] (a straight, Five to Nine)
MTails: mucks hand
simper11 collected $29.50 from pot
*** SUMMARY ***
Total pot $30 | Rake $0.50
Board [9c 8s 5h 6s Qc]
Seat 5: simper11 (big blind) showed [7d Qs] and won ($29.50) with a straight, Five to Nine
Seat 10: MTails (button) (small blind) mucked


PokerStars Hand #172304845560:  Hold'em Limit ($3/$6 USD) - 2017/06/27 11:10:49 ET
Table 'Vinata' 10-max Seat #5 is the button
Seat 5: simper11 ($82 in chips)
Seat 10: MTails ($168.16 in chips)
simper11: posts small blind $1
MTails: posts big blind $3
*** HOLE CARDS ***
simper11: raises $3 to $6
MTails: calls $3
*** FLOP *** [9s 6h 7d]
MTails: checks
simper11: checks
*** TURN *** [9s 6h 7d] [Jc]
fire852181 joins the table at seat #4
MTails: bets $6
simper11: folds
Uncalled bet ($6) returned to MTails
MTails collected $11.76 from pot
MTails: doesn't show hand
*** SUMMARY ***
Total pot $12 | Rake $0.24
Board [9s 6h 7d Jc]
Seat 5: simper11 (button) (small blind) folded on the Turn
Seat 10: MTails (big blind) collected ($11.76)


PokerStars Hand #172304830807:  Hold'em Limit ($3/$6 USD) - 2017/06/27 11:10:23 ET
Table 'Vinata' 10-max Seat #10 is the button
Seat 5: simper11 ($91 in chips)
Seat 10: MTails ($159.52 in chips)
MTails: posts small blind $1
simper11: posts big blind $3
*** HOLE CARDS ***
MTails: raises $3 to $6
simper11: calls $3
*** FLOP *** [5c 2c 2d]
simper11: checks
MTails: bets $3
simper11: calls $3
*** TURN *** [5c 2c 2d] [9c]
simper11: checks
MTails: bets $6
simper11: folds
Uncalled bet ($6) returned to MTails
MTails collected $17.64 from pot
*** SUMMARY ***
Total pot $18 | Rake $0.36
Board [5c 2c 2d 9c]
Seat 5: simper11 (big blind) folded on the Turn
Seat 10: MTails (button) (small blind) collected ($17.64)


PokerStars Hand #172305241277:  Hold'em Limit ($3/$6 USD) - 2017/06/27 11:22:26 ET
Table 'Vinata' 10-max Seat #10 is the button
Seat 6: B_loJkl ($179.75 in chips)
Seat 10: MTails ($197.80 in chips)
MTails: posts small blind $1
fire852181: is sitting out
B_loJkl: posts big blind $3
*** HOLE CARDS ***
MTails: raises $3 to $6
B_loJkl: folds
Uncalled bet ($3) returned to MTails
MTails collected $6 from pot
*** SUMMARY ***
Total pot $6 | Rake $0
Seat 6: B_loJkl (big blind) folded before Flop
Seat 10: MTails (button) (small blind) collected ($6)


