PokerStars Hand #148591436708:  Hold'em Limit ($3/$6 USD) - 2016/02/10 19:19:30 ET
Table 'Vincentina' 6-max Seat #6 is the button
Seat 1: Zubasa07 ($524.04 in chips)
Seat 6: OJODEALCON ($784.72 in chips)
OJODEALCON: posts small blind $1
Zubasa07: posts big blind $3
*** HOLE CARDS ***
OJODEALCON: calls $2
Zubasa07: raises $3 to $6
OJODEALCON: calls $3
*** FLOP *** [3d 6d 2s]
Zubasa07: bets $3
OJODEALCON: calls $3
*** TURN *** [3d 6d 2s] [4d]
Zubasa07: checks
OJODEALCON: checks
*** RIVER *** [3d 6d 2s 4d] [3s]
Zubasa07: checks
OJODEALCON: bets $6
Zubasa07: calls $6
*** SHOW DOWN ***
OJODEALCON: shows [9s 3c] (three of a kind, Threes)
Zubasa07: mucks hand
OJODEALCON collected $29.50 from pot
*** SUMMARY ***
Total pot $30 | Rake $0.50
Board [3d 6d 2s 4d 3s]
Seat 1: Zubasa07 (big blind) mucked
Seat 6: OJODEALCON (button) (small blind) showed [9s 3c] and won ($29.50) with three of a kind, Threes


PokerStars Hand #148591423048:  Hold'em Limit ($3/$6 USD) - 2016/02/10 19:19:11 ET
Table 'Vincentina' 6-max Seat #1 is the button
Seat 1: Zubasa07 ($512.52 in chips)
Seat 6: OJODEALCON ($796.72 in chips)
Zubasa07: posts small blind $1
OJODEALCON: posts big blind $3
*** HOLE CARDS ***
Zubasa07: raises $3 to $6
OJODEALCON: raises $3 to $9
Zubasa07: calls $3
*** FLOP *** [5c 5d Jh]
OJODEALCON: bets $3
Zubasa07: calls $3
*** TURN *** [5c 5d Jh] [Ks]
OJODEALCON: checks
Zubasa07: bets $6
OJODEALCON: folds
Uncalled bet ($6) returned to Zubasa07
Zubasa07 collected $23.52 from pot
Zubasa07: doesn't show hand
*** SUMMARY ***
Total pot $24 | Rake $0.48
Board [5c 5d Jh Ks]
Seat 1: Zubasa07 (button) (small blind) collected ($23.52)
Seat 6: OJODEALCON (big blind) folded on the Turn


PokerStars Hand #148591419337:  Hold'em Limit ($3/$6 USD) - 2016/02/10 19:19:05 ET
Table 'Vincentina' 6-max Seat #6 is the button
Seat 1: Zubasa07 ($511.52 in chips)
Seat 6: OJODEALCON ($797.72 in chips)
OJODEALCON: posts small blind $1
Zubasa07: posts big blind $3
*** HOLE CARDS ***
OJODEALCON: folds
Uncalled bet ($2) returned to Zubasa07
Zubasa07 collected $2 from pot
Zubasa07: doesn't show hand
*** SUMMARY ***
Total pot $2 | Rake $0
Seat 1: Zubasa07 (big blind) collected ($2)
Seat 6: OJODEALCON (button) (small blind) folded before Flop


PokerStars Hand #148591412428:  Hold'em Limit ($3/$6 USD) - 2016/02/10 19:18:55 ET
Table 'Vincentina' 6-max Seat #1 is the button
Seat 1: Zubasa07 ($505.76 in chips)
Seat 6: OJODEALCON ($803.72 in chips)
Zubasa07: posts small blind $1
OJODEALCON: posts big blind $3
*** HOLE CARDS ***
GoliafUa joins the table at seat #2
Zubasa07: raises $3 to $6
OJODEALCON: calls $3
*** FLOP *** [Kh 9c Jc]
OJODEALCON: checks
Zubasa07: bets $3
OJODEALCON: folds
Uncalled bet ($3) returned to Zubasa07
Zubasa07 collected $11.76 from pot
Zubasa07: doesn't show hand
*** SUMMARY ***
Total pot $12 | Rake $0.24
Board [Kh 9c Jc]
Seat 1: Zubasa07 (button) (small blind) collected ($11.76)
Seat 6: OJODEALCON (big blind) folded on the Flop


PokerStars Hand #148591448495:  Hold'em Limit ($3/$6 USD) - 2016/02/10 19:19:47 ET
Table 'Vincentina' 6-max Seat #1 is the button
Seat 1: Zubasa07 ($509.04 in chips)
Seat 6: OJODEALCON ($799.22 in chips)
Zubasa07: posts small blind $1
OJODEALCON: posts big blind $3
*** HOLE CARDS ***
Zubasa07: raises $3 to $6
OJODEALCON: raises $3 to $9
Zubasa07: calls $3
*** FLOP *** [9c 3s Jc]
OJODEALCON: checks
Zubasa07: checks
*** TURN *** [9c 3s Jc] [8s]
OJODEALCON: bets $6
Zubasa07: calls $6
*** RIVER *** [9c 3s Jc 8s] [7c]
OJODEALCON: checks
Zubasa07: checks
*** SHOW DOWN ***
OJODEALCON: shows [2d 2c] (a pair of Deuces)
Zubasa07: shows [8d Kh] (a pair of Eights)
Zubasa07 collected $29.50 from pot
*** SUMMARY ***
Total pot $30 | Rake $0.50
Board [9c 3s Jc 8s 7c]
Seat 1: Zubasa07 (button) (small blind) showed [8d Kh] and won ($29.50) with a pair of Eights
Seat 6: OJODEALCON (big blind) showed [2d 2c] and lost with a pair of Deuces


PokerStars Hand #148591459998:  Hold'em Limit ($3/$6 USD) - 2016/02/10 19:20:03 ET
Table 'Vincentina' 6-max Seat #6 is the button
Seat 1: Zubasa07 ($523.54 in chips)
Seat 6: OJODEALCON ($784.22 in chips)
OJODEALCON: posts small blind $1
Zubasa07: posts big blind $3
*** HOLE CARDS ***
OJODEALCON: raises $3 to $6
Zubasa07: calls $3
*** FLOP *** [Ad 6d 5h]
Zubasa07: checks
OJODEALCON: bets $3
Zubasa07: folds
Uncalled bet ($3) returned to OJODEALCON
OJODEALCON collected $11.76 from pot
OJODEALCON: doesn't show hand
*** SUMMARY ***
Total pot $12 | Rake $0.24
Board [Ad 6d 5h]
Seat 1: Zubasa07 (big blind) folded on the Flop
Seat 6: OJODEALCON (button) (small blind) collected ($11.76)


PokerStars Hand #148591472105:  Hold'em Limit ($3/$6 USD) - 2016/02/10 19:20:21 ET
Table 'Vincentina' 6-max Seat #1 is the button
Seat 1: Zubasa07 ($517.54 in chips)
Seat 6: OJODEALCON ($789.98 in chips)
Zubasa07: posts small blind $1
OJODEALCON: posts big blind $3
*** HOLE CARDS ***
Shara.Vi joins the table at seat #4
Zubasa07: raises $3 to $6
OJODEALCON: calls $3
*** FLOP *** [Ts Td 9c]
OJODEALCON: checks
Zubasa07: bets $3
OJODEALCON: folds
Uncalled bet ($3) returned to Zubasa07
Zubasa07 collected $11.76 from pot
Zubasa07: doesn't show hand
*** SUMMARY ***
Total pot $12 | Rake $0.24
Board [Ts Td 9c]
Seat 1: Zubasa07 (button) (small blind) collected ($11.76)
Seat 6: OJODEALCON (big blind) folded on the Flop


PokerStars Hand #148591561818:  Hold'em Limit ($3/$6 USD) - 2016/02/10 19:22:32 ET
Table 'Vincentina' 6-max Seat #4 is the button
Seat 1: Zubasa07 ($530.41 in chips)
Seat 4: Shara.Vi ($26.42 in chips)
Shara.Vi: posts small blind $1
Zubasa07: posts big blind $3
*** HOLE CARDS ***
Shara.Vi: raises $3 to $6
Zubasa07: calls $3
*** FLOP *** [6h 5d Kd]
Zubasa07: checks
thekiing80 joins the table at seat #2
Shara.Vi: checks
*** TURN *** [6h 5d Kd] [Ad]
Zubasa07: checks
Shara.Vi: bets $6
Zubasa07: folds
Uncalled bet ($6) returned to Shara.Vi
Shara.Vi collected $11.76 from pot
*** SUMMARY ***
Total pot $12 | Rake $0.24
Board [6h 5d Kd Ad]
Seat 1: Zubasa07 (big blind) folded on the Turn
Seat 4: Shara.Vi (button) (small blind) collected ($11.76)


PokerStars Hand #148591794421:  Hold'em Limit ($3/$6 USD) - 2016/02/10 19:28:17 ET
Table 'Vincentina' 6-max Seat #3 is the button
Seat 3: wobetting ($51.50 in chips)
Seat 4: Shara.Vi ($27.78 in chips)
wobetting: posts small blind $1
Shara.Vi: posts big blind $3
*** HOLE CARDS ***
wobetting: folds
Uncalled bet ($2) returned to Shara.Vi
Shara.Vi collected $2 from pot
*** SUMMARY ***
Total pot $2 | Rake $0
Seat 3: wobetting (button) (small blind) folded before Flop
Seat 4: Shara.Vi (big blind) collected ($2)


PokerStars Hand #148591779410:  Hold'em Limit ($3/$6 USD) - 2016/02/10 19:27:55 ET
Table 'Vincentina' 6-max Seat #4 is the button
Seat 3: wobetting ($65.64 in chips)
Seat 4: Shara.Vi ($14.14 in chips)
Shara.Vi: posts small blind $1
Zubasa07: is sitting out
wobetting: posts big blind $3
*** HOLE CARDS ***
Shara.Vi: raises $3 to $6
wobetting: calls $3
*** FLOP *** [Ts 3d Kd]
wobetting: checks
Shara.Vi: bets $3
wobetting: calls $3
*** TURN *** [Ts 3d Kd] [4h]
wobetting: checks
Shara.Vi: checks
*** RIVER *** [Ts 3d Kd 4h] [6c]
wobetting: checks
Shara.Vi: bets $5.14 and is all-in
wobetting: calls $5.14
*** SHOW DOWN ***
Shara.Vi: shows [6s Js] (a pair of Sixes)
wobetting: shows [5d Ad] (high card Ace)
Shara.Vi collected $27.78 from pot
*** SUMMARY ***
Total pot $28.28 | Rake $0.50
Board [Ts 3d Kd 4h 6c]
Seat 3: wobetting (big blind) showed [5d Ad] and lost with high card Ace
Seat 4: Shara.Vi (button) (small blind) showed [6s Js] and won ($27.78) with a pair of Sixes


