PokerStars Hand #160815843473:  Hold'em Limit ($3/$6 USD) - 2016/11/02 19:59:12 ET
Table 'Vincentina' 6-max Seat #3 is the button
Seat 2: ToDaFelt ($188.82 in chips)
Seat 3: hammer0707 ($44.02 in chips)
hammer0707: posts small blind $1
ToDaFelt: posts big blind $3
*** HOLE CARDS ***
hammer0707: calls $2
ToDaFelt: checks
*** FLOP *** [3h 9c Ac]
ToDaFelt: checks
hammer0707 said, "there u get paid"
hammer0707 said, "omg"
hammer0707 said, "f uff pokrtdtars"
hammer0707: checks
*** TURN *** [3h 9c Ac] [7d]
ToDaFelt: bets $6
hammer0707: folds
Uncalled bet ($6) returned to ToDaFelt
ToDaFelt collected $5.88 from pot
ToDaFelt: doesn't show hand
*** SUMMARY ***
Total pot $6 | Rake $0.12
Board [3h 9c Ac 7d]
Seat 2: ToDaFelt (big blind) collected ($5.88)
Seat 3: hammer0707 (button) (small blind) folded on the Turn


PokerStars Hand #160815818686:  Hold'em Limit ($3/$6 USD) - 2016/11/02 19:58:26 ET
Table 'Vincentina' 6-max Seat #2 is the button
Seat 2: ToDaFelt ($129.32 in chips)
Seat 3: hammer0707 ($104.02 in chips)
ToDaFelt: posts small blind $1
hammer0707: posts big blind $3
*** HOLE CARDS ***
ToDaFelt: raises $3 to $6
hammer0707: raises $3 to $9
ToDaFelt: calls $3
*** FLOP *** [Kd Ac 7s]
hammer0707: bets $3
ToDaFelt: calls $3
*** TURN *** [Kd Ac 7s] [3c]
hammer0707: bets $6
ToDaFelt: raises $6 to $12
hammer0707: raises $6 to $18
ToDaFelt: raises $6 to $24
Betting is capped
hammer0707: calls $6
*** RIVER *** [Kd Ac 7s 3c] [5h]
hammer0707: bets $6
ToDaFelt: raises $6 to $12
hammer0707: raises $6 to $18
ToDaFelt: raises $6 to $24
Betting is capped
hammer0707: calls $6
*** SHOW DOWN ***
ToDaFelt: shows [As Ad] (three of a kind, Aces)
hammer0707: mucks hand
ToDaFelt collected $119.50 from pot
*** SUMMARY ***
Total pot $120 | Rake $0.50
Board [Kd Ac 7s 3c 5h]
Seat 2: ToDaFelt (button) (small blind) showed [As Ad] and won ($119.50) with three of a kind, Aces
Seat 3: hammer0707 (big blind) mucked


PokerStars Hand #160815900448:  Hold'em Limit ($3/$6 USD) - 2016/11/02 20:00:55 ET
Table 'Vincentina' 6-max Seat #3 is the button
Seat 2: ToDaFelt ($219.20 in chips)
Seat 3: hammer0707 ($13.02 in chips)
hammer0707: posts small blind $1
ToDaFelt: posts big blind $3
*** HOLE CARDS ***
hammer0707: raises $3 to $6
ToDaFelt: folds
Uncalled bet ($3) returned to hammer0707
hammer0707 collected $6 from pot
*** SUMMARY ***
Total pot $6 | Rake $0
Seat 2: ToDaFelt (big blind) folded before Flop
Seat 3: hammer0707 (button) (small blind) collected ($6)


PokerStars Hand #160815891122:  Hold'em Limit ($3/$6 USD) - 2016/11/02 20:00:39 ET
Table 'Vincentina' 6-max Seat #2 is the button
Seat 2: ToDaFelt ($216.20 in chips)
Seat 3: hammer0707 ($16.02 in chips)
ToDaFelt: posts small blind $1
hammer0707: posts big blind $3
*** HOLE CARDS ***
ToDaFelt: raises $3 to $6
hammer0707 said, "finnally pokerstars take my money"
hammer0707: folds
Uncalled bet ($3) returned to ToDaFelt
ToDaFelt collected $6 from pot
ToDaFelt: doesn't show hand
*** SUMMARY ***
Total pot $6 | Rake $0
Seat 2: ToDaFelt (button) (small blind) collected ($6)
Seat 3: hammer0707 (big blind) folded before Flop


PokerStars Hand #160815880771:  Hold'em Limit ($3/$6 USD) - 2016/11/02 20:00:21 ET
Table 'Vincentina' 6-max Seat #3 is the button
Seat 2: ToDaFelt ($215.20 in chips)
Seat 3: hammer0707 ($17.02 in chips)
hammer0707: posts small blind $1
ToDaFelt: posts big blind $3
*** HOLE CARDS ***
hammer0707: folds
Uncalled bet ($2) returned to ToDaFelt
ToDaFelt collected $2 from pot
ToDaFelt: doesn't show hand
*** SUMMARY ***
Total pot $2 | Rake $0
Seat 2: ToDaFelt (big blind) collected ($2)
Seat 3: hammer0707 (button) (small blind) folded before Flop


PokerStars Hand #160815862726:  Hold'em Limit ($3/$6 USD) - 2016/11/02 19:59:48 ET
Table 'Vincentina' 6-max Seat #2 is the button
Seat 2: ToDaFelt ($191.70 in chips)
Seat 3: hammer0707 ($41.02 in chips)
ToDaFelt: posts small blind $1
hammer0707: posts big blind $3
*** HOLE CARDS ***
ToDaFelt: raises $3 to $6
hammer0707: calls $3
*** FLOP *** [3d 9c 8c]
hammer0707: checks
ToDaFelt: bets $3
hammer0707: raises $3 to $6
ToDaFelt: calls $3
*** TURN *** [3d 9c 8c] [3h]
hammer0707: bets $6
ToDaFelt: calls $6
*** RIVER *** [3d 9c 8c 3h] [3s]
hammer0707: bets $6
ToDaFelt: calls $6
*** SHOW DOWN ***
hammer0707: shows [Jc 7c] (three of a kind, Threes)
ToDaFelt: shows [Ah 8h] (a full house, Threes full of Eights)
ToDaFelt collected $47.50 from pot
*** SUMMARY ***
Total pot $48 | Rake $0.50
Board [3d 9c 8c 3h 3s]
Seat 2: ToDaFelt (button) (small blind) showed [Ah 8h] and won ($47.50) with a full house, Threes full of Eights
Seat 3: hammer0707 (big blind) showed [Jc 7c] and lost with three of a kind, Threes


PokerStars Hand #160815918618:  Hold'em Limit ($3/$6 USD) - 2016/11/02 20:01:26 ET
Table 'Vincentina' 6-max Seat #2 is the button
Seat 2: ToDaFelt ($213.20 in chips)
Seat 3: hammer0707 ($18.78 in chips)
ToDaFelt: posts small blind $1
hammer0707: posts big blind $3
*** HOLE CARDS ***
ToDaFelt: raises $3 to $6
hammer0707: raises $3 to $9
ToDaFelt: calls $3
*** FLOP *** [Qs 7d 4h]
hammer0707: bets $3
ToDaFelt: calls $3
*** TURN *** [Qs 7d 4h] [Js]
hammer0707: bets $6
ToDaFelt: folds
Uncalled bet ($6) returned to hammer0707
hammer0707 collected $23.52 from pot
*** SUMMARY ***
Total pot $24 | Rake $0.48
Board [Qs 7d 4h Js]
Seat 2: ToDaFelt (button) (small blind) folded on the Turn
Seat 3: hammer0707 (big blind) collected ($23.52)


PokerStars Hand #160815908099:  Hold'em Limit ($3/$6 USD) - 2016/11/02 20:01:09 ET
Table 'Vincentina' 6-max Seat #3 is the button
Seat 2: ToDaFelt ($219.20 in chips)
Seat 3: hammer0707 ($13.02 in chips)
hammer0707: posts small blind $1
ToDaFelt: posts big blind $3
*** HOLE CARDS ***
hammer0707: raises $3 to $6
ToDaFelt: calls $3
*** FLOP *** [Kd Qd Ac]
ToDaFelt: checks
hammer0707: bets $3
ToDaFelt: folds
Uncalled bet ($3) returned to hammer0707
hammer0707 collected $11.76 from pot
*** SUMMARY ***
Total pot $12 | Rake $0.24
Board [Kd Qd Ac]
Seat 2: ToDaFelt (big blind) folded on the Flop
Seat 3: hammer0707 (button) (small blind) collected ($11.76)


PokerStars Hand #160815904226:  Hold'em Limit ($3/$6 USD) - 2016/11/02 20:01:02 ET
Table 'Vincentina' 6-max Seat #2 is the button
Seat 2: ToDaFelt ($216.20 in chips)
Seat 3: hammer0707 ($16.02 in chips)
ToDaFelt: posts small blind $1
hammer0707: posts big blind $3
*** HOLE CARDS ***
ToDaFelt: raises $3 to $6
hammer0707: folds
Uncalled bet ($3) returned to ToDaFelt
ToDaFelt collected $6 from pot
ToDaFelt: doesn't show hand
*** SUMMARY ***
Total pot $6 | Rake $0
Seat 2: ToDaFelt (button) (small blind) collected ($6)
Seat 3: hammer0707 (big blind) folded before Flop


PokerStars Hand #160815933962:  Hold'em Limit ($3/$6 USD) - 2016/11/02 20:01:51 ET
Table 'Vincentina' 6-max Seat #3 is the button
Seat 2: ToDaFelt ($201.20 in chips)
Seat 3: hammer0707 ($30.30 in chips)
hammer0707: posts small blind $1
ToDaFelt: posts big blind $3
*** HOLE CARDS ***
hammer0707: raises $3 to $6
ToDaFelt: calls $3
*** FLOP *** [8s 4h 6s]
ToDaFelt: bets $3
hammer0707: raises $3 to $6
ToDaFelt: calls $3
*** TURN *** [8s 4h 6s] [5s]
ToDaFelt: bets $6
hammer0707: raises $6 to $12
ToDaFelt: calls $6
*** RIVER *** [8s 4h 6s 5s] [2s]
ToDaFelt: checks
hammer0707: bets $6
ToDaFelt: calls $6
*** SHOW DOWN ***
hammer0707: shows [Js 9s] (a flush, Jack high)
ToDaFelt: mucks hand
hammer0707 collected $59.50 from pot
*** SUMMARY ***
Total pot $60 | Rake $0.50
Board [8s 4h 6s 5s 2s]
Seat 2: ToDaFelt (big blind) mucked
Seat 3: hammer0707 (button) (small blind) showed [Js 9s] and won ($59.50) with a flush, Jack high


PokerStars Hand #160816016209:  Hold'em Limit ($3/$6 USD) - 2016/11/02 20:03:59 ET
Table 'Vincentina' 6-max Seat #3 is the button
Seat 2: ToDaFelt ($170.70 in chips)
Seat 3: hammer0707 ($59.06 in chips)
hammer0707: posts small blind $1
ToDaFelt: posts big blind $3
*** HOLE CARDS ***
hammer0707: folds
Uncalled bet ($2) returned to ToDaFelt
ToDaFelt collected $2 from pot
ToDaFelt: doesn't show hand
*** SUMMARY ***
Total pot $2 | Rake $0
Seat 2: ToDaFelt (big blind) collected ($2)
Seat 3: hammer0707 (button) (small blind) folded before Flop


PokerStars Hand #160815996101:  Hold'em Limit ($3/$6 USD) - 2016/11/02 20:03:27 ET
Table 'Vincentina' 6-max Seat #2 is the button
Seat 2: ToDaFelt ($141.20 in chips)
Seat 3: hammer0707 ($89.06 in chips)
ToDaFelt: posts small blind $1
hammer0707: posts big blind $3
*** HOLE CARDS ***
ToDaFelt: raises $3 to $6
hammer0707: calls $3
*** FLOP *** [6c Tc 2h]
hammer0707: checks
ToDaFelt: bets $3
hammer0707: raises $3 to $6
ToDaFelt: calls $3
*** TURN *** [6c Tc 2h] [Kh]
hammer0707: bets $6
ToDaFelt: raises $6 to $12
hammer0707: calls $6
*** RIVER *** [6c Tc 2h Kh] [2s]
hammer0707: checks
ToDaFelt: bets $6
hammer0707: calls $6
*** SHOW DOWN ***
ToDaFelt: shows [Kc Th] (two pair, Kings and Tens)
hammer0707: mucks hand
ToDaFelt collected $59.50 from pot
*** SUMMARY ***
Total pot $60 | Rake $0.50
Board [6c Tc 2h Kh 2s]
Seat 2: ToDaFelt (button) (small blind) showed [Kc Th] and won ($59.50) with two pair, Kings and Tens
Seat 3: hammer0707 (big blind) mucked


PokerStars Hand #160815987076:  Hold'em Limit ($3/$6 USD) - 2016/11/02 20:03:12 ET
Table 'Vincentina' 6-max Seat #3 is the button
Seat 2: ToDaFelt ($147.20 in chips)
Seat 3: hammer0707 ($83.30 in chips)
hammer0707: posts small blind $1
ToDaFelt: posts big blind $3
*** HOLE CARDS ***
hammer0707: raises $3 to $6
ToDaFelt: calls $3
*** FLOP *** [Ks 2s Qc]
ToDaFelt: checks
hammer0707: bets $3
ToDaFelt: folds
Uncalled bet ($3) returned to hammer0707
hammer0707 collected $11.76 from pot
*** SUMMARY ***
Total pot $12 | Rake $0.24
Board [Ks 2s Qc]
Seat 2: ToDaFelt (big blind) folded on the Flop
Seat 3: hammer0707 (button) (small blind) collected ($11.76)


PokerStars Hand #160815958827:  Hold'em Limit ($3/$6 USD) - 2016/11/02 20:02:26 ET
Table 'Vincentina' 6-max Seat #2 is the button
Seat 2: ToDaFelt ($171.20 in chips)
Seat 3: hammer0707 ($59.80 in chips)
ToDaFelt: posts small blind $1
hammer0707: posts big blind $3
*** HOLE CARDS ***
ToDaFelt: raises $3 to $6
hammer0707: calls $3
*** FLOP *** [5d 8d Kd]
hammer0707: checks
ToDaFelt: bets $3
hammer0707: raises $3 to $6
ToDaFelt: calls $3
*** TURN *** [5d 8d Kd] [Ts]
hammer0707: bets $6
ToDaFelt: calls $6
*** RIVER *** [5d 8d Kd Ts] [9c]
hammer0707: bets $6
ToDaFelt: calls $6
*** SHOW DOWN ***
hammer0707: shows [5s Ks] (two pair, Kings and Fives)
ToDaFelt: mucks hand
hammer0707 collected $47.50 from pot
*** SUMMARY ***
Total pot $48 | Rake $0.50
Board [5d 8d Kd Ts 9c]
Seat 2: ToDaFelt (button) (small blind) mucked
Seat 3: hammer0707 (big blind) showed [5s Ks] and won ($47.50) with two pair, Kings and Fives


PokerStars Hand #160816030226:  Hold'em Limit ($3/$6 USD) - 2016/11/02 20:04:22 ET
Table 'Vincentina' 6-max Seat #3 is the button
Seat 2: ToDaFelt ($162.70 in chips)
Seat 3: hammer0707 ($66.70 in chips)
hammer0707: posts small blind $1
ToDaFelt: posts big blind $3
*** HOLE CARDS ***
hammer0707: raises $3 to $6
ToDaFelt: calls $3
*** FLOP *** [6s Kd 7s]
ToDaFelt: checks
hammer0707: bets $3
ToDaFelt: raises $3 to $6
hammer0707: calls $3
*** TURN *** [6s Kd 7s] [9s]
ToDaFelt: bets $6
hammer0707: calls $6
*** RIVER *** [6s Kd 7s 9s] [7h]
ToDaFelt: bets $6
hammer0707: calls $6
*** SHOW DOWN ***
ToDaFelt: shows [7d 6h] (a full house, Sevens full of Sixes)
hammer0707: mucks hand
ToDaFelt collected $47.50 from pot
*** SUMMARY ***
Total pot $48 | Rake $0.50
Board [6s Kd 7s 9s 7h]
Seat 2: ToDaFelt (big blind) showed [7d 6h] and won ($47.50) with a full house, Sevens full of Sixes
Seat 3: hammer0707 (button) (small blind) mucked


PokerStars Hand #160816019084:  Hold'em Limit ($3/$6 USD) - 2016/11/02 20:04:04 ET
Table 'Vincentina' 6-max Seat #2 is the button
Seat 2: ToDaFelt ($171.70 in chips)
Seat 3: hammer0707 ($58.06 in chips)
ToDaFelt: posts small blind $1
hammer0707: posts big blind $3
*** HOLE CARDS ***
ToDaFelt: raises $3 to $6
hammer0707: raises $3 to $9
ToDaFelt: calls $3
*** FLOP *** [Td 5c 6s]
hammer0707: bets $3
ToDaFelt: folds
Uncalled bet ($3) returned to hammer0707
hammer0707 collected $17.64 from pot
*** SUMMARY ***
Total pot $18 | Rake $0.36
Board [Td 5c 6s]
Seat 2: ToDaFelt (button) (small blind) folded on the Flop
Seat 3: hammer0707 (big blind) collected ($17.64)


PokerStars Hand #160816084777:  Hold'em Limit ($3/$6 USD) - 2016/11/02 20:05:50 ET
Table 'Vincentina' 6-max Seat #2 is the button
Seat 2: ToDaFelt ($196.96 in chips)
Seat 3: hammer0707 ($31.70 in chips)
ToDaFelt: posts small blind $1
hammer0707: posts big blind $3
*** HOLE CARDS ***
ToDaFelt: raises $3 to $6
hammer0707: folds
Uncalled bet ($3) returned to ToDaFelt
ToDaFelt collected $6 from pot
ToDaFelt: doesn't show hand
*** SUMMARY ***
Total pot $6 | Rake $0
Seat 2: ToDaFelt (button) (small blind) collected ($6)
Seat 3: hammer0707 (big blind) folded before Flop


PokerStars Hand #160816081864:  Hold'em Limit ($3/$6 USD) - 2016/11/02 20:05:45 ET
Table 'Vincentina' 6-max Seat #3 is the button
Seat 2: ToDaFelt ($195.96 in chips)
Seat 3: hammer0707 ($32.70 in chips)
hammer0707: posts small blind $1
ToDaFelt: posts big blind $3
*** HOLE CARDS ***
hammer0707: folds
Uncalled bet ($2) returned to ToDaFelt
ToDaFelt collected $2 from pot
ToDaFelt: doesn't show hand
*** SUMMARY ***
Total pot $2 | Rake $0
Seat 2: ToDaFelt (big blind) collected ($2)
Seat 3: hammer0707 (button) (small blind) folded before Flop


PokerStars Hand #160816076221:  Hold'em Limit ($3/$6 USD) - 2016/11/02 20:05:36 ET
Table 'Vincentina' 6-max Seat #2 is the button
Seat 2: ToDaFelt ($192.96 in chips)
Seat 3: hammer0707 ($35.70 in chips)
ToDaFelt: posts small blind $1
hammer0707: posts big blind $3
*** HOLE CARDS ***
ToDaFelt: raises $3 to $6
hammer0707: folds
Uncalled bet ($3) returned to ToDaFelt
ToDaFelt collected $6 from pot
ToDaFelt: doesn't show hand
*** SUMMARY ***
Total pot $6 | Rake $0
Seat 2: ToDaFelt (button) (small blind) collected ($6)
Seat 3: hammer0707 (big blind) folded before Flop


PokerStars Hand #160816072391:  Hold'em Limit ($3/$6 USD) - 2016/11/02 20:05:30 ET
Table 'Vincentina' 6-max Seat #3 is the button
Seat 2: ToDaFelt ($195.96 in chips)
Seat 3: hammer0707 ($32.70 in chips)
hammer0707: posts small blind $1
ToDaFelt: posts big blind $3
*** HOLE CARDS ***
hammer0707: raises $3 to $6
ToDaFelt: folds
Uncalled bet ($3) returned to hammer0707
hammer0707 collected $6 from pot
*** SUMMARY ***
Total pot $6 | Rake $0
Seat 2: ToDaFelt (big blind) folded before Flop
Seat 3: hammer0707 (button) (small blind) collected ($6)


PokerStars Hand #160816069080:  Hold'em Limit ($3/$6 USD) - 2016/11/02 20:05:24 ET
Table 'Vincentina' 6-max Seat #2 is the button
Seat 2: ToDaFelt ($192.96 in chips)
Seat 3: hammer0707 ($35.70 in chips)
ToDaFelt: posts small blind $1
hammer0707: posts big blind $3
*** HOLE CARDS ***
ToDaFelt: raises $3 to $6
hammer0707: folds
Uncalled bet ($3) returned to ToDaFelt
ToDaFelt collected $6 from pot
ToDaFelt: doesn't show hand
*** SUMMARY ***
Total pot $6 | Rake $0
Seat 2: ToDaFelt (button) (small blind) collected ($6)
Seat 3: hammer0707 (big blind) folded before Flop


PokerStars Hand #160816060135:  Hold'em Limit ($3/$6 USD) - 2016/11/02 20:05:10 ET
Table 'Vincentina' 6-max Seat #3 is the button
Seat 2: ToDaFelt ($191.96 in chips)
Seat 3: hammer0707 ($36.70 in chips)
hammer0707: posts small blind $1
ToDaFelt: posts big blind $3
*** HOLE CARDS ***
hammer0707 said, "hit big so f many times u f donkey"
hammer0707: folds
Uncalled bet ($2) returned to ToDaFelt
ToDaFelt collected $2 from pot
ToDaFelt: doesn't show hand
*** SUMMARY ***
Total pot $2 | Rake $0
Seat 2: ToDaFelt (big blind) collected ($2)
Seat 3: hammer0707 (button) (small blind) folded before Flop


PokerStars Hand #160816048751:  Hold'em Limit ($3/$6 USD) - 2016/11/02 20:04:52 ET
Table 'Vincentina' 6-max Seat #2 is the button
Seat 2: ToDaFelt ($186.20 in chips)
Seat 3: hammer0707 ($42.70 in chips)
ToDaFelt: posts small blind $1
hammer0707: posts big blind $3
*** HOLE CARDS ***
hammer0707 said, "lol"
ToDaFelt: raises $3 to $6
hammer0707 said, "lol"
hammer0707 said, "lol"
hammer0707 said, "lol"
hammer0707 said, "lol"
hammer0707: calls $3
*** FLOP *** [Qs Js 6d]
hammer0707: checks
ToDaFelt: bets $3
hammer0707: folds
Uncalled bet ($3) returned to ToDaFelt
ToDaFelt collected $11.76 from pot
ToDaFelt: doesn't show hand
*** SUMMARY ***
Total pot $12 | Rake $0.24
Board [Qs Js 6d]
Seat 2: ToDaFelt (button) (small blind) collected ($11.76)
Seat 3: hammer0707 (big blind) folded on the Flop


PokerStars Hand #160816088975:  Hold'em Limit ($3/$6 USD) - 2016/11/02 20:05:57 ET
Table 'Vincentina' 6-max Seat #3 is the button
Seat 2: ToDaFelt ($199.96 in chips)
Seat 3: hammer0707 ($28.70 in chips)
hammer0707: posts small blind $1
ToDaFelt: posts big blind $3
*** HOLE CARDS ***
hammer0707: raises $3 to $6
ToDaFelt: calls $3
*** FLOP *** [9h Qh 5d]
ToDaFelt: checks
hammer0707: bets $3
ToDaFelt: calls $3
*** TURN *** [9h Qh 5d] [9d]
ToDaFelt: checks
hammer0707: bets $6
ToDaFelt: calls $6
*** RIVER *** [9h Qh 5d 9d] [5h]
ToDaFelt: checks
hammer0707: bets $6
ToDaFelt: calls $6
*** SHOW DOWN ***
hammer0707: shows [Qd Js] (two pair, Queens and Nines)
ToDaFelt: mucks hand
hammer0707 collected $41.50 from pot
*** SUMMARY ***
Total pot $42 | Rake $0.50
Board [9h Qh 5d 9d 5h]
Seat 2: ToDaFelt (big blind) mucked
Seat 3: hammer0707 (button) (small blind) showed [Qd Js] and won ($41.50) with two pair, Queens and Nines


PokerStars Hand #160816118777:  Hold'em Limit ($3/$6 USD) - 2016/11/02 20:06:45 ET
Table 'Vincentina' 6-max Seat #2 is the button
Seat 2: ToDaFelt ($178.96 in chips)
Seat 3: hammer0707 ($49.20 in chips)
ToDaFelt: posts small blind $1
hammer0707: posts big blind $3
*** HOLE CARDS ***
ToDaFelt: raises $3 to $6
hammer0707: folds
Uncalled bet ($3) returned to ToDaFelt
ToDaFelt collected $6 from pot
ToDaFelt: doesn't show hand
*** SUMMARY ***
Total pot $6 | Rake $0
Seat 2: ToDaFelt (button) (small blind) collected ($6)
Seat 3: hammer0707 (big blind) folded before Flop


PokerStars Hand #160816122795:  Hold'em Limit ($3/$6 USD) - 2016/11/02 20:06:52 ET
Table 'Vincentina' 6-max Seat #3 is the button
Seat 2: ToDaFelt ($181.96 in chips)
Seat 3: hammer0707 ($46.20 in chips)
hammer0707: posts small blind $1
ToDaFelt: posts big blind $3
*** HOLE CARDS ***
hammer0707: raises $3 to $6
ToDaFelt: raises $3 to $9
hammer0707: calls $3
*** FLOP *** [Jd 8s 6s]
ToDaFelt: bets $3
hammer0707: folds
Uncalled bet ($3) returned to ToDaFelt
ToDaFelt collected $17.64 from pot
*** SUMMARY ***
Total pot $18 | Rake $0.36
Board [Jd 8s 6s]
Seat 2: ToDaFelt (big blind) collected ($17.64)
Seat 3: hammer0707 (button) (small blind) folded on the Flop


PokerStars Hand #160816147718:  Hold'em Limit ($3/$6 USD) - 2016/11/02 20:07:32 ET
Table 'Vincentina' 6-max Seat #3 is the button
Seat 2: ToDaFelt ($211.10 in chips)
Seat 3: hammer0707 ($16.20 in chips)
hammer0707: posts small blind $1
ToDaFelt: posts big blind $3
*** HOLE CARDS ***
hammer0707: folds
Uncalled bet ($2) returned to ToDaFelt
ToDaFelt collected $2 from pot
ToDaFelt: doesn't show hand
*** SUMMARY ***
Total pot $2 | Rake $0
Seat 2: ToDaFelt (big blind) collected ($2)
Seat 3: hammer0707 (button) (small blind) folded before Flop


PokerStars Hand #160816131687:  Hold'em Limit ($3/$6 USD) - 2016/11/02 20:07:06 ET
Table 'Vincentina' 6-max Seat #2 is the button
Seat 2: ToDaFelt ($190.60 in chips)
Seat 3: hammer0707 ($37.20 in chips)
ToDaFelt: posts small blind $1
hammer0707: posts big blind $3
*** HOLE CARDS ***
ToDaFelt: raises $3 to $6
hammer0707: calls $3
*** FLOP *** [4s Ah Ks]
hammer0707: checks
ToDaFelt: bets $3
hammer0707: calls $3
*** TURN *** [4s Ah Ks] [2d]
hammer0707: checks
ToDaFelt: bets $6
hammer0707: calls $6
*** RIVER *** [4s Ah Ks 2d] [9h]
hammer0707: checks
ToDaFelt: bets $6
hammer0707: calls $6
*** SHOW DOWN ***
ToDaFelt: shows [Ac 7d] (a pair of Aces)
hammer0707: mucks hand
ToDaFelt collected $41.50 from pot
*** SUMMARY ***
Total pot $42 | Rake $0.50
Board [4s Ah Ks 2d 9h]
Seat 2: ToDaFelt (button) (small blind) showed [Ac 7d] and won ($41.50) with a pair of Aces
Seat 3: hammer0707 (big blind) mucked


PokerStars Hand #160816154984:  Hold'em Limit ($3/$6 USD) - 2016/11/02 20:07:44 ET
Table 'Vincentina' 6-max Seat #3 is the button
Seat 2: ToDaFelt ($215.10 in chips)
Seat 3: hammer0707 ($12.20 in chips)
hammer0707: posts small blind $1
ToDaFelt: posts big blind $3
*** HOLE CARDS ***
hammer0707: folds
Uncalled bet ($2) returned to ToDaFelt
ToDaFelt collected $2 from pot
ToDaFelt: doesn't show hand
*** SUMMARY ***
Total pot $2 | Rake $0
Seat 2: ToDaFelt (big blind) collected ($2)
Seat 3: hammer0707 (button) (small blind) folded before Flop


PokerStars Hand #160816150461:  Hold'em Limit ($3/$6 USD) - 2016/11/02 20:07:37 ET
Table 'Vincentina' 6-max Seat #2 is the button
Seat 2: ToDaFelt ($212.10 in chips)
Seat 3: hammer0707 ($15.20 in chips)
ToDaFelt: posts small blind $1
hammer0707: posts big blind $3
*** HOLE CARDS ***
ToDaFelt: raises $3 to $6
hammer0707: folds
Uncalled bet ($3) returned to ToDaFelt
ToDaFelt collected $6 from pot
ToDaFelt: doesn't show hand
*** SUMMARY ***
Total pot $6 | Rake $0
Seat 2: ToDaFelt (button) (small blind) collected ($6)
Seat 3: hammer0707 (big blind) folded before Flop


PokerStars Hand #160816158202:  Hold'em Limit ($3/$6 USD) - 2016/11/02 20:07:49 ET
Table 'Vincentina' 6-max Seat #2 is the button
Seat 2: ToDaFelt ($216.10 in chips)
Seat 3: hammer0707 ($11.20 in chips)
ToDaFelt: posts small blind $1
hammer0707: posts big blind $3
*** HOLE CARDS ***
ToDaFelt: raises $3 to $6
hammer0707: raises $3 to $9
ToDaFelt: calls $3
*** FLOP *** [Qs Qd Tc]
hammer0707: bets $2.20 and is all-in
ToDaFelt: calls $2.20
*** TURN *** [Qs Qd Tc] [Ts]
*** RIVER *** [Qs Qd Tc Ts] [Js]
*** SHOW DOWN ***
hammer0707: shows [4d Kh] (two pair, Queens and Tens)
ToDaFelt: shows [9c Kc] (a straight, Nine to King)
ToDaFelt collected $21.95 from pot
*** SUMMARY ***
Total pot $22.40 | Rake $0.45
Board [Qs Qd Tc Ts Js]
Seat 2: ToDaFelt (button) (small blind) showed [9c Kc] and won ($21.95) with a straight, Nine to King
Seat 3: hammer0707 (big blind) showed [4d Kh] and lost with two pair, Queens and Tens


