PokerStars Hand #160808146099:  Hold'em Limit ($3/$6 USD) - 2016/11/02 17:18:57 ET
Table 'Vincentina' 6-max Seat #3 is the button
Seat 3: ValeryRon ($72 in chips)
Seat 6: StarWoks ($125.61 in chips)
ValeryRon: posts small blind $1
Scheubi88: is sitting out
vestimokrec: is sitting out
StarWoks: posts big blind $3
*** HOLE CARDS ***
djoker460 joins the table at seat #1
ValeryRon: raises $3 to $6
StarWoks: calls $3
*** FLOP *** [9h 8s 7d]
StarWoks: checks
ValeryRon: bets $3
StarWoks: calls $3
*** TURN *** [9h 8s 7d] [3d]
StarWoks: checks
ValeryRon: checks
*** RIVER *** [9h 8s 7d 3d] [Kh]
StarWoks: checks
ValeryRon: bets $6
StarWoks: calls $6
*** SHOW DOWN ***
ValeryRon: shows [6s 3s] (a pair of Threes)
StarWoks: shows [Qd 7s] (a pair of Sevens)
StarWoks collected $29.50 from pot
*** SUMMARY ***
Total pot $30 | Rake $0.50
Board [9h 8s 7d 3d Kh]
Seat 3: ValeryRon (button) (small blind) showed [6s 3s] and lost with a pair of Threes
Seat 6: StarWoks (big blind) showed [Qd 7s] and won ($29.50) with a pair of Sevens


PokerStars Hand #160811626768:  Hold'em Limit ($3/$6 USD) - 2016/11/02 18:24:06 ET
Table 'Vincentina' 6-max Seat #6 is the button
Seat 4: sokol-max-PS ($57.12 in chips)
Seat 6: ToDaFelt ($91 in chips)
ToDaFelt: posts small blind $1
sokol-max-PS: posts big blind $3
*** HOLE CARDS ***
ToDaFelt: raises $3 to $6
sokol-max-PS: calls $3
*** FLOP *** [Ad 5h Kd]
sokol-max-PS: checks
ToDaFelt: bets $3
sokol-max-PS: calls $3
*** TURN *** [Ad 5h Kd] [4c]
sokol-max-PS: checks
ToDaFelt: bets $6
sokol-max-PS: calls $6
*** RIVER *** [Ad 5h Kd 4c] [Jc]
sokol-max-PS: checks
ToDaFelt: bets $6
sokol-max-PS: calls $6
*** SHOW DOWN ***
ToDaFelt: shows [9d Kc] (a pair of Kings)
sokol-max-PS: mucks hand
ToDaFelt collected $41.50 from pot
*** SUMMARY ***
Total pot $42 | Rake $0.50
Board [Ad 5h Kd 4c Jc]
Seat 4: sokol-max-PS (big blind) mucked
Seat 6: ToDaFelt (button) (small blind) showed [9d Kc] and won ($41.50) with a pair of Kings


PokerStars Hand #160811621865:  Hold'em Limit ($3/$6 USD) - 2016/11/02 18:24:00 ET
Table 'Vincentina' 6-max Seat #4 is the button
Seat 4: sokol-max-PS ($58.12 in chips)
Seat 6: ToDaFelt ($90 in chips)
sokol-max-PS: posts small blind $1
ToDaFelt: posts big blind $3
*** HOLE CARDS ***
sokol-max-PS: folds
Uncalled bet ($2) returned to ToDaFelt
ToDaFelt collected $2 from pot
ToDaFelt: doesn't show hand
*** SUMMARY ***
Total pot $2 | Rake $0
Seat 4: sokol-max-PS (button) (small blind) folded before Flop
Seat 6: ToDaFelt (big blind) collected ($2)


PokerStars Hand #160814565370:  Hold'em Limit ($3/$6 USD) - 2016/11/02 19:26:51 ET
Table 'Vincentina' 6-max Seat #1 is the button
Seat 1: mogoallin ($120.62 in chips)
Seat 6: Pandakey ($95 in chips)
mogoallin: posts small blind $1
Pandakey: posts big blind $3
*** HOLE CARDS ***
mogoallin: raises $3 to $6
Pandakey: calls $3
*** FLOP *** [Kc 9s 2h]
Pandakey: checks
mogoallin: bets $3
Pandakey: folds
Uncalled bet ($3) returned to mogoallin
mogoallin collected $11.76 from pot
mogoallin: doesn't show hand
*** SUMMARY ***
Total pot $12 | Rake $0.24
Board [Kc 9s 2h]
Seat 1: mogoallin (button) (small blind) collected ($11.76)
Seat 6: Pandakey (big blind) folded on the Flop


PokerStars Hand #160814558919:  Hold'em Limit ($3/$6 USD) - 2016/11/02 19:26:42 ET
Table 'Vincentina' 6-max Seat #6 is the button
Seat 1: mogoallin ($119.62 in chips)
Seat 6: Pandakey ($96 in chips)
Pandakey: posts small blind $1
mogoallin: posts big blind $3
*** HOLE CARDS ***
Pandakey: folds
Uncalled bet ($2) returned to mogoallin
mogoallin collected $2 from pot
mogoallin: doesn't show hand
*** SUMMARY ***
Total pot $2 | Rake $0
Seat 1: mogoallin (big blind) collected ($2)
Seat 6: Pandakey (button) (small blind) folded before Flop


PokerStars Hand #160814555444:  Hold'em Limit ($3/$6 USD) - 2016/11/02 19:26:37 ET
Table 'Vincentina' 6-max Seat #1 is the button
Seat 1: mogoallin ($120.62 in chips)
Seat 6: Pandakey ($95 in chips)
mogoallin: posts small blind $1
Pandakey: posts big blind $3
*** HOLE CARDS ***
mogoallin: folds
Uncalled bet ($2) returned to Pandakey
Pandakey collected $2 from pot
Pandakey: doesn't show hand
*** SUMMARY ***
Total pot $2 | Rake $0
Seat 1: mogoallin (button) (small blind) folded before Flop
Seat 6: Pandakey (big blind) collected ($2)


PokerStars Hand #160814551688:  Hold'em Limit ($3/$6 USD) - 2016/11/02 19:26:32 ET
Table 'Vincentina' 6-max Seat #6 is the button
Seat 1: mogoallin ($119.62 in chips)
Seat 6: Pandakey ($96 in chips)
Pandakey: posts small blind $1
mogoallin: posts big blind $3
*** HOLE CARDS ***
Pandakey: folds
Uncalled bet ($2) returned to mogoallin
mogoallin collected $2 from pot
mogoallin: doesn't show hand
*** SUMMARY ***
Total pot $2 | Rake $0
Seat 1: mogoallin (big blind) collected ($2)
Seat 6: Pandakey (button) (small blind) folded before Flop


PokerStars Hand #160814531501:  Hold'em Limit ($3/$6 USD) - 2016/11/02 19:26:04 ET
Table 'Vincentina' 6-max Seat #1 is the button
Seat 1: mogoallin ($96.12 in chips)
Seat 6: Pandakey ($120 in chips)
mogoallin: posts small blind $1
Pandakey: posts big blind $3
*** HOLE CARDS ***
mogoallin: raises $3 to $6
Pandakey: calls $3
*** FLOP *** [Jd Ts 5s]
Pandakey: checks
mogoallin: bets $3
Pandakey: raises $3 to $6
mogoallin: calls $3
*** TURN *** [Jd Ts 5s] [9c]
Pandakey: bets $6
mogoallin: calls $6
*** RIVER *** [Jd Ts 5s 9c] [Ad]
Pandakey: checks
mogoallin: bets $6
Pandakey: calls $6
*** SHOW DOWN ***
mogoallin: shows [8s Ah] (a pair of Aces)
Pandakey: mucks hand
mogoallin collected $47.50 from pot
*** SUMMARY ***
Total pot $48 | Rake $0.50
Board [Jd Ts 5s 9c Ad]
Seat 1: mogoallin (button) (small blind) showed [8s Ah] and won ($47.50) with a pair of Aces
Seat 6: Pandakey (big blind) mucked


PokerStars Hand #160814611942:  Hold'em Limit ($3/$6 USD) - 2016/11/02 19:27:56 ET
Table 'Vincentina' 6-max Seat #6 is the button
Seat 1: mogoallin ($117.14 in chips)
Seat 6: Pandakey ($97.50 in chips)
Pandakey: posts small blind $1
mogoallin: posts big blind $3
*** HOLE CARDS ***
Pandakey: raises $3 to $6
mogoallin: folds
Uncalled bet ($3) returned to Pandakey
Pandakey collected $6 from pot
Pandakey: doesn't show hand
*** SUMMARY ***
Total pot $6 | Rake $0
Seat 1: mogoallin (big blind) folded before Flop
Seat 6: Pandakey (button) (small blind) collected ($6)


PokerStars Hand #160814601956:  Hold'em Limit ($3/$6 USD) - 2016/11/02 19:27:42 ET
Table 'Vincentina' 6-max Seat #1 is the button
Seat 1: mogoallin ($111.38 in chips)
Seat 6: Pandakey ($103.50 in chips)
mogoallin: posts small blind $1
Pandakey: posts big blind $3
*** HOLE CARDS ***
mogoallin: raises $3 to $6
Pandakey: calls $3
*** FLOP *** [6d Ah 7h]
Pandakey: checks
mogoallin: bets $3
Pandakey: folds
Uncalled bet ($3) returned to mogoallin
mogoallin collected $11.76 from pot
*** SUMMARY ***
Total pot $12 | Rake $0.24
Board [6d Ah 7h]
Seat 1: mogoallin (button) (small blind) collected ($11.76)
Seat 6: Pandakey (big blind) folded on the Flop


PokerStars Hand #160814572551:  Hold'em Limit ($3/$6 USD) - 2016/11/02 19:27:01 ET
Table 'Vincentina' 6-max Seat #6 is the button
Seat 1: mogoallin ($126.38 in chips)
Seat 6: Pandakey ($89 in chips)
Pandakey: posts small blind $1
mogoallin: posts big blind $3
*** HOLE CARDS ***
Pandakey: raises $3 to $6
mogoallin: calls $3
*** FLOP *** [9h Ah Th]
mogoallin: checks
Pandakey: bets $3
mogoallin: calls $3
*** TURN *** [9h Ah Th] [5s]
mogoallin: checks
Pandakey: bets $6
mogoallin: calls $6
*** RIVER *** [9h Ah Th 5s] [Tc]
mogoallin: checks
Pandakey: bets $6
mogoallin: folds
Uncalled bet ($6) returned to Pandakey
Pandakey collected $29.50 from pot
Pandakey: doesn't show hand
*** SUMMARY ***
Total pot $30 | Rake $0.50
Board [9h Ah Th 5s Tc]
Seat 1: mogoallin (big blind) folded on the River
Seat 6: Pandakey (button) (small blind) collected ($29.50)


PokerStars Hand #160814615830:  Hold'em Limit ($3/$6 USD) - 2016/11/02 19:28:02 ET
Table 'Vincentina' 6-max Seat #1 is the button
Seat 1: mogoallin ($114.14 in chips)
Seat 6: Pandakey ($100.50 in chips)
mogoallin: posts small blind $1
Pandakey: posts big blind $3
*** HOLE CARDS ***
mogoallin: raises $3 to $6
Pandakey: raises $3 to $9
mogoallin: calls $3
*** FLOP *** [8d 8s 8c]
Pandakey: bets $3
mogoallin: calls $3
*** TURN *** [8d 8s 8c] [Ac]
hammer0707 joins the table at seat #3
Pandakey: checks
mogoallin: bets $6
Pandakey: calls $6
*** RIVER *** [8d 8s 8c Ac] [6s]
Pandakey: checks
mogoallin: bets $6
Pandakey: calls $6
*** SHOW DOWN ***
mogoallin: shows [3h Ad] (a full house, Eights full of Aces)
Pandakey: mucks hand
mogoallin collected $47.50 from pot
*** SUMMARY ***
Total pot $48 | Rake $0.50
Board [8d 8s 8c Ac 6s]
Seat 1: mogoallin (button) (small blind) showed [3h Ad] and won ($47.50) with a full house, Eights full of Aces
Seat 6: Pandakey (big blind) mucked


PokerStars Hand #160814639551:  Hold'em Limit ($3/$6 USD) - 2016/11/02 19:28:35 ET
Table 'Vincentina' 6-max Seat #6 is the button
Seat 1: mogoallin ($137.64 in chips)
Seat 6: Pandakey ($76.50 in chips)
Pandakey: posts small blind $1
mogoallin: posts big blind $3
*** HOLE CARDS ***
Pandakey: raises $3 to $6
mogoallin: calls $3
*** FLOP *** [Kh 7s 7h]
mogoallin: checks
Pandakey: bets $3
mogoallin: raises $3 to $6
Pandakey: calls $3
*** TURN *** [Kh 7s 7h] [Qs]
mogoallin: bets $6
Pandakey: raises $6 to $12
mogoallin: calls $6
*** RIVER *** [Kh 7s 7h Qs] [Ac]
mogoallin: checks
Pandakey: bets $6
mogoallin: calls $6
*** SHOW DOWN ***
Pandakey: shows [6h 7c] (three of a kind, Sevens)
mogoallin: mucks hand
Pandakey collected $59.50 from pot
*** SUMMARY ***
Total pot $60 | Rake $0.50
Board [Kh 7s 7h Qs Ac]
Seat 1: mogoallin (big blind) mucked
Seat 6: Pandakey (button) (small blind) showed [6h 7c] and won ($59.50) with three of a kind, Sevens


PokerStars Hand #160815254292:  Hold'em Limit ($3/$6 USD) - 2016/11/02 19:43:22 ET
Table 'Vincentina' 6-max Seat #3 is the button
Seat 2: ToDaFelt ($122.03 in chips)
Seat 3: hammer0707 ($73.16 in chips)
hammer0707: posts small blind $1
ToDaFelt: posts big blind $3
*** HOLE CARDS ***
hammer0707: folds
Uncalled bet ($2) returned to ToDaFelt
ToDaFelt collected $2 from pot
ToDaFelt: doesn't show hand
*** SUMMARY ***
Total pot $2 | Rake $0
Seat 2: ToDaFelt (big blind) collected ($2)
Seat 3: hammer0707 (button) (small blind) folded before Flop


PokerStars Hand #160815257535:  Hold'em Limit ($3/$6 USD) - 2016/11/02 19:43:26 ET
Table 'Vincentina' 6-max Seat #2 is the button
Seat 2: ToDaFelt ($123.03 in chips)
Seat 3: hammer0707 ($72.16 in chips)
ToDaFelt: posts small blind $1
hammer0707: posts big blind $3
*** HOLE CARDS ***
ToDaFelt: raises $3 to $6
hammer0707: raises $3 to $9
ToDaFelt: calls $3
*** FLOP *** [9d 9c 6s]
hammer0707: bets $3
ToDaFelt: calls $3
*** TURN *** [9d 9c 6s] [8d]
hammer0707: bets $6
ToDaFelt: calls $6
*** RIVER *** [9d 9c 6s 8d] [6c]
hammer0707: bets $6
ToDaFelt: folds
Uncalled bet ($6) returned to hammer0707
hammer0707 collected $35.50 from pot
*** SUMMARY ***
Total pot $36 | Rake $0.50
Board [9d 9c 6s 8d 6c]
Seat 2: ToDaFelt (button) (small blind) folded on the River
Seat 3: hammer0707 (big blind) collected ($35.50)


PokerStars Hand #160815280763:  Hold'em Limit ($3/$6 USD) - 2016/11/02 19:44:01 ET
Table 'Vincentina' 6-max Seat #3 is the button
Seat 2: ToDaFelt ($105.03 in chips)
Seat 3: hammer0707 ($89.66 in chips)
hammer0707: posts small blind $1
ToDaFelt: posts big blind $3
*** HOLE CARDS ***
hammer0707: raises $3 to $6
ToDaFelt: calls $3
*** FLOP *** [3s Qc 2s]
ToDaFelt: checks
hammer0707: bets $3
ToDaFelt: folds
Uncalled bet ($3) returned to hammer0707
hammer0707 collected $11.76 from pot
*** SUMMARY ***
Total pot $12 | Rake $0.24
Board [3s Qc 2s]
Seat 2: ToDaFelt (big blind) folded on the Flop
Seat 3: hammer0707 (button) (small blind) collected ($11.76)


PokerStars Hand #160815293110:  Hold'em Limit ($3/$6 USD) - 2016/11/02 19:44:20 ET
Table 'Vincentina' 6-max Seat #2 is the button
Seat 2: ToDaFelt ($99.03 in chips)
Seat 3: hammer0707 ($95.42 in chips)
ToDaFelt: posts small blind $1
hammer0707: posts big blind $3
*** HOLE CARDS ***
ToDaFelt: raises $3 to $6
hammer0707: folds
Uncalled bet ($3) returned to ToDaFelt
ToDaFelt collected $6 from pot
ToDaFelt: doesn't show hand
*** SUMMARY ***
Total pot $6 | Rake $0
Seat 2: ToDaFelt (button) (small blind) collected ($6)
Seat 3: hammer0707 (big blind) folded before Flop


PokerStars Hand #160815297764:  Hold'em Limit ($3/$6 USD) - 2016/11/02 19:44:27 ET
Table 'Vincentina' 6-max Seat #3 is the button
Seat 2: ToDaFelt ($102.03 in chips)
Seat 3: hammer0707 ($92.42 in chips)
hammer0707: posts small blind $1
ToDaFelt: posts big blind $3
*** HOLE CARDS ***
hammer0707: raises $3 to $6
ToDaFelt: raises $3 to $9
hammer0707: calls $3
*** FLOP *** [5d 5c Kc]
ToDaFelt: bets $3
hammer0707: folds
Uncalled bet ($3) returned to ToDaFelt
ToDaFelt collected $17.64 from pot
ToDaFelt: doesn't show hand
*** SUMMARY ***
Total pot $18 | Rake $0.36
Board [5d 5c Kc]
Seat 2: ToDaFelt (big blind) collected ($17.64)
Seat 3: hammer0707 (button) (small blind) folded on the Flop


PokerStars Hand #160815317533:  Hold'em Limit ($3/$6 USD) - 2016/11/02 19:44:57 ET
Table 'Vincentina' 6-max Seat #3 is the button
Seat 2: ToDaFelt ($113.67 in chips)
Seat 3: hammer0707 ($80.42 in chips)
hammer0707: posts small blind $1
ToDaFelt: posts big blind $3
*** HOLE CARDS ***
hammer0707: folds
Uncalled bet ($2) returned to ToDaFelt
ToDaFelt collected $2 from pot
ToDaFelt: doesn't show hand
*** SUMMARY ***
Total pot $2 | Rake $0
Seat 2: ToDaFelt (big blind) collected ($2)
Seat 3: hammer0707 (button) (small blind) folded before Flop


PokerStars Hand #160815313093:  Hold'em Limit ($3/$6 USD) - 2016/11/02 19:44:50 ET
Table 'Vincentina' 6-max Seat #2 is the button
Seat 2: ToDaFelt ($110.67 in chips)
Seat 3: hammer0707 ($83.42 in chips)
ToDaFelt: posts small blind $1
hammer0707: posts big blind $3
*** HOLE CARDS ***
ToDaFelt: raises $3 to $6
hammer0707: folds
Uncalled bet ($3) returned to ToDaFelt
ToDaFelt collected $6 from pot
ToDaFelt: doesn't show hand
*** SUMMARY ***
Total pot $6 | Rake $0
Seat 2: ToDaFelt (button) (small blind) collected ($6)
Seat 3: hammer0707 (big blind) folded before Flop


PokerStars Hand #160815320823:  Hold'em Limit ($3/$6 USD) - 2016/11/02 19:45:02 ET
Table 'Vincentina' 6-max Seat #2 is the button
Seat 2: ToDaFelt ($114.67 in chips)
Seat 3: hammer0707 ($79.42 in chips)
ToDaFelt: posts small blind $1
hammer0707: posts big blind $3
*** HOLE CARDS ***
ToDaFelt: raises $3 to $6
hammer0707: folds
Uncalled bet ($3) returned to ToDaFelt
ToDaFelt collected $6 from pot
ToDaFelt: doesn't show hand
*** SUMMARY ***
Total pot $6 | Rake $0
Seat 2: ToDaFelt (button) (small blind) collected ($6)
Seat 3: hammer0707 (big blind) folded before Flop


PokerStars Hand #160815324903:  Hold'em Limit ($3/$6 USD) - 2016/11/02 19:45:08 ET
Table 'Vincentina' 6-max Seat #3 is the button
Seat 2: ToDaFelt ($117.67 in chips)
Seat 3: hammer0707 ($76.42 in chips)
hammer0707: posts small blind $1
ToDaFelt: posts big blind $3
*** HOLE CARDS ***
hammer0707: raises $3 to $6
ToDaFelt: calls $3
*** FLOP *** [Td Jc 9s]
ToDaFelt: bets $3
hammer0707: calls $3
*** TURN *** [Td Jc 9s] [6h]
ToDaFelt: bets $6
hammer0707: folds
Uncalled bet ($6) returned to ToDaFelt
ToDaFelt collected $17.64 from pot
ToDaFelt: doesn't show hand
*** SUMMARY ***
Total pot $18 | Rake $0.36
Board [Td Jc 9s 6h]
Seat 2: ToDaFelt (big blind) collected ($17.64)
Seat 3: hammer0707 (button) (small blind) folded on the Turn


PokerStars Hand #160815339727:  Hold'em Limit ($3/$6 USD) - 2016/11/02 19:45:30 ET
Table 'Vincentina' 6-max Seat #2 is the button
Seat 2: ToDaFelt ($126.31 in chips)
Seat 3: hammer0707 ($67.42 in chips)
ToDaFelt: posts small blind $1
hammer0707: posts big blind $3
*** HOLE CARDS ***
ToDaFelt: raises $3 to $6
hammer0707: calls $3
*** FLOP *** [5d 7d 9s]
hammer0707: checks
ToDaFelt: bets $3
hammer0707: raises $3 to $6
ToDaFelt: calls $3
*** TURN *** [5d 7d 9s] [2c]
hammer0707: bets $6
ToDaFelt: calls $6
*** RIVER *** [5d 7d 9s 2c] [6c]
hammer0707: bets $6
ToDaFelt: calls $6
*** SHOW DOWN ***
hammer0707: shows [2h 7h] (two pair, Sevens and Deuces)
ToDaFelt: mucks hand
hammer0707 collected $47.50 from pot
*** SUMMARY ***
Total pot $48 | Rake $0.50
Board [5d 7d 9s 2c 6c]
Seat 2: ToDaFelt (button) (small blind) mucked
Seat 3: hammer0707 (big blind) showed [2h 7h] and won ($47.50) with two pair, Sevens and Deuces


PokerStars Hand #160815358823:  Hold'em Limit ($3/$6 USD) - 2016/11/02 19:45:59 ET
Table 'Vincentina' 6-max Seat #3 is the button
Seat 2: ToDaFelt ($102.31 in chips)
Seat 3: hammer0707 ($90.92 in chips)
hammer0707: posts small blind $1
ToDaFelt: posts big blind $3
*** HOLE CARDS ***
hammer0707: raises $3 to $6
ToDaFelt: calls $3
*** FLOP *** [As Jc Ks]
ToDaFelt: checks
hammer0707: bets $3
ToDaFelt: calls $3
*** TURN *** [As Jc Ks] [3c]
ToDaFelt: checks
hammer0707: bets $6
ToDaFelt: calls $6
*** RIVER *** [As Jc Ks 3c] [Qs]
ToDaFelt: checks
hammer0707: checks
*** SHOW DOWN ***
ToDaFelt: shows [Jd 4s] (a pair of Jacks)
hammer0707: shows [Ad Ah] (three of a kind, Aces)
hammer0707 collected $29.50 from pot
*** SUMMARY ***
Total pot $30 | Rake $0.50
Board [As Jc Ks 3c Qs]
Seat 2: ToDaFelt (big blind) showed [Jd 4s] and lost with a pair of Jacks
Seat 3: hammer0707 (button) (small blind) showed [Ad Ah] and won ($29.50) with three of a kind, Aces


PokerStars Hand #160815373963:  Hold'em Limit ($3/$6 USD) - 2016/11/02 19:46:22 ET
Table 'Vincentina' 6-max Seat #2 is the button
Seat 2: ToDaFelt ($87.31 in chips)
Seat 3: hammer0707 ($105.42 in chips)
ToDaFelt: posts small blind $1
hammer0707: posts big blind $3
*** HOLE CARDS ***
ToDaFelt: folds
Uncalled bet ($2) returned to hammer0707
hammer0707 collected $2 from pot
*** SUMMARY ***
Total pot $2 | Rake $0
Seat 2: ToDaFelt (button) (small blind) folded before Flop
Seat 3: hammer0707 (big blind) collected ($2)


PokerStars Hand #160815377647:  Hold'em Limit ($3/$6 USD) - 2016/11/02 19:46:28 ET
Table 'Vincentina' 6-max Seat #3 is the button
Seat 2: ToDaFelt ($86.31 in chips)
Seat 3: hammer0707 ($106.42 in chips)
hammer0707: posts small blind $1
ToDaFelt: posts big blind $3
*** HOLE CARDS ***
hammer0707: raises $3 to $6
ToDaFelt: raises $3 to $9
hammer0707: calls $3
*** FLOP *** [Ks Jc Td]
ToDaFelt: bets $3
hammer0707: calls $3
*** TURN *** [Ks Jc Td] [9c]
ToDaFelt: bets $6
hammer0707: calls $6
*** RIVER *** [Ks Jc Td 9c] [4h]
ToDaFelt: bets $6
hammer0707: folds
Uncalled bet ($6) returned to ToDaFelt
ToDaFelt collected $35.50 from pot
ToDaFelt: doesn't show hand
*** SUMMARY ***
Total pot $36 | Rake $0.50
Board [Ks Jc Td 9c 4h]
Seat 2: ToDaFelt (big blind) collected ($35.50)
Seat 3: hammer0707 (button) (small blind) folded on the River


PokerStars Hand #160815394353:  Hold'em Limit ($3/$6 USD) - 2016/11/02 19:46:53 ET
Table 'Vincentina' 6-max Seat #2 is the button
Seat 2: ToDaFelt ($103.81 in chips)
Seat 3: hammer0707 ($88.42 in chips)
ToDaFelt: posts small blind $1
hammer0707: posts big blind $3
*** HOLE CARDS ***
ToDaFelt: raises $3 to $6
hammer0707: calls $3
*** FLOP *** [5s 9h Jh]
hammer0707: checks
ToDaFelt: bets $3
hammer0707: raises $3 to $6
ToDaFelt: calls $3
*** TURN *** [5s 9h Jh] [9d]
hammer0707: bets $6
ToDaFelt: calls $6
*** RIVER *** [5s 9h Jh 9d] [Ad]
hammer0707: bets $6
ToDaFelt: calls $6
*** SHOW DOWN ***
hammer0707: shows [5c 9c] (a full house, Nines full of Fives)
ToDaFelt: mucks hand
hammer0707 collected $47.50 from pot
*** SUMMARY ***
Total pot $48 | Rake $0.50
Board [5s 9h Jh 9d Ad]
Seat 2: ToDaFelt (button) (small blind) mucked
Seat 3: hammer0707 (big blind) showed [5c 9c] and won ($47.50) with a full house, Nines full of Fives


PokerStars Hand #160815438468:  Hold'em Limit ($3/$6 USD) - 2016/11/02 19:48:01 ET
Table 'Vincentina' 6-max Seat #2 is the button
Seat 2: ToDaFelt ($120 in chips)
Seat 3: hammer0707 ($120.56 in chips)
ToDaFelt: posts small blind $1
hammer0707: posts big blind $3
*** HOLE CARDS ***
ToDaFelt: folds
Uncalled bet ($2) returned to hammer0707
hammer0707 collected $2 from pot
*** SUMMARY ***
Total pot $2 | Rake $0
Seat 2: ToDaFelt (button) (small blind) folded before Flop
Seat 3: hammer0707 (big blind) collected ($2)


PokerStars Hand #160815419099:  Hold'em Limit ($3/$6 USD) - 2016/11/02 19:47:31 ET
Table 'Vincentina' 6-max Seat #3 is the button
Seat 2: ToDaFelt ($79.81 in chips)
Seat 3: hammer0707 ($111.92 in chips)
hammer0707: posts small blind $1
ToDaFelt: posts big blind $3
*** HOLE CARDS ***
hammer0707: raises $3 to $6
ToDaFelt: calls $3
*** FLOP *** [5h Kc 5s]
ToDaFelt: checks
hammer0707: bets $3
ToDaFelt: calls $3
*** TURN *** [5h Kc 5s] [6d]
ToDaFelt: checks
hammer0707: bets $6
ToDaFelt: folds
Uncalled bet ($6) returned to hammer0707
hammer0707 collected $17.64 from pot
*** SUMMARY ***
Total pot $18 | Rake $0.36
Board [5h Kc 5s 6d]
Seat 2: ToDaFelt (big blind) folded on the Turn
Seat 3: hammer0707 (button) (small blind) collected ($17.64)


PokerStars Hand #160815441554:  Hold'em Limit ($3/$6 USD) - 2016/11/02 19:48:05 ET
Table 'Vincentina' 6-max Seat #3 is the button
Seat 2: ToDaFelt ($119 in chips)
Seat 3: hammer0707 ($121.56 in chips)
hammer0707: posts small blind $1
ToDaFelt: posts big blind $3
*** HOLE CARDS ***
hammer0707: raises $3 to $6
ToDaFelt: folds
Uncalled bet ($3) returned to hammer0707
hammer0707 collected $6 from pot
*** SUMMARY ***
Total pot $6 | Rake $0
Seat 2: ToDaFelt (big blind) folded before Flop
Seat 3: hammer0707 (button) (small blind) collected ($6)


PokerStars Hand #160815446530:  Hold'em Limit ($3/$6 USD) - 2016/11/02 19:48:13 ET
Table 'Vincentina' 6-max Seat #2 is the button
Seat 2: ToDaFelt ($116 in chips)
Seat 3: hammer0707 ($124.56 in chips)
ToDaFelt: posts small blind $1
hammer0707: posts big blind $3
*** HOLE CARDS ***
ToDaFelt: raises $3 to $6
hammer0707: calls $3
*** FLOP *** [9d 3h 9c]
hammer0707: checks
ToDaFelt: bets $3
hammer0707: raises $3 to $6
ToDaFelt: folds
Uncalled bet ($3) returned to hammer0707
hammer0707 collected $17.64 from pot
*** SUMMARY ***
Total pot $18 | Rake $0.36
Board [9d 3h 9c]
Seat 2: ToDaFelt (button) (small blind) folded on the Flop
Seat 3: hammer0707 (big blind) collected ($17.64)


PokerStars Hand #160815466176:  Hold'em Limit ($3/$6 USD) - 2016/11/02 19:48:43 ET
Table 'Vincentina' 6-max Seat #3 is the button
Seat 2: ToDaFelt ($107 in chips)
Seat 3: hammer0707 ($133.20 in chips)
hammer0707: posts small blind $1
ToDaFelt: posts big blind $3
*** HOLE CARDS ***
hammer0707: raises $3 to $6
ToDaFelt: calls $3
*** FLOP *** [Kd 8s 5h]
ToDaFelt: checks
hammer0707: bets $3
ToDaFelt: raises $3 to $6
hammer0707: calls $3
*** TURN *** [Kd 8s 5h] [Kh]
ToDaFelt: bets $6
hammer0707: raises $6 to $12
ToDaFelt: calls $6
*** RIVER *** [Kd 8s 5h Kh] [As]
ToDaFelt: checks
hammer0707: bets $6
ToDaFelt: calls $6
*** SHOW DOWN ***
hammer0707: shows [Jd Ks] (three of a kind, Kings)
ToDaFelt: mucks hand
hammer0707 collected $59.50 from pot
*** SUMMARY ***
Total pot $60 | Rake $0.50
Board [Kd 8s 5h Kh As]
Seat 2: ToDaFelt (big blind) mucked
Seat 3: hammer0707 (button) (small blind) showed [Jd Ks] and won ($59.50) with three of a kind, Kings


PokerStars Hand #160815500865:  Hold'em Limit ($3/$6 USD) - 2016/11/02 19:49:37 ET
Table 'Vincentina' 6-max Seat #3 is the button
Seat 2: ToDaFelt ($76 in chips)
Seat 3: hammer0707 ($163.70 in chips)
hammer0707: posts small blind $1
ToDaFelt: posts big blind $3
*** HOLE CARDS ***
hammer0707: folds
Uncalled bet ($2) returned to ToDaFelt
ToDaFelt collected $2 from pot
ToDaFelt: doesn't show hand
*** SUMMARY ***
Total pot $2 | Rake $0
Seat 2: ToDaFelt (big blind) collected ($2)
Seat 3: hammer0707 (button) (small blind) folded before Flop


PokerStars Hand #160815497758:  Hold'em Limit ($3/$6 USD) - 2016/11/02 19:49:32 ET
Table 'Vincentina' 6-max Seat #2 is the button
Seat 2: ToDaFelt ($77 in chips)
Seat 3: hammer0707 ($162.70 in chips)
ToDaFelt: posts small blind $1
hammer0707: posts big blind $3
*** HOLE CARDS ***
ToDaFelt: folds
Uncalled bet ($2) returned to hammer0707
hammer0707 collected $2 from pot
*** SUMMARY ***
Total pot $2 | Rake $0
Seat 2: ToDaFelt (button) (small blind) folded before Flop
Seat 3: hammer0707 (big blind) collected ($2)


PokerStars Hand #160815504066:  Hold'em Limit ($3/$6 USD) - 2016/11/02 19:49:42 ET
Table 'Vincentina' 6-max Seat #2 is the button
Seat 2: ToDaFelt ($77 in chips)
Seat 3: hammer0707 ($162.70 in chips)
ToDaFelt: posts small blind $1
hammer0707: posts big blind $3
*** HOLE CARDS ***
ToDaFelt: raises $3 to $6
hammer0707: folds
Uncalled bet ($3) returned to ToDaFelt
ToDaFelt collected $6 from pot
ToDaFelt: doesn't show hand
*** SUMMARY ***
Total pot $6 | Rake $0
Seat 2: ToDaFelt (button) (small blind) collected ($6)
Seat 3: hammer0707 (big blind) folded before Flop


PokerStars Hand #160815509092:  Hold'em Limit ($3/$6 USD) - 2016/11/02 19:49:50 ET
Table 'Vincentina' 6-max Seat #3 is the button
Seat 2: ToDaFelt ($80 in chips)
Seat 3: hammer0707 ($159.70 in chips)
hammer0707: posts small blind $1
ToDaFelt: posts big blind $3
*** HOLE CARDS ***
hammer0707: raises $3 to $6
ToDaFelt: raises $3 to $9
hammer0707: calls $3
*** FLOP *** [Qh Jd 4s]
ToDaFelt: bets $3
hammer0707: folds
Uncalled bet ($3) returned to ToDaFelt
ToDaFelt collected $17.64 from pot
ToDaFelt: doesn't show hand
*** SUMMARY ***
Total pot $18 | Rake $0.36
Board [Qh Jd 4s]
Seat 2: ToDaFelt (big blind) collected ($17.64)
Seat 3: hammer0707 (button) (small blind) folded on the Flop


PokerStars Hand #160815520181:  Hold'em Limit ($3/$6 USD) - 2016/11/02 19:50:07 ET
Table 'Vincentina' 6-max Seat #2 is the button
Seat 2: ToDaFelt ($88.64 in chips)
Seat 3: hammer0707 ($150.70 in chips)
ToDaFelt: posts small blind $1
hammer0707: posts big blind $3
*** HOLE CARDS ***
ToDaFelt: raises $3 to $6
hammer0707: calls $3
*** FLOP *** [Ac 3s 3c]
hammer0707: checks
ToDaFelt: bets $3
hammer0707: folds
Uncalled bet ($3) returned to ToDaFelt
ToDaFelt collected $11.76 from pot
ToDaFelt: doesn't show hand
*** SUMMARY ***
Total pot $12 | Rake $0.24
Board [Ac 3s 3c]
Seat 2: ToDaFelt (button) (small blind) collected ($11.76)
Seat 3: hammer0707 (big blind) folded on the Flop


PokerStars Hand #160815530216:  Hold'em Limit ($3/$6 USD) - 2016/11/02 19:50:23 ET
Table 'Vincentina' 6-max Seat #3 is the button
Seat 2: ToDaFelt ($94.40 in chips)
Seat 3: hammer0707 ($144.70 in chips)
hammer0707: posts small blind $1
ToDaFelt: posts big blind $3
*** HOLE CARDS ***
hammer0707: folds
Uncalled bet ($2) returned to ToDaFelt
ToDaFelt collected $2 from pot
ToDaFelt: doesn't show hand
*** SUMMARY ***
Total pot $2 | Rake $0
Seat 2: ToDaFelt (big blind) collected ($2)
Seat 3: hammer0707 (button) (small blind) folded before Flop


PokerStars Hand #160815583311:  Hold'em Limit ($3/$6 USD) - 2016/11/02 19:51:45 ET
Table 'Vincentina' 6-max Seat #3 is the button
Seat 2: ToDaFelt ($99.15 in chips)
Seat 3: hammer0707 ($139.45 in chips)
hammer0707: posts small blind $1
ToDaFelt: posts big blind $3
*** HOLE CARDS ***
hammer0707: folds
Uncalled bet ($2) returned to ToDaFelt
ToDaFelt collected $2 from pot
ToDaFelt: doesn't show hand
*** SUMMARY ***
Total pot $2 | Rake $0
Seat 2: ToDaFelt (big blind) collected ($2)
Seat 3: hammer0707 (button) (small blind) folded before Flop


PokerStars Hand #160815579559:  Hold'em Limit ($3/$6 USD) - 2016/11/02 19:51:40 ET
Table 'Vincentina' 6-max Seat #2 is the button
Seat 2: ToDaFelt ($96.15 in chips)
Seat 3: hammer0707 ($142.45 in chips)
ToDaFelt: posts small blind $1
hammer0707: posts big blind $3
*** HOLE CARDS ***
ToDaFelt: raises $3 to $6
hammer0707: folds
Uncalled bet ($3) returned to ToDaFelt
ToDaFelt collected $6 from pot
ToDaFelt: doesn't show hand
*** SUMMARY ***
Total pot $6 | Rake $0
Seat 2: ToDaFelt (button) (small blind) collected ($6)
Seat 3: hammer0707 (big blind) folded before Flop


PokerStars Hand #160815576746:  Hold'em Limit ($3/$6 USD) - 2016/11/02 19:51:35 ET
Table 'Vincentina' 6-max Seat #3 is the button
Seat 2: ToDaFelt ($95.15 in chips)
Seat 3: hammer0707 ($143.45 in chips)
hammer0707: posts small blind $1
ToDaFelt: posts big blind $3
*** HOLE CARDS ***
hammer0707: folds
Uncalled bet ($2) returned to ToDaFelt
ToDaFelt collected $2 from pot
ToDaFelt: doesn't show hand
*** SUMMARY ***
Total pot $2 | Rake $0
Seat 2: ToDaFelt (big blind) collected ($2)
Seat 3: hammer0707 (button) (small blind) folded before Flop


PokerStars Hand #160815571996:  Hold'em Limit ($3/$6 USD) - 2016/11/02 19:51:28 ET
Table 'Vincentina' 6-max Seat #2 is the button
Seat 2: ToDaFelt ($92.15 in chips)
Seat 3: hammer0707 ($146.45 in chips)
ToDaFelt: posts small blind $1
hammer0707: posts big blind $3
*** HOLE CARDS ***
ToDaFelt: raises $3 to $6
hammer0707: folds
Uncalled bet ($3) returned to ToDaFelt
ToDaFelt collected $6 from pot
ToDaFelt: doesn't show hand
*** SUMMARY ***
Total pot $6 | Rake $0
Seat 2: ToDaFelt (button) (small blind) collected ($6)
Seat 3: hammer0707 (big blind) folded before Flop


PokerStars Hand #160815567685:  Hold'em Limit ($3/$6 USD) - 2016/11/02 19:51:21 ET
Table 'Vincentina' 6-max Seat #3 is the button
Seat 2: ToDaFelt ($95.15 in chips)
Seat 3: hammer0707 ($143.45 in chips)
hammer0707: posts small blind $1
ToDaFelt: posts big blind $3
*** HOLE CARDS ***
hammer0707: raises $3 to $6
ToDaFelt: folds
Uncalled bet ($3) returned to hammer0707
hammer0707 collected $6 from pot
*** SUMMARY ***
Total pot $6 | Rake $0
Seat 2: ToDaFelt (big blind) folded before Flop
Seat 3: hammer0707 (button) (small blind) collected ($6)


PokerStars Hand #160815564131:  Hold'em Limit ($3/$6 USD) - 2016/11/02 19:51:16 ET
Table 'Vincentina' 6-max Seat #2 is the button
Seat 2: ToDaFelt ($96.15 in chips)
Seat 3: hammer0707 ($142.45 in chips)
ToDaFelt: posts small blind $1
hammer0707: posts big blind $3
*** HOLE CARDS ***
ToDaFelt: folds
Uncalled bet ($2) returned to hammer0707
hammer0707 collected $2 from pot
*** SUMMARY ***
Total pot $2 | Rake $0
Seat 2: ToDaFelt (button) (small blind) folded before Flop
Seat 3: hammer0707 (big blind) collected ($2)


PokerStars Hand #160815561106:  Hold'em Limit ($3/$6 USD) - 2016/11/02 19:51:11 ET
Table 'Vincentina' 6-max Seat #3 is the button
Seat 2: ToDaFelt ($95.15 in chips)
Seat 3: hammer0707 ($143.45 in chips)
hammer0707: posts small blind $1
ToDaFelt: posts big blind $3
*** HOLE CARDS ***
hammer0707: folds
Uncalled bet ($2) returned to ToDaFelt
ToDaFelt collected $2 from pot
ToDaFelt: doesn't show hand
*** SUMMARY ***
Total pot $2 | Rake $0
Seat 2: ToDaFelt (big blind) collected ($2)
Seat 3: hammer0707 (button) (small blind) folded before Flop


PokerStars Hand #160815533255:  Hold'em Limit ($3/$6 USD) - 2016/11/02 19:50:27 ET
Table 'Vincentina' 6-max Seat #2 is the button
Seat 2: ToDaFelt ($95.40 in chips)
Seat 3: hammer0707 ($143.70 in chips)
ToDaFelt: posts small blind $1
hammer0707: posts big blind $3
*** HOLE CARDS ***
ToDaFelt: raises $3 to $6
hammer0707: raises $3 to $9
ToDaFelt: calls $3
*** FLOP *** [Jh 2s 5d]
hammer0707: bets $3
ToDaFelt: calls $3
*** TURN *** [Jh 2s 5d] [5h]
hammer0707: bets $6
ToDaFelt: raises $6 to $12
hammer0707: calls $6
*** RIVER *** [Jh 2s 5d 5h] [Kd]
hammer0707: checks
ToDaFelt: bets $6
hammer0707: calls $6
*** SHOW DOWN ***
ToDaFelt: shows [4s Js] (two pair, Jacks and Fives)
hammer0707: shows [Th Jc] (two pair, Jacks and Fives)
hammer0707 collected $29.75 from pot
ToDaFelt collected $29.75 from pot
*** SUMMARY ***
Total pot $60 | Rake $0.50
Board [Jh 2s 5d 5h Kd]
Seat 2: ToDaFelt (button) (small blind) showed [4s Js] and won ($29.75) with two pair, Jacks and Fives
Seat 3: hammer0707 (big blind) showed [Th Jc] and won ($29.75) with two pair, Jacks and Fives


PokerStars Hand #160815606947:  Hold'em Limit ($3/$6 USD) - 2016/11/02 19:52:23 ET
Table 'Vincentina' 6-max Seat #2 is the button
Seat 2: ToDaFelt ($95.15 in chips)
Seat 3: hammer0707 ($143.21 in chips)
ToDaFelt: posts small blind $1
hammer0707: posts big blind $3
*** HOLE CARDS ***
ToDaFelt: raises $3 to $6
hammer0707: calls $3
*** FLOP *** [9d 5s 9h]
hammer0707: checks
ToDaFelt: bets $3
hammer0707: raises $3 to $6
ToDaFelt: folds
Uncalled bet ($3) returned to hammer0707
hammer0707 collected $17.64 from pot
*** SUMMARY ***
Total pot $18 | Rake $0.36
Board [9d 5s 9h]
Seat 2: ToDaFelt (button) (small blind) folded on the Flop
Seat 3: hammer0707 (big blind) collected ($17.64)


PokerStars Hand #160815604040:  Hold'em Limit ($3/$6 USD) - 2016/11/02 19:52:18 ET
Table 'Vincentina' 6-max Seat #3 is the button
Seat 2: ToDaFelt ($94.15 in chips)
Seat 3: hammer0707 ($144.21 in chips)
hammer0707: posts small blind $1
ToDaFelt: posts big blind $3
*** HOLE CARDS ***
hammer0707: folds
Uncalled bet ($2) returned to ToDaFelt
ToDaFelt collected $2 from pot
ToDaFelt: doesn't show hand
*** SUMMARY ***
Total pot $2 | Rake $0
Seat 2: ToDaFelt (big blind) collected ($2)
Seat 3: hammer0707 (button) (small blind) folded before Flop


PokerStars Hand #160815586465:  Hold'em Limit ($3/$6 USD) - 2016/11/02 19:51:51 ET
Table 'Vincentina' 6-max Seat #2 is the button
Seat 2: ToDaFelt ($100.15 in chips)
Seat 3: hammer0707 ($138.45 in chips)
ToDaFelt: posts small blind $1
hammer0707: posts big blind $3
*** HOLE CARDS ***
ToDaFelt: raises $3 to $6
hammer0707: calls $3
*** FLOP *** [9h 5d 8h]
hammer0707: checks
ToDaFelt: checks
*** TURN *** [9h 5d 8h] [Ks]
hammer0707: bets $6
ToDaFelt: folds
Uncalled bet ($6) returned to hammer0707
hammer0707 collected $11.76 from pot
*** SUMMARY ***
Total pot $12 | Rake $0.24
Board [9h 5d 8h Ks]
Seat 2: ToDaFelt (button) (small blind) folded on the Turn
Seat 3: hammer0707 (big blind) collected ($11.76)


PokerStars Hand #160815640511:  Hold'em Limit ($3/$6 USD) - 2016/11/02 19:53:16 ET
Table 'Vincentina' 6-max Seat #2 is the button
Seat 2: ToDaFelt ($103.65 in chips)
Seat 3: hammer0707 ($133.85 in chips)
ToDaFelt: posts small blind $1
hammer0707: posts big blind $3
*** HOLE CARDS ***
ToDaFelt: raises $3 to $6
hammer0707: calls $3
*** FLOP *** [Tc Qd Ah]
hammer0707: checks
ToDaFelt: bets $3
hammer0707: calls $3
*** TURN *** [Tc Qd Ah] [2s]
hammer0707: checks
ToDaFelt: checks
*** RIVER *** [Tc Qd Ah 2s] [Kh]
hammer0707: bets $6
ToDaFelt: raises $6 to $12
hammer0707: raises $6 to $18
ToDaFelt: raises $6 to $24
Betting is capped
hammer0707: calls $6
*** SHOW DOWN ***
ToDaFelt: shows [2c Js] (a straight, Ten to Ace)
hammer0707: shows [Jh 6d] (a straight, Ten to Ace)
hammer0707 collected $32.75 from pot
ToDaFelt collected $32.75 from pot
*** SUMMARY ***
Total pot $66 | Rake $0.50
Board [Tc Qd Ah 2s Kh]
Seat 2: ToDaFelt (button) (small blind) showed [2c Js] and won ($32.75) with a straight, Ten to Ace
Seat 3: hammer0707 (big blind) showed [Jh 6d] and won ($32.75) with a straight, Ten to Ace


PokerStars Hand #160815621790:  Hold'em Limit ($3/$6 USD) - 2016/11/02 19:52:46 ET
Table 'Vincentina' 6-max Seat #3 is the button
Seat 2: ToDaFelt ($86.15 in chips)
Seat 3: hammer0707 ($151.85 in chips)
hammer0707: posts small blind $1
ToDaFelt: posts big blind $3
*** HOLE CARDS ***
hammer0707: raises $3 to $6
ToDaFelt: calls $3
*** FLOP *** [Ah Tc 8d]
ToDaFelt: checks
hammer0707: bets $3
ToDaFelt: raises $3 to $6
hammer0707: calls $3
*** TURN *** [Ah Tc 8d] [5d]
ToDaFelt: bets $6
hammer0707: calls $6
*** RIVER *** [Ah Tc 8d 5d] [9s]
ToDaFelt: bets $6
hammer0707: folds
Uncalled bet ($6) returned to ToDaFelt
ToDaFelt collected $35.50 from pot
ToDaFelt: doesn't show hand
*** SUMMARY ***
Total pot $36 | Rake $0.50
Board [Ah Tc 8d 5d 9s]
Seat 2: ToDaFelt (big blind) collected ($35.50)
Seat 3: hammer0707 (button) (small blind) folded on the River


PokerStars Hand #160815699905:  Hold'em Limit ($3/$6 USD) - 2016/11/02 19:54:49 ET
Table 'Vincentina' 6-max Seat #3 is the button
Seat 2: ToDaFelt ($132.66 in chips)
Seat 3: hammer0707 ($103.60 in chips)
hammer0707: posts small blind $1
ToDaFelt: posts big blind $3
*** HOLE CARDS ***
hammer0707: raises $3 to $6
ToDaFelt: raises $3 to $9
hammer0707: calls $3
*** FLOP *** [8h Qc 2d]
ToDaFelt: bets $3
hammer0707: calls $3
*** TURN *** [8h Qc 2d] [8c]
ToDaFelt: bets $6
hammer0707: folds
Uncalled bet ($6) returned to ToDaFelt
ToDaFelt collected $23.52 from pot
ToDaFelt: doesn't show hand
*** SUMMARY ***
Total pot $24 | Rake $0.48
Board [8h Qc 2d 8c]
Seat 2: ToDaFelt (big blind) collected ($23.52)
Seat 3: hammer0707 (button) (small blind) folded on the Turn


PokerStars Hand #160815691132:  Hold'em Limit ($3/$6 USD) - 2016/11/02 19:54:35 ET
Table 'Vincentina' 6-max Seat #2 is the button
Seat 2: ToDaFelt ($126.90 in chips)
Seat 3: hammer0707 ($109.60 in chips)
ToDaFelt: posts small blind $1
hammer0707: posts big blind $3
*** HOLE CARDS ***
ToDaFelt: raises $3 to $6
hammer0707: calls $3
*** FLOP *** [Th 3s 2s]
hammer0707: checks
ToDaFelt: bets $3
hammer0707: folds
Uncalled bet ($3) returned to ToDaFelt
ToDaFelt collected $11.76 from pot
ToDaFelt: doesn't show hand
*** SUMMARY ***
Total pot $12 | Rake $0.24
Board [Th 3s 2s]
Seat 2: ToDaFelt (button) (small blind) collected ($11.76)
Seat 3: hammer0707 (big blind) folded on the Flop


PokerStars Hand #160815666807:  Hold'em Limit ($3/$6 USD) - 2016/11/02 19:53:56 ET
Table 'Vincentina' 6-max Seat #3 is the button
Seat 2: ToDaFelt ($103.40 in chips)
Seat 3: hammer0707 ($133.60 in chips)
hammer0707: posts small blind $1
ToDaFelt: posts big blind $3
*** HOLE CARDS ***
hammer0707: raises $3 to $6
ToDaFelt: raises $3 to $9
hammer0707: calls $3
*** FLOP *** [Kd Qs 7c]
ToDaFelt: bets $3
hammer0707: calls $3
*** TURN *** [Kd Qs 7c] [Js]
ToDaFelt: bets $6
hammer0707: calls $6
*** RIVER *** [Kd Qs 7c Js] [8c]
ToDaFelt: bets $6
hammer0707: calls $6
*** SHOW DOWN ***
ToDaFelt: shows [9s Qc] (a pair of Queens)
hammer0707: mucks hand
ToDaFelt collected $47.50 from pot
*** SUMMARY ***
Total pot $48 | Rake $0.50
Board [Kd Qs 7c Js 8c]
Seat 2: ToDaFelt (big blind) showed [9s Qc] and won ($47.50) with a pair of Queens
Seat 3: hammer0707 (button) (small blind) mucked


PokerStars Hand #160815713380:  Hold'em Limit ($3/$6 USD) - 2016/11/02 19:55:10 ET
Table 'Vincentina' 6-max Seat #3 is the button
Seat 2: ToDaFelt ($147.18 in chips)
Seat 3: hammer0707 ($88.60 in chips)
hammer0707: posts small blind $1
ToDaFelt: posts big blind $3
*** HOLE CARDS ***
hammer0707: raises $3 to $6
ToDaFelt: calls $3
*** FLOP *** [2h 5h Tc]
ToDaFelt: checks
hammer0707: bets $3
ToDaFelt: folds
Uncalled bet ($3) returned to hammer0707
hammer0707 collected $11.76 from pot
*** SUMMARY ***
Total pot $12 | Rake $0.24
Board [2h 5h Tc]
Seat 2: ToDaFelt (big blind) folded on the Flop
Seat 3: hammer0707 (button) (small blind) collected ($11.76)


PokerStars Hand #160815709293:  Hold'em Limit ($3/$6 USD) - 2016/11/02 19:55:04 ET
Table 'Vincentina' 6-max Seat #2 is the button
Seat 2: ToDaFelt ($144.18 in chips)
Seat 3: hammer0707 ($91.60 in chips)
ToDaFelt: posts small blind $1
hammer0707: posts big blind $3
*** HOLE CARDS ***
ToDaFelt: raises $3 to $6
hammer0707: folds
Uncalled bet ($3) returned to ToDaFelt
ToDaFelt collected $6 from pot
ToDaFelt: doesn't show hand
*** SUMMARY ***
Total pot $6 | Rake $0
Seat 2: ToDaFelt (button) (small blind) collected ($6)
Seat 3: hammer0707 (big blind) folded before Flop


PokerStars Hand #160815746692:  Hold'em Limit ($3/$6 USD) - 2016/11/02 19:56:13 ET
Table 'Vincentina' 6-max Seat #2 is the button
Seat 2: ToDaFelt ($124.18 in chips)
Seat 3: hammer0707 ($110.86 in chips)
ToDaFelt: posts small blind $1
hammer0707: posts big blind $3
*** HOLE CARDS ***
ToDaFelt: raises $3 to $6
hammer0707: calls $3
*** FLOP *** [7s 4d 5c]
hammer0707: checks
ToDaFelt: checks
*** TURN *** [7s 4d 5c] [7d]
hammer0707: bets $6
ToDaFelt: calls $6
*** RIVER *** [7s 4d 5c 7d] [2c]
hammer0707: bets $6
ToDaFelt: folds
Uncalled bet ($6) returned to hammer0707
hammer0707 collected $23.52 from pot
*** SUMMARY ***
Total pot $24 | Rake $0.48
Board [7s 4d 5c 7d 2c]
Seat 2: ToDaFelt (button) (small blind) folded on the River
Seat 3: hammer0707 (big blind) collected ($23.52)


PokerStars Hand #160815744109:  Hold'em Limit ($3/$6 USD) - 2016/11/02 19:56:08 ET
Table 'Vincentina' 6-max Seat #3 is the button
Seat 2: ToDaFelt ($123.18 in chips)
Seat 3: hammer0707 ($111.86 in chips)
hammer0707: posts small blind $1
ToDaFelt: posts big blind $3
*** HOLE CARDS ***
hammer0707: folds
Uncalled bet ($2) returned to ToDaFelt
ToDaFelt collected $2 from pot
ToDaFelt: doesn't show hand
*** SUMMARY ***
Total pot $2 | Rake $0
Seat 2: ToDaFelt (big blind) collected ($2)
Seat 3: hammer0707 (button) (small blind) folded before Flop


PokerStars Hand #160815727023:  Hold'em Limit ($3/$6 USD) - 2016/11/02 19:55:36 ET
Table 'Vincentina' 6-max Seat #2 is the button
Seat 2: ToDaFelt ($141.18 in chips)
Seat 3: hammer0707 ($94.36 in chips)
ToDaFelt: posts small blind $1
hammer0707: posts big blind $3
*** HOLE CARDS ***
ToDaFelt: raises $3 to $6
hammer0707: calls $3
*** FLOP *** [3s 7d Ah]
hammer0707: checks
ToDaFelt: bets $3
hammer0707: raises $3 to $6
ToDaFelt: calls $3
*** TURN *** [3s 7d Ah] [9d]
hammer0707: bets $6
ToDaFelt: calls $6
*** RIVER *** [3s 7d Ah 9d] [Ad]
hammer0707: checks
ToDaFelt: checks
*** SHOW DOWN ***
hammer0707: shows [Qs 5d] (a pair of Aces)
ToDaFelt: mucks hand
hammer0707 collected $35.50 from pot
*** SUMMARY ***
Total pot $36 | Rake $0.50
Board [3s 7d Ah 9d Ad]
Seat 2: ToDaFelt (button) (small blind) mucked
Seat 3: hammer0707 (big blind) showed [Qs 5d] and won ($35.50) with a pair of Aces


PokerStars Hand #160815782142:  Hold'em Limit ($3/$6 USD) - 2016/11/02 19:57:18 ET
Table 'Vincentina' 6-max Seat #2 is the button
Seat 2: ToDaFelt ($120.82 in chips)
Seat 3: hammer0707 ($113.38 in chips)
ToDaFelt: posts small blind $1
hammer0707: posts big blind $3
*** HOLE CARDS ***
ToDaFelt: raises $3 to $6
hammer0707: calls $3
*** FLOP *** [8d Qh 6h]
hammer0707: checks
ToDaFelt: bets $3
hammer0707: raises $3 to $6
ToDaFelt: folds
Uncalled bet ($3) returned to hammer0707
hammer0707 collected $17.64 from pot
*** SUMMARY ***
Total pot $18 | Rake $0.36
Board [8d Qh 6h]
Seat 2: ToDaFelt (button) (small blind) folded on the Flop
Seat 3: hammer0707 (big blind) collected ($17.64)


PokerStars Hand #160815763381:  Hold'em Limit ($3/$6 USD) - 2016/11/02 19:56:44 ET
Table 'Vincentina' 6-max Seat #3 is the button
Seat 2: ToDaFelt ($112.18 in chips)
Seat 3: hammer0707 ($122.38 in chips)
hammer0707: posts small blind $1
ToDaFelt: posts big blind $3
*** HOLE CARDS ***
hammer0707: raises $3 to $6
ToDaFelt: calls $3
*** FLOP *** [Td 6c 7s]
ToDaFelt: bets $3
hammer0707: calls $3
*** TURN *** [Td 6c 7s] [Ac]
ToDaFelt: bets $6
hammer0707: folds
Uncalled bet ($6) returned to ToDaFelt
ToDaFelt collected $17.64 from pot
ToDaFelt: doesn't show hand
*** SUMMARY ***
Total pot $18 | Rake $0.36
Board [Td 6c 7s Ac]
Seat 2: ToDaFelt (big blind) collected ($17.64)
Seat 3: hammer0707 (button) (small blind) folded on the Turn


PokerStars Hand #160815815968:  Hold'em Limit ($3/$6 USD) - 2016/11/02 19:58:21 ET
Table 'Vincentina' 6-max Seat #3 is the button
Seat 2: ToDaFelt ($128.32 in chips)
Seat 3: hammer0707 ($105.02 in chips)
hammer0707: posts small blind $1
ToDaFelt: posts big blind $3
*** HOLE CARDS ***
hammer0707: folds
Uncalled bet ($2) returned to ToDaFelt
ToDaFelt collected $2 from pot
ToDaFelt: doesn't show hand
*** SUMMARY ***
Total pot $2 | Rake $0
Seat 2: ToDaFelt (big blind) collected ($2)
Seat 3: hammer0707 (button) (small blind) folded before Flop


PokerStars Hand #160815811844:  Hold'em Limit ($3/$6 USD) - 2016/11/02 19:58:13 ET
Table 'Vincentina' 6-max Seat #2 is the button
Seat 2: ToDaFelt ($129.32 in chips)
Seat 3: hammer0707 ($104.02 in chips)
ToDaFelt: posts small blind $1
hammer0707: posts big blind $3
*** HOLE CARDS ***
ToDaFelt: folds
Uncalled bet ($2) returned to hammer0707
hammer0707 collected $2 from pot
*** SUMMARY ***
Total pot $2 | Rake $0
Seat 2: ToDaFelt (button) (small blind) folded before Flop
Seat 3: hammer0707 (big blind) collected ($2)


PokerStars Hand #160815794568:  Hold'em Limit ($3/$6 USD) - 2016/11/02 19:57:41 ET
Table 'Vincentina' 6-max Seat #3 is the button
Seat 2: ToDaFelt ($111.82 in chips)
Seat 3: hammer0707 ($122.02 in chips)
hammer0707: posts small blind $1
ToDaFelt: posts big blind $3
*** HOLE CARDS ***
hammer0707: raises $3 to $6
ToDaFelt: calls $3
*** FLOP *** [3h 6d Th]
ToDaFelt: checks
hammer0707: bets $3
ToDaFelt: raises $3 to $6
hammer0707: calls $3
*** TURN *** [3h 6d Th] [9d]
ToDaFelt: bets $6
hammer0707: calls $6
*** RIVER *** [3h 6d Th 9d] [Tc]
ToDaFelt: bets $6
hammer0707: folds
Uncalled bet ($6) returned to ToDaFelt
ToDaFelt collected $35.50 from pot
ToDaFelt: doesn't show hand
*** SUMMARY ***
Total pot $36 | Rake $0.50
Board [3h 6d Th 9d Tc]
Seat 2: ToDaFelt (big blind) collected ($35.50)
Seat 3: hammer0707 (button) (small blind) folded on the River


