PokerStars Hand #176036574790:  Hold'em Limit ($3/$6 USD) - 2017/09/23 18:34:50 ET
Table 'Vincentina' 6-max Seat #4 is the button
Seat 4: smartp77 ($62.11 in chips)
Seat 6: Ag3r0n ($72 in chips)
smartp77: posts small blind $1
GoliafUa: is sitting out
Ag3r0n: posts big blind $3
*** HOLE CARDS ***
GoliafUa leaves the table
smartp77: calls $2
Ag3r0n: raises $3 to $6
smartp77: calls $3
*** FLOP *** [3h 8h 5h]
Ag3r0n: bets $3
smartp77: calls $3
*** TURN *** [3h 8h 5h] [3c]
Ag3r0n: bets $6
smartp77: calls $6
*** RIVER *** [3h 8h 5h 3c] [Kc]
Ag3r0n: checks
smartp77: checks
*** SHOW DOWN ***
Ag3r0n: shows [4d 4h] (two pair, Fours and Threes)
smartp77: shows [Ts Th] (two pair, Tens and Threes)
smartp77 collected $29.50 from pot
*** SUMMARY ***
Total pot $30 | Rake $0.50
Board [3h 8h 5h 3c Kc]
Seat 4: smartp77 (button) (small blind) showed [Ts Th] and won ($29.50) with two pair, Tens and Threes
Seat 6: Ag3r0n (big blind) showed [4d 4h] and lost with two pair, Fours and Threes


PokerStars Hand #176036586904:  Hold'em Limit ($3/$6 USD) - 2017/09/23 18:35:09 ET
Table 'Vincentina' 6-max Seat #6 is the button
Seat 4: smartp77 ($76.61 in chips)
Seat 6: Ag3r0n ($72 in chips)
Ag3r0n: posts small blind $1
smartp77: posts big blind $3
*** HOLE CARDS ***
Ag3r0n: raises $3 to $6
smartp77: calls $3
*** FLOP *** [Ac 9c Tc]
smartp77: checks
Ag3r0n: bets $3
smartp77: calls $3
*** TURN *** [Ac 9c Tc] [Js]
smartp77: checks
Ag3r0n: checks
*** RIVER *** [Ac 9c Tc Js] [4d]
smartp77: checks
Ag3r0n: bets $6
smartp77: calls $6
*** SHOW DOWN ***
Ag3r0n: shows [Qc 6s] (high card Ace)
smartp77: shows [Jd 7c] (a pair of Jacks)
smartp77 collected $29.50 from pot
*** SUMMARY ***
Total pot $30 | Rake $0.50
Board [Ac 9c Tc Js 4d]
Seat 4: smartp77 (big blind) showed [Jd 7c] and won ($29.50) with a pair of Jacks
Seat 6: Ag3r0n (button) (small blind) showed [Qc 6s] and lost with high card Ace


PokerStars Hand #176036602054:  Hold'em Limit ($3/$6 USD) - 2017/09/23 18:35:32 ET
Table 'Vincentina' 6-max Seat #4 is the button
Seat 4: smartp77 ($91.11 in chips)
Seat 6: Ag3r0n ($72 in chips)
smartp77: posts small blind $1
Ag3r0n: posts big blind $3
*** HOLE CARDS ***
smartp77: calls $2
Ag3r0n: raises $3 to $6
smartp77: calls $3
*** FLOP *** [4c 6d 6c]
Ag3r0n: bets $3
smartp77: folds
Uncalled bet ($3) returned to Ag3r0n
Ag3r0n collected $11.76 from pot
Ag3r0n: doesn't show hand
*** SUMMARY ***
Total pot $12 | Rake $0.24
Board [4c 6d 6c]
Seat 4: smartp77 (button) (small blind) folded on the Flop
Seat 6: Ag3r0n (big blind) collected ($11.76)


PokerStars Hand #176036611708:  Hold'em Limit ($3/$6 USD) - 2017/09/23 18:35:47 ET
Table 'Vincentina' 6-max Seat #6 is the button
Seat 4: smartp77 ($85.11 in chips)
Seat 6: Ag3r0n ($77.76 in chips)
Ag3r0n: posts small blind $1
smartp77: posts big blind $3
*** HOLE CARDS ***
Ag3r0n: raises $3 to $6
smartp77: calls $3
*** FLOP *** [Qd Td Tc]
smartp77: bets $3
Ag3r0n: calls $3
*** TURN *** [Qd Td Tc] [As]
smartp77: bets $6
Ag3r0n: raises $6 to $12
smartp77: calls $6
*** RIVER *** [Qd Td Tc As] [Kh]
smartp77: checks
Ag3r0n: checks
*** SHOW DOWN ***
smartp77: shows [Ah 5s] (two pair, Aces and Tens)
Ag3r0n: shows [Qh Ac] (two pair, Aces and Queens)
Ag3r0n collected $41.50 from pot
*** SUMMARY ***
Total pot $42 | Rake $0.50
Board [Qd Td Tc As Kh]
Seat 4: smartp77 (big blind) showed [Ah 5s] and lost with two pair, Aces and Tens
Seat 6: Ag3r0n (button) (small blind) showed [Qh Ac] and won ($41.50) with two pair, Aces and Queens


PokerStars Hand #176036623922:  Hold'em Limit ($3/$6 USD) - 2017/09/23 18:36:06 ET
Table 'Vincentina' 6-max Seat #4 is the button
Seat 4: smartp77 ($64.11 in chips)
Seat 6: Ag3r0n ($98.26 in chips)
smartp77: posts small blind $1
Ag3r0n: posts big blind $3
*** HOLE CARDS ***
smartp77: calls $2
Ag3r0n: checks
*** FLOP *** [6c Kh 9s]
Ag3r0n: bets $3
smartp77: calls $3
*** TURN *** [6c Kh 9s] [Jh]
Ag3r0n: bets $6
smartp77: calls $6
*** RIVER *** [6c Kh 9s Jh] [Th]
Ag3r0n: checks
smartp77: checks
*** SHOW DOWN ***
Ag3r0n: shows [5h Ks] (a pair of Kings)
smartp77: mucks hand
Ag3r0n collected $23.52 from pot
*** SUMMARY ***
Total pot $24 | Rake $0.48
Board [6c Kh 9s Jh Th]
Seat 4: smartp77 (button) (small blind) mucked
Seat 6: Ag3r0n (big blind) showed [5h Ks] and won ($23.52) with a pair of Kings


PokerStars Hand #176036636854:  Hold'em Limit ($3/$6 USD) - 2017/09/23 18:36:26 ET
Table 'Vincentina' 6-max Seat #6 is the button
Seat 4: smartp77 ($52.11 in chips)
Seat 6: Ag3r0n ($109.78 in chips)
Ag3r0n: posts small blind $1
smartp77: posts big blind $3
*** HOLE CARDS ***
Ag3r0n: raises $3 to $6
smartp77: calls $3
*** FLOP *** [6h 3h Qs]
smartp77: checks
Ag3r0n: bets $3
smartp77: calls $3
*** TURN *** [6h 3h Qs] [2h]
smartp77: checks
Ag3r0n: bets $6
smartp77: calls $6
*** RIVER *** [6h 3h Qs 2h] [2c]
smartp77: checks
Ag3r0n: checks
*** SHOW DOWN ***
smartp77: shows [6d Jd] (two pair, Sixes and Deuces)
Ag3r0n: mucks hand
smartp77 collected $29.50 from pot
*** SUMMARY ***
Total pot $30 | Rake $0.50
Board [6h 3h Qs 2h 2c]
Seat 4: smartp77 (big blind) showed [6d Jd] and won ($29.50) with two pair, Sixes and Deuces
Seat 6: Ag3r0n (button) (small blind) mucked


PokerStars Hand #176036648345:  Hold'em Limit ($3/$6 USD) - 2017/09/23 18:36:43 ET
Table 'Vincentina' 6-max Seat #4 is the button
Seat 4: smartp77 ($66.61 in chips)
Seat 6: Ag3r0n ($94.78 in chips)
smartp77: posts small blind $1
Ag3r0n: posts big blind $3
*** HOLE CARDS ***
smartp77: calls $2
Ag3r0n: checks
*** FLOP *** [9c 3c 7s]
Ag3r0n: bets $3
smartp77: calls $3
*** TURN *** [9c 3c 7s] [5h]
Ag3r0n: bets $6
smartp77: calls $6
*** RIVER *** [9c 3c 7s 5h] [Kc]
Ag3r0n: checks
smartp77: checks
*** SHOW DOWN ***
Ag3r0n: shows [7d 6s] (a pair of Sevens)
smartp77: mucks hand
Ag3r0n collected $23.52 from pot
*** SUMMARY ***
Total pot $24 | Rake $0.48
Board [9c 3c 7s 5h Kc]
Seat 4: smartp77 (button) (small blind) mucked
Seat 6: Ag3r0n (big blind) showed [7d 6s] and won ($23.52) with a pair of Sevens


PokerStars Hand #176036662092:  Hold'em Limit ($3/$6 USD) - 2017/09/23 18:37:05 ET
Table 'Vincentina' 6-max Seat #4 is the button
Seat 4: smartp77 ($55.61 in chips)
Seat 6: Ag3r0n ($105.30 in chips)
smartp77: posts small blind $1
Ag3r0n: posts big blind $3
*** HOLE CARDS ***
smartp77: folds
Uncalled bet ($2) returned to Ag3r0n
Ag3r0n collected $2 from pot
Ag3r0n: doesn't show hand
*** SUMMARY ***
Total pot $2 | Rake $0
Seat 4: smartp77 (button) (small blind) folded before Flop
Seat 6: Ag3r0n (big blind) collected ($2)


PokerStars Hand #176036659382:  Hold'em Limit ($3/$6 USD) - 2017/09/23 18:37:00 ET
Table 'Vincentina' 6-max Seat #6 is the button
Seat 4: smartp77 ($54.61 in chips)
Seat 6: Ag3r0n ($106.30 in chips)
Ag3r0n: posts small blind $1
smartp77: posts big blind $3
*** HOLE CARDS ***
Ag3r0n: folds
Uncalled bet ($2) returned to smartp77
smartp77 collected $2 from pot
*** SUMMARY ***
Total pot $2 | Rake $0
Seat 4: smartp77 (big blind) collected ($2)
Seat 6: Ag3r0n (button) (small blind) folded before Flop


PokerStars Hand #176036665477:  Hold'em Limit ($3/$6 USD) - 2017/09/23 18:37:10 ET
Table 'Vincentina' 6-max Seat #6 is the button
Seat 4: smartp77 ($54.61 in chips)
Seat 6: Ag3r0n ($106.30 in chips)
Ag3r0n: posts small blind $1
smartp77: posts big blind $3
*** HOLE CARDS ***
Ag3r0n: folds
Uncalled bet ($2) returned to smartp77
smartp77 collected $2 from pot
*** SUMMARY ***
Total pot $2 | Rake $0
Seat 4: smartp77 (big blind) collected ($2)
Seat 6: Ag3r0n (button) (small blind) folded before Flop


PokerStars Hand #176036674678:  Hold'em Limit ($3/$6 USD) - 2017/09/23 18:37:24 ET
Table 'Vincentina' 6-max Seat #6 is the button
Seat 4: smartp77 ($58.49 in chips)
Seat 6: Ag3r0n ($102.30 in chips)
Ag3r0n: posts small blind $1
smartp77: posts big blind $3
*** HOLE CARDS ***
Ag3r0n: folds
Uncalled bet ($2) returned to smartp77
smartp77 collected $2 from pot
*** SUMMARY ***
Total pot $2 | Rake $0
Seat 4: smartp77 (big blind) collected ($2)
Seat 6: Ag3r0n (button) (small blind) folded before Flop


PokerStars Hand #176036669081:  Hold'em Limit ($3/$6 USD) - 2017/09/23 18:37:15 ET
Table 'Vincentina' 6-max Seat #4 is the button
Seat 4: smartp77 ($55.61 in chips)
Seat 6: Ag3r0n ($105.30 in chips)
smartp77: posts small blind $1
Ag3r0n: posts big blind $3
*** HOLE CARDS ***
smartp77: calls $2
Ag3r0n: checks
*** FLOP *** [8s 3h Jh]
Ag3r0n: checks
smartp77: bets $3
Ag3r0n: folds
Uncalled bet ($3) returned to smartp77
smartp77 collected $5.88 from pot
*** SUMMARY ***
Total pot $6 | Rake $0.12
Board [8s 3h Jh]
Seat 4: smartp77 (button) (small blind) collected ($5.88)
Seat 6: Ag3r0n (big blind) folded on the Flop


PokerStars Hand #176036677284:  Hold'em Limit ($3/$6 USD) - 2017/09/23 18:37:28 ET
Table 'Vincentina' 6-max Seat #4 is the button
Seat 4: smartp77 ($59.49 in chips)
Seat 6: Ag3r0n ($101.30 in chips)
smartp77: posts small blind $1
Ag3r0n: posts big blind $3
*** HOLE CARDS ***
smartp77: calls $2
Ag3r0n: checks
*** FLOP *** [3c 8c Td]
Ag3r0n: bets $3
smartp77: calls $3
*** TURN *** [3c 8c Td] [5d]
Ag3r0n: bets $6
smartp77: calls $6
*** RIVER *** [3c 8c Td 5d] [8s]
Ag3r0n: bets $6
smartp77: calls $6
*** SHOW DOWN ***
Ag3r0n: shows [Js 8d] (three of a kind, Eights)
smartp77: mucks hand
Ag3r0n collected $35.50 from pot
*** SUMMARY ***
Total pot $36 | Rake $0.50
Board [3c 8c Td 5d 8s]
Seat 4: smartp77 (button) (small blind) mucked
Seat 6: Ag3r0n (big blind) showed [Js 8d] and won ($35.50) with three of a kind, Eights


PokerStars Hand #176036687489:  Hold'em Limit ($3/$6 USD) - 2017/09/23 18:37:44 ET
Table 'Vincentina' 6-max Seat #6 is the button
Seat 4: smartp77 ($41.49 in chips)
Seat 6: Ag3r0n ($118.80 in chips)
Ag3r0n: posts small blind $1
smartp77: posts big blind $3
*** HOLE CARDS ***
Ag3r0n: raises $3 to $6
smartp77: calls $3
*** FLOP *** [9h 7s 7d]
smartp77: bets $3
Ag3r0n: calls $3
*** TURN *** [9h 7s 7d] [Js]
smartp77: bets $6
Ag3r0n: calls $6
*** RIVER *** [9h 7s 7d Js] [8s]
smartp77: bets $6
Ag3r0n: raises $6 to $12
smartp77: calls $6
*** SHOW DOWN ***
Ag3r0n: shows [Tc Kh] (a straight, Seven to Jack)
smartp77: mucks hand
Ag3r0n collected $53.50 from pot
*** SUMMARY ***
Total pot $54 | Rake $0.50
Board [9h 7s 7d Js 8s]
Seat 4: smartp77 (big blind) mucked
Seat 6: Ag3r0n (button) (small blind) showed [Tc Kh] and won ($53.50) with a straight, Seven to Jack


PokerStars Hand #176036705602:  Hold'em Limit ($3/$6 USD) - 2017/09/23 18:38:12 ET
Table 'Vincentina' 6-max Seat #6 is the button
Seat 4: smartp77 ($17.37 in chips)
Seat 6: Ag3r0n ($142.30 in chips)
Ag3r0n: posts small blind $1
smartp77: posts big blind $3
*** HOLE CARDS ***
Ag3r0n: folds
Uncalled bet ($2) returned to smartp77
smartp77 collected $2 from pot
*** SUMMARY ***
Total pot $2 | Rake $0
Seat 4: smartp77 (big blind) collected ($2)
Seat 6: Ag3r0n (button) (small blind) folded before Flop


PokerStars Hand #176036710138:  Hold'em Limit ($3/$6 USD) - 2017/09/23 18:38:18 ET
Table 'Vincentina' 6-max Seat #4 is the button
Seat 4: smartp77 ($18.37 in chips)
Seat 6: Ag3r0n ($141.30 in chips)
smartp77: posts small blind $1
Ag3r0n: posts big blind $3
*** HOLE CARDS ***
smartp77: calls $2
Ag3r0n: raises $3 to $6
smartp77: calls $3
*** FLOP *** [Jd 4c Kc]
Ag3r0n: bets $3
smartp77: calls $3
*** TURN *** [Jd 4c Kc] [2h]
Ag3r0n: bets $6
smartp77: calls $6
*** RIVER *** [Jd 4c Kc 2h] [8h]
Ag3r0n: bets $6
smartp77: calls $3.37 and is all-in
Uncalled bet ($2.63) returned to Ag3r0n
*** SHOW DOWN ***
Ag3r0n: shows [9h 9s] (a pair of Nines)
smartp77: shows [Ad Qs] (high card Ace)
Ag3r0n collected $36.24 from pot
*** SUMMARY ***
Total pot $36.74 | Rake $0.50
Board [Jd 4c Kc 2h 8h]
Seat 4: smartp77 (button) (small blind) showed [Ad Qs] and lost with high card Ace
Seat 6: Ag3r0n (big blind) showed [9h 9s] and won ($36.24) with a pair of Nines


PokerStars Hand #176036698913:  Hold'em Limit ($3/$6 USD) - 2017/09/23 18:38:01 ET
Table 'Vincentina' 6-max Seat #4 is the button
Seat 4: smartp77 ($14.49 in chips)
Seat 6: Ag3r0n ($145.30 in chips)
smartp77: posts small blind $1
Ag3r0n: posts big blind $3
*** HOLE CARDS ***
smartp77: calls $2
Ag3r0n: checks
*** FLOP *** [8c Qh 3d]
Ag3r0n: checks
smartp77: bets $3
Ag3r0n: folds
Uncalled bet ($3) returned to smartp77
smartp77 collected $5.88 from pot
*** SUMMARY ***
Total pot $6 | Rake $0.12
Board [8c Qh 3d]
Seat 4: smartp77 (button) (small blind) collected ($5.88)
Seat 6: Ag3r0n (big blind) folded on the Flop


