PokerStars Hand #159249845919:  Hold'em Limit ($3/$6 USD) - 2016/09/29 13:14:09 ET
Table 'Vincentina' 6-max Seat #6 is the button
Seat 4: VolkovDmitri ($134.50 in chips)
Seat 6: pukuotukxx89 ($106.26 in chips)
pukuotukxx89: posts small blind $1
VolkovDmitri: posts big blind $3
*** HOLE CARDS ***
pukuotukxx89: raises $3 to $6
VolkovDmitri: calls $3
*** FLOP *** [Kh Ah Ts]
VolkovDmitri: checks
pukuotukxx89: checks
*** TURN *** [Kh Ah Ts] [7c]
VolkovDmitri: checks
pukuotukxx89: bets $6
VolkovDmitri: folds
Uncalled bet ($6) returned to pukuotukxx89
pukuotukxx89 collected $11.76 from pot
*** SUMMARY ***
Total pot $12 | Rake $0.24
Board [Kh Ah Ts 7c]
Seat 4: VolkovDmitri (big blind) folded on the Turn
Seat 6: pukuotukxx89 (button) (small blind) collected ($11.76)


PokerStars Hand #159249821369:  Hold'em Limit ($3/$6 USD) - 2016/09/29 13:13:35 ET
Table 'Vincentina' 6-max Seat #4 is the button
Seat 4: VolkovDmitri ($120 in chips)
Seat 6: pukuotukxx89 ($121.26 in chips)
VolkovDmitri: posts small blind $1
pukuotukxx89: posts big blind $3
*** HOLE CARDS ***
VolkovDmitri: raises $3 to $6
pukuotukxx89: calls $3
*** FLOP *** [8s Ks 9s]
pukuotukxx89: checks
VolkovDmitri: bets $3
pukuotukxx89: calls $3
*** TURN *** [8s Ks 9s] [7s]
pukuotukxx89: checks
VolkovDmitri: checks
*** RIVER *** [8s Ks 9s 7s] [4h]
pukuotukxx89: bets $6
VolkovDmitri: calls $6
*** SHOW DOWN ***
pukuotukxx89: shows [Qd 8d] (a pair of Eights)
VolkovDmitri: shows [5s Td] (a flush, King high)
VolkovDmitri collected $29.50 from pot
*** SUMMARY ***
Total pot $30 | Rake $0.50
Board [8s Ks 9s 7s 4h]
Seat 4: VolkovDmitri (button) (small blind) showed [5s Td] and won ($29.50) with a flush, King high
Seat 6: pukuotukxx89 (big blind) showed [Qd 8d] and lost with a pair of Eights


PokerStars Hand #159249883091:  Hold'em Limit ($3/$6 USD) - 2016/09/29 13:15:01 ET
Table 'Vincentina' 6-max Seat #6 is the button
Seat 4: VolkovDmitri ($146 in chips)
Seat 6: pukuotukxx89 ($94.02 in chips)
pukuotukxx89: posts small blind $1
VolkovDmitri: posts big blind $3
*** HOLE CARDS ***
pukuotukxx89: calls $2
VolkovDmitri: raises $3 to $6
pukuotukxx89: calls $3
*** FLOP *** [Td 9d Jh]
VolkovDmitri: bets $3
pukuotukxx89: raises $3 to $6
VolkovDmitri: calls $3
*** TURN *** [Td 9d Jh] [6d]
VolkovDmitri: checks
pukuotukxx89: bets $6
VolkovDmitri: calls $6
*** RIVER *** [Td 9d Jh 6d] [Ac]
VolkovDmitri: bets $6
pukuotukxx89: calls $6
*** SHOW DOWN ***
VolkovDmitri: shows [Ad 5s] (a pair of Aces)
pukuotukxx89: shows [Ts 9h] (two pair, Tens and Nines)
pukuotukxx89 collected $47.50 from pot
*** SUMMARY ***
Total pot $48 | Rake $0.50
Board [Td 9d Jh 6d Ac]
Seat 4: VolkovDmitri (big blind) showed [Ad 5s] and lost with a pair of Aces
Seat 6: pukuotukxx89 (button) (small blind) showed [Ts 9h] and won ($47.50) with two pair, Tens and Nines


PokerStars Hand #159249858099:  Hold'em Limit ($3/$6 USD) - 2016/09/29 13:14:26 ET
Table 'Vincentina' 6-max Seat #4 is the button
Seat 4: VolkovDmitri ($128.50 in chips)
Seat 6: pukuotukxx89 ($112.02 in chips)
VolkovDmitri: posts small blind $1
pukuotukxx89: posts big blind $3
*** HOLE CARDS ***
VolkovDmitri: raises $3 to $6
pukuotukxx89: calls $3
*** FLOP *** [9s Js Ts]
pukuotukxx89: checks
VolkovDmitri: bets $3
pukuotukxx89: raises $3 to $6
VolkovDmitri: calls $3
*** TURN *** [9s Js Ts] [4s]
pukuotukxx89: bets $6
VolkovDmitri: raises $6 to $12
pukuotukxx89: folds
Uncalled bet ($6) returned to VolkovDmitri
VolkovDmitri collected $35.50 from pot
VolkovDmitri: doesn't show hand
*** SUMMARY ***
Total pot $36 | Rake $0.50
Board [9s Js Ts 4s]
Seat 4: VolkovDmitri (button) (small blind) collected ($35.50)
Seat 6: pukuotukxx89 (big blind) folded on the Turn


PokerStars Hand #159249921027:  Hold'em Limit ($3/$6 USD) - 2016/09/29 13:15:54 ET
Table 'Vincentina' 6-max Seat #6 is the button
Seat 4: VolkovDmitri ($133.52 in chips)
Seat 6: pukuotukxx89 ($105.52 in chips)
pukuotukxx89: posts small blind $1
VolkovDmitri: posts big blind $3
*** HOLE CARDS ***
pukuotukxx89: folds
Uncalled bet ($2) returned to VolkovDmitri
VolkovDmitri collected $2 from pot
VolkovDmitri: doesn't show hand
*** SUMMARY ***
Total pot $2 | Rake $0
Seat 4: VolkovDmitri (big blind) collected ($2)
Seat 6: pukuotukxx89 (button) (small blind) folded before Flop


PokerStars Hand #159249924865:  Hold'em Limit ($3/$6 USD) - 2016/09/29 13:15:59 ET
Table 'Vincentina' 6-max Seat #4 is the button
Seat 4: VolkovDmitri ($134.52 in chips)
Seat 6: pukuotukxx89 ($104.52 in chips)
VolkovDmitri: posts small blind $1
pukuotukxx89: posts big blind $3
*** HOLE CARDS ***
VolkovDmitri: raises $3 to $6
pukuotukxx89: calls $3
*** FLOP *** [Jh 3d 2h]
pukuotukxx89: checks
VolkovDmitri: bets $3
pukuotukxx89: calls $3
*** TURN *** [Jh 3d 2h] [Ad]
pukuotukxx89: checks
VolkovDmitri: checks
*** RIVER *** [Jh 3d 2h Ad] [3h]
pukuotukxx89: checks
VolkovDmitri: bets $6
pukuotukxx89: calls $6
*** SHOW DOWN ***
VolkovDmitri: shows [4c 8c] (a pair of Threes)
pukuotukxx89: shows [Tc Ks] (a pair of Threes - Ace+King kicker)
pukuotukxx89 collected $29.50 from pot
*** SUMMARY ***
Total pot $30 | Rake $0.50
Board [Jh 3d 2h Ad 3h]
Seat 4: VolkovDmitri (button) (small blind) showed [4c 8c] and lost with a pair of Threes
Seat 6: pukuotukxx89 (big blind) showed [Tc Ks] and won ($29.50) with a pair of Threes


PokerStars Hand #159249904553:  Hold'em Limit ($3/$6 USD) - 2016/09/29 13:15:31 ET
Table 'Vincentina' 6-max Seat #4 is the button
Seat 4: VolkovDmitri ($122 in chips)
Seat 6: pukuotukxx89 ($117.52 in chips)
VolkovDmitri: posts small blind $1
pukuotukxx89: posts big blind $3
*** HOLE CARDS ***
VolkovDmitri: raises $3 to $6
pukuotukxx89: calls $3
*** FLOP *** [Ts Th 3c]
pukuotukxx89: checks
VolkovDmitri: bets $3
pukuotukxx89: raises $3 to $6
VolkovDmitri: raises $3 to $9
pukuotukxx89: folds
Uncalled bet ($3) returned to VolkovDmitri
VolkovDmitri collected $23.52 from pot
VolkovDmitri: doesn't show hand
*** SUMMARY ***
Total pot $24 | Rake $0.48
Board [Ts Th 3c]
Seat 4: VolkovDmitri (button) (small blind) collected ($23.52)
Seat 6: pukuotukxx89 (big blind) folded on the Flop


PokerStars Hand #159249952673:  Hold'em Limit ($3/$6 USD) - 2016/09/29 13:16:38 ET
Table 'Vincentina' 6-max Seat #4 is the button
Seat 4: VolkovDmitri ($121 in chips)
Seat 6: pukuotukxx89 ($118.02 in chips)
VolkovDmitri: posts small blind $1
pukuotukxx89: posts big blind $3
*** HOLE CARDS ***
VolkovDmitri: raises $3 to $6
pukuotukxx89: calls $3
*** FLOP *** [2s Qc 9d]
pukuotukxx89: checks
VolkovDmitri: bets $3
pukuotukxx89: raises $3 to $6
VolkovDmitri: folds
Uncalled bet ($3) returned to pukuotukxx89
pukuotukxx89 collected $17.64 from pot
*** SUMMARY ***
Total pot $18 | Rake $0.36
Board [2s Qc 9d]
Seat 4: VolkovDmitri (button) (small blind) folded on the Flop
Seat 6: pukuotukxx89 (big blind) collected ($17.64)


PokerStars Hand #159249948421:  Hold'em Limit ($3/$6 USD) - 2016/09/29 13:16:32 ET
Table 'Vincentina' 6-max Seat #6 is the button
Seat 4: VolkovDmitri ($120 in chips)
Seat 6: pukuotukxx89 ($119.02 in chips)
pukuotukxx89: posts small blind $1
VolkovDmitri: posts big blind $3
*** HOLE CARDS ***
pukuotukxx89: folds
Uncalled bet ($2) returned to VolkovDmitri
VolkovDmitri collected $2 from pot
VolkovDmitri: doesn't show hand
*** SUMMARY ***
Total pot $2 | Rake $0
Seat 4: VolkovDmitri (big blind) collected ($2)
Seat 6: pukuotukxx89 (button) (small blind) folded before Flop


PokerStars Hand #159249968752:  Hold'em Limit ($3/$6 USD) - 2016/09/29 13:17:01 ET
Table 'Vincentina' 6-max Seat #6 is the button
Seat 4: VolkovDmitri ($120 in chips)
Seat 6: pukuotukxx89 ($126.66 in chips)
pukuotukxx89: posts small blind $1
VolkovDmitri: posts big blind $3
*** HOLE CARDS ***
pukuotukxx89: calls $2
VolkovDmitri: raises $3 to $6
pukuotukxx89: calls $3
*** FLOP *** [Qs 7c 8s]
VolkovDmitri: bets $3
pukuotukxx89: calls $3
*** TURN *** [Qs 7c 8s] [Qh]
popeluha joins the table at seat #5
VolkovDmitri: bets $6
pukuotukxx89: calls $6
*** RIVER *** [Qs 7c 8s Qh] [8c]
VolkovDmitri: checks
pukuotukxx89: checks
*** SHOW DOWN ***
VolkovDmitri: shows [Kc 7s] (two pair, Queens and Eights)
pukuotukxx89: mucks hand
VolkovDmitri collected $29.50 from pot
*** SUMMARY ***
Total pot $30 | Rake $0.50
Board [Qs 7c 8s Qh 8c]
Seat 4: VolkovDmitri (big blind) showed [Kc 7s] and won ($29.50) with two pair, Queens and Eights
Seat 6: pukuotukxx89 (button) (small blind) mucked


PokerStars Hand #159250197397:  Hold'em Limit ($3/$6 USD) - 2016/09/29 13:22:13 ET
Table 'Vincentina' 6-max Seat #5 is the button
Seat 4: VolkovDmitri ($125.64 in chips)
Seat 5: popeluha ($56.23 in chips)
popeluha: posts small blind $1
VolkovDmitri: posts big blind $3
*** HOLE CARDS ***
popeluha: folds
Uncalled bet ($2) returned to VolkovDmitri
VolkovDmitri collected $2 from pot
VolkovDmitri: doesn't show hand
*** SUMMARY ***
Total pot $2 | Rake $0
Seat 4: VolkovDmitri (big blind) collected ($2)
Seat 5: popeluha (button) (small blind) folded before Flop


PokerStars Hand #159250224939:  Hold'em Limit ($3/$6 USD) - 2016/09/29 13:22:52 ET
Table 'Vincentina' 6-max Seat #5 is the button
Seat 4: VolkovDmitri ($120 in chips)
Seat 5: popeluha ($63.87 in chips)
popeluha: posts small blind $1
VolkovDmitri: posts big blind $3
*** HOLE CARDS ***
popeluha: folds
Uncalled bet ($2) returned to VolkovDmitri
VolkovDmitri collected $2 from pot
VolkovDmitri: doesn't show hand
*** SUMMARY ***
Total pot $2 | Rake $0
Seat 4: VolkovDmitri (big blind) collected ($2)
Seat 5: popeluha (button) (small blind) folded before Flop


PokerStars Hand #159250201129:  Hold'em Limit ($3/$6 USD) - 2016/09/29 13:22:18 ET
Table 'Vincentina' 6-max Seat #4 is the button
Seat 4: VolkovDmitri ($126.64 in chips)
Seat 5: popeluha ($55.23 in chips)
VolkovDmitri: posts small blind $1
popeluha: posts big blind $3
*** HOLE CARDS ***
VolkovDmitri: raises $3 to $6
popeluha: calls $3
*** FLOP *** [Ts 3s 2h]
popeluha: checks
VolkovDmitri: bets $3
popeluha: calls $3
*** TURN *** [Ts 3s 2h] [Jd]
popeluha: checks
VolkovDmitri: checks
*** RIVER *** [Ts 3s 2h Jd] [2c]
popeluha: bets $6
VolkovDmitri: folds
Uncalled bet ($6) returned to popeluha
popeluha collected $17.64 from pot
*** SUMMARY ***
Total pot $18 | Rake $0.36
Board [Ts 3s 2h Jd 2c]
Seat 4: VolkovDmitri (button) (small blind) folded on the River
Seat 5: popeluha (big blind) collected ($17.64)


