PokerStars Hand #144537036036:  Hold'em Limit ($3/$6 USD) - 2015/11/28 20:22:50 ET
Table 'Vindobona' 2-max Seat #1 is the button
Seat 1: Velbor107 ($295.75 in chips)
Seat 2: ELSUPREMO999 ($123.63 in chips)
Velbor107: posts small blind $1
ELSUPREMO999: posts big blind $3
*** HOLE CARDS ***
Velbor107: raises $3 to $6
ELSUPREMO999: calls $3
*** FLOP *** [Th Qs 3d]
ELSUPREMO999: checks
Velbor107: bets $3
ELSUPREMO999: folds
Uncalled bet ($3) returned to Velbor107
Velbor107 collected $11.76 from pot
*** SUMMARY ***
Total pot $12 | Rake $0.24
Board [Th Qs 3d]
Seat 1: Velbor107 (button) (small blind) collected ($11.76)
Seat 2: ELSUPREMO999 (big blind) folded on the Flop


PokerStars Hand #144537041966:  Hold'em Limit ($3/$6 USD) - 2015/11/28 20:23:01 ET
Table 'Vindobona' 2-max Seat #2 is the button
Seat 1: Velbor107 ($301.51 in chips)
Seat 2: ELSUPREMO999 ($117.63 in chips)
ELSUPREMO999: posts small blind $1
Velbor107: posts big blind $3
*** HOLE CARDS ***
ELSUPREMO999: raises $3 to $6
Velbor107: calls $3
*** FLOP *** [9d Ah 2c]
Velbor107: checks
ELSUPREMO999: bets $3
Velbor107: folds
Uncalled bet ($3) returned to ELSUPREMO999
ELSUPREMO999 collected $11.76 from pot
ELSUPREMO999: doesn't show hand
*** SUMMARY ***
Total pot $12 | Rake $0.24
Board [9d Ah 2c]
Seat 1: Velbor107 (big blind) folded on the Flop
Seat 2: ELSUPREMO999 (button) (small blind) collected ($11.76)


PokerStars Hand #144537048162:  Hold'em Limit ($3/$6 USD) - 2015/11/28 20:23:12 ET
Table 'Vindobona' 2-max Seat #1 is the button
Seat 1: Velbor107 ($295.51 in chips)
Seat 2: ELSUPREMO999 ($123.39 in chips)
Velbor107: posts small blind $1
ELSUPREMO999: posts big blind $3
*** HOLE CARDS ***
Velbor107: raises $3 to $6
ELSUPREMO999: calls $3
*** FLOP *** [Jc 2s Kc]
ELSUPREMO999: checks
Velbor107: bets $3
ELSUPREMO999: folds
Uncalled bet ($3) returned to Velbor107
Velbor107 collected $11.76 from pot
*** SUMMARY ***
Total pot $12 | Rake $0.24
Board [Jc 2s Kc]
Seat 1: Velbor107 (button) (small blind) collected ($11.76)
Seat 2: ELSUPREMO999 (big blind) folded on the Flop


PokerStars Hand #144537053213:  Hold'em Limit ($3/$6 USD) - 2015/11/28 20:23:22 ET
Table 'Vindobona' 2-max Seat #2 is the button
Seat 1: Velbor107 ($301.27 in chips)
Seat 2: ELSUPREMO999 ($117.39 in chips)
ELSUPREMO999: posts small blind $1
Velbor107: posts big blind $3
*** HOLE CARDS ***
ELSUPREMO999: calls $2
Velbor107: checks
*** FLOP *** [7s 2h 6c]
Velbor107: checks
ELSUPREMO999: checks
*** TURN *** [7s 2h 6c] [Ad]
Velbor107: checks
ELSUPREMO999: bets $6
Velbor107: calls $6
*** RIVER *** [7s 2h 6c Ad] [7d]
Velbor107: checks
ELSUPREMO999: bets $6
Velbor107: calls $6
*** SHOW DOWN ***
ELSUPREMO999: shows [8d Jd] (a pair of Sevens)
Velbor107: shows [Tc 6d] (two pair, Sevens and Sixes)
Velbor107 collected $29.50 from pot
*** SUMMARY ***
Total pot $30 | Rake $0.50
Board [7s 2h 6c Ad 7d]
Seat 1: Velbor107 (big blind) showed [Tc 6d] and won ($29.50) with two pair, Sevens and Sixes
Seat 2: ELSUPREMO999 (button) (small blind) showed [8d Jd] and lost with a pair of Sevens


PokerStars Hand #144537063828:  Hold'em Limit ($3/$6 USD) - 2015/11/28 20:23:42 ET
Table 'Vindobona' 2-max Seat #1 is the button
Seat 1: Velbor107 ($315.77 in chips)
Seat 2: ELSUPREMO999 ($102.39 in chips)
Velbor107: posts small blind $1
ELSUPREMO999: posts big blind $3
*** HOLE CARDS ***
Velbor107: raises $3 to $6
ELSUPREMO999: calls $3
*** FLOP *** [As Tc 8h]
ELSUPREMO999: checks
Velbor107: bets $3
ELSUPREMO999: calls $3
*** TURN *** [As Tc 8h] [3d]
ELSUPREMO999: checks
Velbor107: checks
*** RIVER *** [As Tc 8h 3d] [3h]
ELSUPREMO999: bets $6
Velbor107: folds
Uncalled bet ($6) returned to ELSUPREMO999
ELSUPREMO999 collected $17.64 from pot
ELSUPREMO999: doesn't show hand
*** SUMMARY ***
Total pot $18 | Rake $0.36
Board [As Tc 8h 3d 3h]
Seat 1: Velbor107 (button) (small blind) folded on the River
Seat 2: ELSUPREMO999 (big blind) collected ($17.64)


PokerStars Hand #144537071874:  Hold'em Limit ($3/$6 USD) - 2015/11/28 20:23:57 ET
Table 'Vindobona' 2-max Seat #2 is the button
Seat 1: Velbor107 ($306.77 in chips)
Seat 2: ELSUPREMO999 ($111.03 in chips)
ELSUPREMO999: posts small blind $1
Velbor107: posts big blind $3
*** HOLE CARDS ***
ELSUPREMO999: folds
Uncalled bet ($2) returned to Velbor107
Velbor107 collected $2 from pot
*** SUMMARY ***
Total pot $2 | Rake $0
Seat 1: Velbor107 (big blind) collected ($2)
Seat 2: ELSUPREMO999 (button) (small blind) folded before Flop


PokerStars Hand #144537074422:  Hold'em Limit ($3/$6 USD) - 2015/11/28 20:24:01 ET
Table 'Vindobona' 2-max Seat #1 is the button
Seat 1: Velbor107 ($307.77 in chips)
Seat 2: ELSUPREMO999 ($110.03 in chips)
Velbor107: posts small blind $1
ELSUPREMO999: posts big blind $3
*** HOLE CARDS ***
Velbor107: raises $3 to $6
ELSUPREMO999: raises $3 to $9
Velbor107: calls $3
*** FLOP *** [Js Kc 7s]
ELSUPREMO999: bets $3
Velbor107: folds
Uncalled bet ($3) returned to ELSUPREMO999
ELSUPREMO999 collected $17.64 from pot
ELSUPREMO999: doesn't show hand
*** SUMMARY ***
Total pot $18 | Rake $0.36
Board [Js Kc 7s]
Seat 1: Velbor107 (button) (small blind) folded on the Flop
Seat 2: ELSUPREMO999 (big blind) collected ($17.64)


PokerStars Hand #144537080480:  Hold'em Limit ($3/$6 USD) - 2015/11/28 20:24:13 ET
Table 'Vindobona' 2-max Seat #2 is the button
Seat 1: Velbor107 ($298.77 in chips)
Seat 2: ELSUPREMO999 ($118.67 in chips)
ELSUPREMO999: posts small blind $1
Velbor107: posts big blind $3
*** HOLE CARDS ***
ELSUPREMO999: folds
Uncalled bet ($2) returned to Velbor107
Velbor107 collected $2 from pot
*** SUMMARY ***
Total pot $2 | Rake $0
Seat 1: Velbor107 (big blind) collected ($2)
Seat 2: ELSUPREMO999 (button) (small blind) folded before Flop


PokerStars Hand #144537083115:  Hold'em Limit ($3/$6 USD) - 2015/11/28 20:24:18 ET
Table 'Vindobona' 2-max Seat #1 is the button
Seat 1: Velbor107 ($299.77 in chips)
Seat 2: ELSUPREMO999 ($117.67 in chips)
Velbor107: posts small blind $1
ELSUPREMO999: posts big blind $3
*** HOLE CARDS ***
Velbor107: raises $3 to $6
ELSUPREMO999: calls $3
*** FLOP *** [6c Jc Ts]
ELSUPREMO999: checks
Velbor107: bets $3
ELSUPREMO999: calls $3
*** TURN *** [6c Jc Ts] [Js]
ELSUPREMO999: checks
Velbor107: checks
*** RIVER *** [6c Jc Ts Js] [3s]
ELSUPREMO999: bets $6
Velbor107: folds
Uncalled bet ($6) returned to ELSUPREMO999
ELSUPREMO999 collected $17.64 from pot
ELSUPREMO999: doesn't show hand
*** SUMMARY ***
Total pot $18 | Rake $0.36
Board [6c Jc Ts Js 3s]
Seat 1: Velbor107 (button) (small blind) folded on the River
Seat 2: ELSUPREMO999 (big blind) collected ($17.64)


PokerStars Hand #144537093680:  Hold'em Limit ($3/$6 USD) - 2015/11/28 20:24:38 ET
Table 'Vindobona' 2-max Seat #2 is the button
Seat 1: Velbor107 ($290.77 in chips)
Seat 2: ELSUPREMO999 ($126.31 in chips)
ELSUPREMO999: posts small blind $1
Velbor107: posts big blind $3
*** HOLE CARDS ***
ELSUPREMO999: calls $2
Velbor107: checks
*** FLOP *** [2h Js Ah]
Velbor107: checks
ELSUPREMO999: bets $3
Velbor107: raises $3 to $6
ELSUPREMO999: calls $3
*** TURN *** [2h Js Ah] [Ks]
Velbor107: checks
ELSUPREMO999: bets $6
Velbor107: folds
Uncalled bet ($6) returned to ELSUPREMO999
ELSUPREMO999 collected $17.64 from pot
ELSUPREMO999: doesn't show hand
*** SUMMARY ***
Total pot $18 | Rake $0.36
Board [2h Js Ah Ks]
Seat 1: Velbor107 (big blind) folded on the Turn
Seat 2: ELSUPREMO999 (button) (small blind) collected ($17.64)


PokerStars Hand #144537103183:  Hold'em Limit ($3/$6 USD) - 2015/11/28 20:24:56 ET
Table 'Vindobona' 2-max Seat #1 is the button
Seat 1: Velbor107 ($281.77 in chips)
Seat 2: ELSUPREMO999 ($134.95 in chips)
Velbor107: posts small blind $1
ELSUPREMO999: posts big blind $3
*** HOLE CARDS ***
Velbor107: raises $3 to $6
ELSUPREMO999: calls $3
*** FLOP *** [6s 5d 8c]
ELSUPREMO999: checks
Velbor107: bets $3
ELSUPREMO999: calls $3
*** TURN *** [6s 5d 8c] [2h]
ELSUPREMO999: checks
Velbor107: bets $6
ELSUPREMO999: raises $6 to $12
Velbor107: raises $6 to $18
ELSUPREMO999: calls $6
*** RIVER *** [6s 5d 8c 2h] [Qs]
ELSUPREMO999: checks
Velbor107: bets $6
ELSUPREMO999: calls $6
*** SHOW DOWN ***
Velbor107: shows [7h 9c] (a straight, Five to Nine)
ELSUPREMO999: mucks hand
Velbor107 collected $65.50 from pot
*** SUMMARY ***
Total pot $66 | Rake $0.50
Board [6s 5d 8c 2h Qs]
Seat 1: Velbor107 (button) (small blind) showed [7h 9c] and won ($65.50) with a straight, Five to Nine
Seat 2: ELSUPREMO999 (big blind) mucked


PokerStars Hand #144537124405:  Hold'em Limit ($3/$6 USD) - 2015/11/28 20:25:36 ET
Table 'Vindobona' 2-max Seat #1 is the button
Seat 1: Velbor107 ($311.27 in chips)
Seat 2: ELSUPREMO999 ($104.83 in chips)
Velbor107: posts small blind $1
ELSUPREMO999: posts big blind $3
*** HOLE CARDS ***
Velbor107: folds
Uncalled bet ($2) returned to ELSUPREMO999
ELSUPREMO999 collected $2 from pot
ELSUPREMO999: doesn't show hand
*** SUMMARY ***
Total pot $2 | Rake $0
Seat 1: Velbor107 (button) (small blind) folded before Flop
Seat 2: ELSUPREMO999 (big blind) collected ($2)


PokerStars Hand #144537127038:  Hold'em Limit ($3/$6 USD) - 2015/11/28 20:25:41 ET
Table 'Vindobona' 2-max Seat #2 is the button
Seat 1: Velbor107 ($310.27 in chips)
Seat 2: ELSUPREMO999 ($105.83 in chips)
ELSUPREMO999: posts small blind $1
Velbor107: posts big blind $3
*** HOLE CARDS ***
ELSUPREMO999: calls $2
Velbor107: raises $3 to $6
ELSUPREMO999: calls $3
*** FLOP *** [Qh 7h 4h]
Velbor107: bets $3
ELSUPREMO999: calls $3
*** TURN *** [Qh 7h 4h] [3s]
Velbor107: bets $6
ELSUPREMO999: raises $6 to $12
Velbor107: calls $6
*** RIVER *** [Qh 7h 4h 3s] [Kc]
Velbor107: checks
ELSUPREMO999: bets $6
Velbor107: calls $6
*** SHOW DOWN ***
ELSUPREMO999: shows [5d Qc] (a pair of Queens)
Velbor107: mucks hand
ELSUPREMO999 collected $53.50 from pot
*** SUMMARY ***
Total pot $54 | Rake $0.50
Board [Qh 7h 4h 3s Kc]
Seat 1: Velbor107 (big blind) mucked
Seat 2: ELSUPREMO999 (button) (small blind) showed [5d Qc] and won ($53.50) with a pair of Queens


PokerStars Hand #144537114706:  Hold'em Limit ($3/$6 USD) - 2015/11/28 20:25:17 ET
Table 'Vindobona' 2-max Seat #2 is the button
Seat 1: Velbor107 ($314.27 in chips)
Seat 2: ELSUPREMO999 ($101.95 in chips)
ELSUPREMO999: posts small blind $1
Velbor107: posts big blind $3
*** HOLE CARDS ***
ELSUPREMO999: calls $2
Velbor107: checks
*** FLOP *** [7s As 7d]
Velbor107: checks
ELSUPREMO999: bets $3
Velbor107: folds
Uncalled bet ($3) returned to ELSUPREMO999
ELSUPREMO999 collected $5.88 from pot
ELSUPREMO999: doesn't show hand
*** SUMMARY ***
Total pot $6 | Rake $0.12
Board [7s As 7d]
Seat 1: Velbor107 (big blind) folded on the Flop
Seat 2: ELSUPREMO999 (button) (small blind) collected ($5.88)


PokerStars Hand #144537139628:  Hold'em Limit ($3/$6 USD) - 2015/11/28 20:26:04 ET
Table 'Vindobona' 2-max Seat #1 is the button
Seat 1: Velbor107 ($283.27 in chips)
Seat 2: ELSUPREMO999 ($132.33 in chips)
Velbor107: posts small blind $1
ELSUPREMO999: posts big blind $3
*** HOLE CARDS ***
Velbor107: raises $3 to $6
ELSUPREMO999: calls $3
*** FLOP *** [Ad Td 5s]
ELSUPREMO999: checks
Velbor107: bets $3
ELSUPREMO999: calls $3
*** TURN *** [Ad Td 5s] [Tc]
ELSUPREMO999: checks
Velbor107: checks
*** RIVER *** [Ad Td 5s Tc] [Jc]
ELSUPREMO999: checks
Velbor107: checks
*** SHOW DOWN ***
ELSUPREMO999: shows [8d 8h] (two pair, Tens and Eights)
Velbor107: mucks hand
ELSUPREMO999 collected $17.64 from pot
*** SUMMARY ***
Total pot $18 | Rake $0.36
Board [Ad Td 5s Tc Jc]
Seat 1: Velbor107 (button) (small blind) mucked
Seat 2: ELSUPREMO999 (big blind) showed [8d 8h] and won ($17.64) with two pair, Tens and Eights


PokerStars Hand #144537163722:  Hold'em Limit ($3/$6 USD) - 2015/11/28 20:26:50 ET
Table 'Vindobona' 2-max Seat #1 is the button
Seat 1: Velbor107 ($259.27 in chips)
Seat 2: ELSUPREMO999 ($155.47 in chips)
Velbor107: posts small blind $1
ELSUPREMO999: posts big blind $3
*** HOLE CARDS ***
Velbor107: folds
Uncalled bet ($2) returned to ELSUPREMO999
ELSUPREMO999 collected $2 from pot
ELSUPREMO999: doesn't show hand
*** SUMMARY ***
Total pot $2 | Rake $0
Seat 1: Velbor107 (button) (small blind) folded before Flop
Seat 2: ELSUPREMO999 (big blind) collected ($2)


PokerStars Hand #144537151743:  Hold'em Limit ($3/$6 USD) - 2015/11/28 20:26:27 ET
Table 'Vindobona' 2-max Seat #2 is the button
Seat 1: Velbor107 ($274.27 in chips)
Seat 2: ELSUPREMO999 ($140.97 in chips)
ELSUPREMO999: posts small blind $1
Velbor107: posts big blind $3
*** HOLE CARDS ***
ELSUPREMO999: calls $2
Velbor107: raises $3 to $6
ELSUPREMO999: calls $3
*** FLOP *** [Tc 3d 4d]
Velbor107: bets $3
ELSUPREMO999: calls $3
*** TURN *** [Tc 3d 4d] [2h]
Velbor107: bets $6
ELSUPREMO999: calls $6
*** RIVER *** [Tc 3d 4d 2h] [5s]
Velbor107: checks
ELSUPREMO999: bets $6
Velbor107: folds
Uncalled bet ($6) returned to ELSUPREMO999
ELSUPREMO999 collected $29.50 from pot
ELSUPREMO999: doesn't show hand
*** SUMMARY ***
Total pot $30 | Rake $0.50
Board [Tc 3d 4d 2h 5s]
Seat 1: Velbor107 (big blind) folded on the River
Seat 2: ELSUPREMO999 (button) (small blind) collected ($29.50)


PokerStars Hand #144537166197:  Hold'em Limit ($3/$6 USD) - 2015/11/28 20:26:54 ET
Table 'Vindobona' 2-max Seat #2 is the button
Seat 1: Velbor107 ($258.27 in chips)
Seat 2: ELSUPREMO999 ($156.47 in chips)
ELSUPREMO999: posts small blind $1
Velbor107: posts big blind $3
*** HOLE CARDS ***
ELSUPREMO999: folds
Uncalled bet ($2) returned to Velbor107
Velbor107 collected $2 from pot
*** SUMMARY ***
Total pot $2 | Rake $0
Seat 1: Velbor107 (big blind) collected ($2)
Seat 2: ELSUPREMO999 (button) (small blind) folded before Flop


PokerStars Hand #144537174968:  Hold'em Limit ($3/$6 USD) - 2015/11/28 20:27:11 ET
Table 'Vindobona' 2-max Seat #2 is the button
Seat 1: Velbor107 ($265.03 in chips)
Seat 2: ELSUPREMO999 ($149.47 in chips)
ELSUPREMO999: posts small blind $1
Velbor107: posts big blind $3
*** HOLE CARDS ***
ELSUPREMO999: folds
Uncalled bet ($2) returned to Velbor107
Velbor107 collected $2 from pot
*** SUMMARY ***
Total pot $2 | Rake $0
Seat 1: Velbor107 (big blind) collected ($2)
Seat 2: ELSUPREMO999 (button) (small blind) folded before Flop


PokerStars Hand #144537169127:  Hold'em Limit ($3/$6 USD) - 2015/11/28 20:27:00 ET
Table 'Vindobona' 2-max Seat #1 is the button
Seat 1: Velbor107 ($259.27 in chips)
Seat 2: ELSUPREMO999 ($155.47 in chips)
Velbor107: posts small blind $1
ELSUPREMO999: posts big blind $3
*** HOLE CARDS ***
Velbor107: raises $3 to $6
ELSUPREMO999: calls $3
*** FLOP *** [4c Ks 3s]
ELSUPREMO999: checks
Velbor107: bets $3
ELSUPREMO999: folds
Uncalled bet ($3) returned to Velbor107
Velbor107 collected $11.76 from pot
*** SUMMARY ***
Total pot $12 | Rake $0.24
Board [4c Ks 3s]
Seat 1: Velbor107 (button) (small blind) collected ($11.76)
Seat 2: ELSUPREMO999 (big blind) folded on the Flop


PokerStars Hand #144537194705:  Hold'em Limit ($3/$6 USD) - 2015/11/28 20:27:48 ET
Table 'Vindobona' 2-max Seat #1 is the button
Seat 1: Velbor107 ($281.53 in chips)
Seat 2: ELSUPREMO999 ($132.47 in chips)
Velbor107: posts small blind $1
ELSUPREMO999: posts big blind $3
*** HOLE CARDS ***
Velbor107: raises $3 to $6
ELSUPREMO999: raises $3 to $9
Velbor107: calls $3
*** FLOP *** [4d 3h Qc]
ELSUPREMO999: checks
Velbor107: checks
*** TURN *** [4d 3h Qc] [5s]
ELSUPREMO999: checks
Velbor107: bets $6
ELSUPREMO999: calls $6
*** RIVER *** [4d 3h Qc 5s] [4s]
ELSUPREMO999: checks
Velbor107: bets $6
ELSUPREMO999: calls $6
*** SHOW DOWN ***
Velbor107: shows [8s 5c] (two pair, Fives and Fours)
ELSUPREMO999: mucks hand
Velbor107 collected $41.50 from pot
*** SUMMARY ***
Total pot $42 | Rake $0.50
Board [4d 3h Qc 5s 4s]
Seat 1: Velbor107 (button) (small blind) showed [8s 5c] and won ($41.50) with two pair, Fives and Fours
Seat 2: ELSUPREMO999 (big blind) mucked


PokerStars Hand #144537191011:  Hold'em Limit ($3/$6 USD) - 2015/11/28 20:27:41 ET
Table 'Vindobona' 2-max Seat #2 is the button
Seat 1: Velbor107 ($280.53 in chips)
Seat 2: ELSUPREMO999 ($133.47 in chips)
ELSUPREMO999: posts small blind $1
Velbor107: posts big blind $3
*** HOLE CARDS ***
ELSUPREMO999: folds
Uncalled bet ($2) returned to Velbor107
Velbor107 collected $2 from pot
*** SUMMARY ***
Total pot $2 | Rake $0
Seat 1: Velbor107 (big blind) collected ($2)
Seat 2: ELSUPREMO999 (button) (small blind) folded before Flop


PokerStars Hand #144537177149:  Hold'em Limit ($3/$6 USD) - 2015/11/28 20:27:15 ET
Table 'Vindobona' 2-max Seat #1 is the button
Seat 1: Velbor107 ($266.03 in chips)
Seat 2: ELSUPREMO999 ($148.47 in chips)
Velbor107: posts small blind $1
ELSUPREMO999: posts big blind $3
*** HOLE CARDS ***
Velbor107: raises $3 to $6
ELSUPREMO999: calls $3
*** FLOP *** [3c Ad Qc]
ELSUPREMO999: checks
Velbor107: bets $3
ELSUPREMO999: calls $3
*** TURN *** [3c Ad Qc] [5h]
ELSUPREMO999: checks
Velbor107: checks
*** RIVER *** [3c Ad Qc 5h] [4h]
ELSUPREMO999: bets $6
Velbor107: raises $6 to $12
ELSUPREMO999: folds
Uncalled bet ($6) returned to Velbor107
Velbor107 collected $29.50 from pot
*** SUMMARY ***
Total pot $30 | Rake $0.50
Board [3c Ad Qc 5h 4h]
Seat 1: Velbor107 (button) (small blind) collected ($29.50)
Seat 2: ELSUPREMO999 (big blind) folded on the River


PokerStars Hand #144537235859:  Hold'em Limit ($3/$6 USD) - 2015/11/28 20:29:06 ET
Table 'Vindobona' 2-max Seat #1 is the button
Seat 1: Velbor107 ($252.03 in chips)
Seat 2: ELSUPREMO999 ($160.47 in chips)
Velbor107: posts small blind $1
ELSUPREMO999: posts big blind $3
*** HOLE CARDS ***
Velbor107: raises $3 to $6
ELSUPREMO999: folds
Uncalled bet ($3) returned to Velbor107
Velbor107 collected $6 from pot
*** SUMMARY ***
Total pot $6 | Rake $0
Seat 1: Velbor107 (button) (small blind) collected ($6)
Seat 2: ELSUPREMO999 (big blind) folded before Flop


PokerStars Hand #144537207049:  Hold'em Limit ($3/$6 USD) - 2015/11/28 20:28:11 ET
Table 'Vindobona' 2-max Seat #2 is the button
Seat 1: Velbor107 ($302.03 in chips)
Seat 2: ELSUPREMO999 ($111.47 in chips)
ELSUPREMO999: posts small blind $1
Velbor107: posts big blind $3
*** HOLE CARDS ***
ELSUPREMO999: calls $2
Velbor107: checks
*** FLOP *** [2s 5d 4s]
Velbor107: bets $3
ELSUPREMO999: calls $3
*** TURN *** [2s 5d 4s] [Qc]
Velbor107: bets $6
ELSUPREMO999: raises $6 to $12
Velbor107: raises $6 to $18
ELSUPREMO999: raises $6 to $24
Betting is capped
Velbor107: calls $6
*** RIVER *** [2s 5d 4s Qc] [5h]
Velbor107: checks
ELSUPREMO999: bets $6
Velbor107: folds
Uncalled bet ($6) returned to ELSUPREMO999
ELSUPREMO999 collected $59.50 from pot
ELSUPREMO999: doesn't show hand
*** SUMMARY ***
Total pot $60 | Rake $0.50
Board [2s 5d 4s Qc 5h]
Seat 1: Velbor107 (big blind) folded on the River
Seat 2: ELSUPREMO999 (button) (small blind) collected ($59.50)


PokerStars Hand #144537233172:  Hold'em Limit ($3/$6 USD) - 2015/11/28 20:29:01 ET
Table 'Vindobona' 2-max Seat #2 is the button
Seat 1: Velbor107 ($251.03 in chips)
Seat 2: ELSUPREMO999 ($161.47 in chips)
ELSUPREMO999: posts small blind $1
Velbor107: posts big blind $3
*** HOLE CARDS ***
ELSUPREMO999: folds
Uncalled bet ($2) returned to Velbor107
Velbor107 collected $2 from pot
*** SUMMARY ***
Total pot $2 | Rake $0
Seat 1: Velbor107 (big blind) collected ($2)
Seat 2: ELSUPREMO999 (button) (small blind) folded before Flop


PokerStars Hand #144537218650:  Hold'em Limit ($3/$6 USD) - 2015/11/28 20:28:33 ET
Table 'Vindobona' 2-max Seat #1 is the button
Seat 1: Velbor107 ($272.03 in chips)
Seat 2: ELSUPREMO999 ($140.97 in chips)
Velbor107: posts small blind $1
ELSUPREMO999: posts big blind $3
*** HOLE CARDS ***
Velbor107: raises $3 to $6
ELSUPREMO999: calls $3
*** FLOP *** [4d 9h 5c]
ELSUPREMO999: checks
Velbor107: bets $3
ELSUPREMO999: calls $3
*** TURN *** [4d 9h 5c] [7h]
ELSUPREMO999: checks
Velbor107: bets $6
ELSUPREMO999: calls $6
*** RIVER *** [4d 9h 5c 7h] [Ks]
ELSUPREMO999: checks
Velbor107: bets $6
ELSUPREMO999: raises $6 to $12
Velbor107: folds
Uncalled bet ($6) returned to ELSUPREMO999
ELSUPREMO999 collected $41.50 from pot
ELSUPREMO999: doesn't show hand
*** SUMMARY ***
Total pot $42 | Rake $0.50
Board [4d 9h 5c 7h Ks]
Seat 1: Velbor107 (button) (small blind) folded on the River
Seat 2: ELSUPREMO999 (big blind) collected ($41.50)


PokerStars Hand #144537258824:  Hold'em Limit ($3/$6 USD) - 2015/11/28 20:29:50 ET
Table 'Vindobona' 2-max Seat #2 is the button
Seat 1: Velbor107 ($287.29 in chips)
Seat 2: ELSUPREMO999 ($124.47 in chips)
ELSUPREMO999: posts small blind $1
Velbor107: posts big blind $3
*** HOLE CARDS ***
ELSUPREMO999: folds
Uncalled bet ($2) returned to Velbor107
Velbor107 collected $2 from pot
*** SUMMARY ***
Total pot $2 | Rake $0
Seat 1: Velbor107 (big blind) collected ($2)
Seat 2: ELSUPREMO999 (button) (small blind) folded before Flop


PokerStars Hand #144537244226:  Hold'em Limit ($3/$6 USD) - 2015/11/28 20:29:22 ET
Table 'Vindobona' 2-max Seat #1 is the button
Seat 1: Velbor107 ($260.79 in chips)
Seat 2: ELSUPREMO999 ($151.47 in chips)
Velbor107: posts small blind $1
ELSUPREMO999: posts big blind $3
*** HOLE CARDS ***
Velbor107: raises $3 to $6
ELSUPREMO999: calls $3
*** FLOP *** [Ad Jc Qc]
ELSUPREMO999: checks
Velbor107: bets $3
ELSUPREMO999: calls $3
*** TURN *** [Ad Jc Qc] [9c]
ELSUPREMO999: checks
Velbor107: bets $6
ELSUPREMO999: raises $6 to $12
Velbor107: calls $6
*** RIVER *** [Ad Jc Qc 9c] [Ts]
ELSUPREMO999: bets $6
Velbor107: calls $6
*** SHOW DOWN ***
ELSUPREMO999: shows [Ac 6d] (a pair of Aces)
Velbor107: shows [9d Qs] (two pair, Queens and Nines)
Velbor107 collected $53.50 from pot
*** SUMMARY ***
Total pot $54 | Rake $0.50
Board [Ad Jc Qc 9c Ts]
Seat 1: Velbor107 (button) (small blind) showed [9d Qs] and won ($53.50) with two pair, Queens and Nines
Seat 2: ELSUPREMO999 (big blind) showed [Ac 6d] and lost with a pair of Aces


PokerStars Hand #144537261352:  Hold'em Limit ($3/$6 USD) - 2015/11/28 20:29:54 ET
Table 'Vindobona' 2-max Seat #1 is the button
Seat 1: Velbor107 ($288.29 in chips)
Seat 2: ELSUPREMO999 ($123.47 in chips)
Velbor107: posts small blind $1
ELSUPREMO999: posts big blind $3
*** HOLE CARDS ***
Velbor107: raises $3 to $6
ELSUPREMO999: calls $3
*** FLOP *** [9d 7h Kh]
ELSUPREMO999: checks
Velbor107: bets $3
ELSUPREMO999: folds
Uncalled bet ($3) returned to Velbor107
Velbor107 collected $11.76 from pot
*** SUMMARY ***
Total pot $12 | Rake $0.24
Board [9d 7h Kh]
Seat 1: Velbor107 (button) (small blind) collected ($11.76)
Seat 2: ELSUPREMO999 (big blind) folded on the Flop


PokerStars Hand #144537267995:  Hold'em Limit ($3/$6 USD) - 2015/11/28 20:30:07 ET
Table 'Vindobona' 2-max Seat #2 is the button
Seat 1: Velbor107 ($294.05 in chips)
Seat 2: ELSUPREMO999 ($117.47 in chips)
ELSUPREMO999: posts small blind $1
Velbor107: posts big blind $3
*** HOLE CARDS ***
ELSUPREMO999: folds
Uncalled bet ($2) returned to Velbor107
Velbor107 collected $2 from pot
*** SUMMARY ***
Total pot $2 | Rake $0
Seat 1: Velbor107 (big blind) collected ($2)
Seat 2: ELSUPREMO999 (button) (small blind) folded before Flop


PokerStars Hand #144537238560:  Hold'em Limit ($3/$6 USD) - 2015/11/28 20:29:11 ET
Table 'Vindobona' 2-max Seat #2 is the button
Seat 1: Velbor107 ($255.03 in chips)
Seat 2: ELSUPREMO999 ($157.47 in chips)
ELSUPREMO999: posts small blind $1
Velbor107: posts big blind $3
*** HOLE CARDS ***
ELSUPREMO999: calls $2
Velbor107: raises $3 to $6
ELSUPREMO999: calls $3
*** FLOP *** [Tc 4d Ks]
Velbor107: bets $3
ELSUPREMO999: folds
Uncalled bet ($3) returned to Velbor107
Velbor107 collected $11.76 from pot
*** SUMMARY ***
Total pot $12 | Rake $0.24
Board [Tc 4d Ks]
Seat 1: Velbor107 (big blind) collected ($11.76)
Seat 2: ELSUPREMO999 (button) (small blind) folded on the Flop


PokerStars Hand #144537270334:  Hold'em Limit ($3/$6 USD) - 2015/11/28 20:30:11 ET
Table 'Vindobona' 2-max Seat #1 is the button
Seat 1: Velbor107 ($295.05 in chips)
Seat 2: ELSUPREMO999 ($116.47 in chips)
Velbor107: posts small blind $1
ELSUPREMO999: posts big blind $3
*** HOLE CARDS ***
Velbor107: raises $3 to $6
ELSUPREMO999: raises $3 to $9
Velbor107: calls $3
*** FLOP *** [As 4d 3h]
ELSUPREMO999: bets $3
Velbor107: calls $3
*** TURN *** [As 4d 3h] [Td]
ELSUPREMO999: bets $6
Velbor107: calls $6
*** RIVER *** [As 4d 3h Td] [7s]
ELSUPREMO999: bets $6
Velbor107: calls $6
*** SHOW DOWN ***
ELSUPREMO999: shows [Jh Qc] (high card Ace)
Velbor107: shows [Th 9d] (a pair of Tens)
Velbor107 collected $47.50 from pot
*** SUMMARY ***
Total pot $48 | Rake $0.50
Board [As 4d 3h Td 7s]
Seat 1: Velbor107 (button) (small blind) showed [Th 9d] and won ($47.50) with a pair of Tens
Seat 2: ELSUPREMO999 (big blind) showed [Jh Qc] and lost with high card Ace


PokerStars Hand #144537281974:  Hold'em Limit ($3/$6 USD) - 2015/11/28 20:30:33 ET
Table 'Vindobona' 2-max Seat #2 is the button
Seat 1: Velbor107 ($318.55 in chips)
Seat 2: ELSUPREMO999 ($92.47 in chips)
ELSUPREMO999: posts small blind $1
Velbor107: posts big blind $3
*** HOLE CARDS ***
ELSUPREMO999: calls $2
Velbor107: checks
*** FLOP *** [Kd Td Qh]
Velbor107: checks
ELSUPREMO999: bets $3
Velbor107: calls $3
*** TURN *** [Kd Td Qh] [Ac]
Velbor107: checks
ELSUPREMO999: checks
*** RIVER *** [Kd Td Qh Ac] [Qc]
Velbor107: bets $6
ELSUPREMO999: calls $6
*** SHOW DOWN ***
Velbor107: shows [3d 8d] (a pair of Queens)
ELSUPREMO999: shows [6d Tc] (two pair, Queens and Tens)
ELSUPREMO999 collected $23.52 from pot
*** SUMMARY ***
Total pot $24 | Rake $0.48
Board [Kd Td Qh Ac Qc]
Seat 1: Velbor107 (big blind) showed [3d 8d] and lost with a pair of Queens
Seat 2: ELSUPREMO999 (button) (small blind) showed [6d Tc] and won ($23.52) with two pair, Queens and Tens


PokerStars Hand #144537314769:  Hold'em Limit ($3/$6 USD) - 2015/11/28 20:31:36 ET
Table 'Vindobona' 2-max Seat #1 is the button
Seat 1: Velbor107 ($303.31 in chips)
Seat 2: ELSUPREMO999 ($106.63 in chips)
Velbor107: posts small blind $1
ELSUPREMO999: posts big blind $3
*** HOLE CARDS ***
Velbor107: raises $3 to $6
ELSUPREMO999: calls $3
*** FLOP *** [3d 4h 5d]
ELSUPREMO999: checks
Velbor107: bets $3
ELSUPREMO999: calls $3
*** TURN *** [3d 4h 5d] [9s]
ELSUPREMO999: checks
Velbor107: bets $6
ELSUPREMO999: folds
Uncalled bet ($6) returned to Velbor107
Velbor107 collected $17.64 from pot
*** SUMMARY ***
Total pot $18 | Rake $0.36
Board [3d 4h 5d 9s]
Seat 1: Velbor107 (button) (small blind) collected ($17.64)
Seat 2: ELSUPREMO999 (big blind) folded on the Turn


PokerStars Hand #144537307648:  Hold'em Limit ($3/$6 USD) - 2015/11/28 20:31:22 ET
Table 'Vindobona' 2-max Seat #2 is the button
Seat 1: Velbor107 ($297.55 in chips)
Seat 2: ELSUPREMO999 ($112.63 in chips)
ELSUPREMO999: posts small blind $1
Velbor107: posts big blind $3
*** HOLE CARDS ***
ELSUPREMO999: calls $2
Velbor107: raises $3 to $6
ELSUPREMO999: calls $3
*** FLOP *** [5s 9s 7s]
Velbor107: bets $3
ELSUPREMO999: folds
Uncalled bet ($3) returned to Velbor107
Velbor107 collected $11.76 from pot
*** SUMMARY ***
Total pot $12 | Rake $0.24
Board [5s 9s 7s]
Seat 1: Velbor107 (big blind) collected ($11.76)
Seat 2: ELSUPREMO999 (button) (small blind) folded on the Flop


PokerStars Hand #144537296177:  Hold'em Limit ($3/$6 USD) - 2015/11/28 20:31:01 ET
Table 'Vindobona' 2-max Seat #1 is the button
Seat 1: Velbor107 ($306.55 in chips)
Seat 2: ELSUPREMO999 ($103.99 in chips)
Velbor107: posts small blind $1
ELSUPREMO999: posts big blind $3
*** HOLE CARDS ***
Velbor107: raises $3 to $6
ELSUPREMO999: calls $3
*** FLOP *** [Th Ad As]
ELSUPREMO999: checks
Velbor107: bets $3
ELSUPREMO999: calls $3
*** TURN *** [Th Ad As] [2d]
ELSUPREMO999: checks
Velbor107: checks
*** RIVER *** [Th Ad As 2d] [4d]
ELSUPREMO999: checks
Velbor107: checks
*** SHOW DOWN ***
ELSUPREMO999: shows [5c Kc] (a pair of Aces)
Velbor107: mucks hand
ELSUPREMO999 collected $17.64 from pot
*** SUMMARY ***
Total pot $18 | Rake $0.36
Board [Th Ad As 2d 4d]
Seat 1: Velbor107 (button) (small blind) mucked
Seat 2: ELSUPREMO999 (big blind) showed [5c Kc] and won ($17.64) with a pair of Aces


PokerStars Hand #144537363118:  Hold'em Limit ($3/$6 USD) - 2015/11/28 20:33:07 ET
Table 'Vindobona' 2-max Seat #2 is the button
Seat 1: Velbor107 ($336.21 in chips)
Seat 2: ELSUPREMO999 ($142.35 in chips)
ELSUPREMO999: posts small blind $1
Velbor107: posts big blind $3
*** HOLE CARDS ***
ELSUPREMO999: folds
Uncalled bet ($2) returned to Velbor107
Velbor107 collected $2 from pot
*** SUMMARY ***
Total pot $2 | Rake $0
Seat 1: Velbor107 (big blind) collected ($2)
Seat 2: ELSUPREMO999 (button) (small blind) folded before Flop


PokerStars Hand #144537339704:  Hold'em Limit ($3/$6 USD) - 2015/11/28 20:32:23 ET
Table 'Vindobona' 2-max Seat #1 is the button
Seat 1: Velbor107 ($338.45 in chips)
Seat 2: ELSUPREMO999 ($70.63 in chips)
Velbor107: posts small blind $1
ELSUPREMO999: posts big blind $3
*** HOLE CARDS ***
Velbor107: raises $3 to $6
ELSUPREMO999: calls $3
*** FLOP *** [Kd 4d 9d]
ELSUPREMO999: checks
Velbor107: bets $3
ELSUPREMO999: folds
Uncalled bet ($3) returned to Velbor107
Velbor107 collected $11.76 from pot
*** SUMMARY ***
Total pot $12 | Rake $0.24
Board [Kd 4d 9d]
Seat 1: Velbor107 (button) (small blind) collected ($11.76)
Seat 2: ELSUPREMO999 (big blind) folded on the Flop


PokerStars Hand #144537325330:  Hold'em Limit ($3/$6 USD) - 2015/11/28 20:31:56 ET
Table 'Vindobona' 2-max Seat #2 is the button
Seat 1: Velbor107 ($311.95 in chips)
Seat 2: ELSUPREMO999 ($97.63 in chips)
ELSUPREMO999: posts small blind $1
Velbor107: posts big blind $3
*** HOLE CARDS ***
ELSUPREMO999: calls $2
Velbor107: checks
*** FLOP *** [Kc 3h 2s]
Velbor107: checks
ELSUPREMO999: checks
*** TURN *** [Kc 3h 2s] [6d]
Velbor107: checks
ELSUPREMO999: bets $6
Velbor107: raises $6 to $12
ELSUPREMO999: raises $6 to $18
Velbor107: calls $6
*** RIVER *** [Kc 3h 2s 6d] [7h]
Velbor107: checks
ELSUPREMO999: bets $6
Velbor107: calls $6
*** SHOW DOWN ***
ELSUPREMO999: shows [6h 5h] (a pair of Sixes)
Velbor107: shows [Kh 2h] (two pair, Kings and Deuces)
Velbor107 collected $53.50 from pot
*** SUMMARY ***
Total pot $54 | Rake $0.50
Board [Kc 3h 2s 6d 7h]
Seat 1: Velbor107 (big blind) showed [Kh 2h] and won ($53.50) with two pair, Kings and Deuces
Seat 2: ELSUPREMO999 (button) (small blind) showed [6h 5h] and lost with a pair of Sixes


PokerStars Hand #144537345413:  Hold'em Limit ($3/$6 USD) - 2015/11/28 20:32:34 ET
Table 'Vindobona' 2-max Seat #2 is the button
Seat 1: Velbor107 ($344.21 in chips)
Seat 2: ELSUPREMO999 ($64.63 in chips)
ELSUPREMO999: posts small blind $1
Velbor107: posts big blind $3
*** HOLE CARDS ***
ELSUPREMO999: folds
Uncalled bet ($2) returned to Velbor107
Velbor107 collected $2 from pot
*** SUMMARY ***
Total pot $2 | Rake $0
Seat 1: Velbor107 (big blind) collected ($2)
Seat 2: ELSUPREMO999 (button) (small blind) folded before Flop


PokerStars Hand #144537385509:  Hold'em Limit ($3/$6 USD) - 2015/11/28 20:33:50 ET
Table 'Vindobona' 2-max Seat #1 is the button
Seat 1: Velbor107 ($309.21 in chips)
Seat 2: ELSUPREMO999 ($168.85 in chips)
Velbor107: posts small blind $1
ELSUPREMO999: posts big blind $3
*** HOLE CARDS ***
Velbor107: raises $3 to $6
ELSUPREMO999: calls $3
*** FLOP *** [6s Ad 2s]
ELSUPREMO999: checks
Velbor107: bets $3
ELSUPREMO999: folds
Uncalled bet ($3) returned to Velbor107
Velbor107 collected $11.76 from pot
*** SUMMARY ***
Total pot $12 | Rake $0.24
Board [6s Ad 2s]
Seat 1: Velbor107 (button) (small blind) collected ($11.76)
Seat 2: ELSUPREMO999 (big blind) folded on the Flop


PokerStars Hand #144537370208:  Hold'em Limit ($3/$6 USD) - 2015/11/28 20:33:21 ET
Table 'Vindobona' 2-max Seat #2 is the button
Seat 1: Velbor107 ($336.21 in chips)
Seat 2: ELSUPREMO999 ($142.35 in chips)
ELSUPREMO999: posts small blind $1
Velbor107: posts big blind $3
*** HOLE CARDS ***
ELSUPREMO999: calls $2
Velbor107: raises $3 to $6
ELSUPREMO999: calls $3
*** FLOP *** [6d Js 5d]
Velbor107: bets $3
ELSUPREMO999: calls $3
*** TURN *** [6d Js 5d] [8d]
Velbor107: bets $6
ELSUPREMO999: raises $6 to $12
Velbor107: calls $6
*** RIVER *** [6d Js 5d 8d] [7h]
Velbor107: checks
ELSUPREMO999: bets $6
Velbor107: calls $6
*** SHOW DOWN ***
ELSUPREMO999: shows [9d 7c] (a straight, Five to Nine)
Velbor107: mucks hand
ELSUPREMO999 collected $53.50 from pot
*** SUMMARY ***
Total pot $54 | Rake $0.50
Board [6d Js 5d 8d 7h]
Seat 1: Velbor107 (big blind) mucked
Seat 2: ELSUPREMO999 (button) (small blind) showed [9d 7c] and won ($53.50) with a straight, Five to Nine


PokerStars Hand #144537365663:  Hold'em Limit ($3/$6 USD) - 2015/11/28 20:33:12 ET
Table 'Vindobona' 2-max Seat #1 is the button
Seat 1: Velbor107 ($337.21 in chips)
Seat 2: ELSUPREMO999 ($141.35 in chips)
Velbor107: posts small blind $1
ELSUPREMO999: posts big blind $3
*** HOLE CARDS ***
Velbor107: folds
Uncalled bet ($2) returned to ELSUPREMO999
ELSUPREMO999 collected $2 from pot
ELSUPREMO999: doesn't show hand
*** SUMMARY ***
Total pot $2 | Rake $0
Seat 1: Velbor107 (button) (small blind) folded before Flop
Seat 2: ELSUPREMO999 (big blind) collected ($2)


PokerStars Hand #144537419795:  Hold'em Limit ($3/$6 USD) - 2015/11/28 20:34:56 ET
Table 'Vindobona' 2-max Seat #2 is the button
Seat 1: Velbor107 ($316.61 in chips)
Seat 2: ELSUPREMO999 ($160.61 in chips)
ELSUPREMO999: posts small blind $1
Velbor107: posts big blind $3
*** HOLE CARDS ***
ELSUPREMO999: folds
Uncalled bet ($2) returned to Velbor107
Velbor107 collected $2 from pot
*** SUMMARY ***
Total pot $2 | Rake $0
Seat 1: Velbor107 (big blind) collected ($2)
Seat 2: ELSUPREMO999 (button) (small blind) folded before Flop


PokerStars Hand #144537416735:  Hold'em Limit ($3/$6 USD) - 2015/11/28 20:34:50 ET
Table 'Vindobona' 2-max Seat #1 is the button
Seat 1: Velbor107 ($317.61 in chips)
Seat 2: ELSUPREMO999 ($159.61 in chips)
Velbor107: posts small blind $1
ELSUPREMO999: posts big blind $3
*** HOLE CARDS ***
Velbor107: folds
Uncalled bet ($2) returned to ELSUPREMO999
ELSUPREMO999 collected $2 from pot
ELSUPREMO999: doesn't show hand
*** SUMMARY ***
Total pot $2 | Rake $0
Seat 1: Velbor107 (button) (small blind) folded before Flop
Seat 2: ELSUPREMO999 (big blind) collected ($2)


PokerStars Hand #144537393287:  Hold'em Limit ($3/$6 USD) - 2015/11/28 20:34:05 ET
Table 'Vindobona' 2-max Seat #2 is the button
Seat 1: Velbor107 ($314.97 in chips)
Seat 2: ELSUPREMO999 ($162.85 in chips)
ELSUPREMO999: posts small blind $1
Velbor107: posts big blind $3
*** HOLE CARDS ***
ELSUPREMO999: calls $2
Velbor107: checks
*** FLOP *** [6h 3c Ad]
Velbor107: checks
ELSUPREMO999: checks
*** TURN *** [6h 3c Ad] [Tc]
Velbor107: checks
ELSUPREMO999: checks
*** RIVER *** [6h 3c Ad Tc] [4c]
Velbor107: checks
ELSUPREMO999: checks
*** SHOW DOWN ***
Velbor107: shows [3h Ks] (a pair of Threes)
ELSUPREMO999: mucks hand
Velbor107 collected $5.88 from pot
*** SUMMARY ***
Total pot $6 | Rake $0.12
Board [6h 3c Ad Tc 4c]
Seat 1: Velbor107 (big blind) showed [3h Ks] and won ($5.88) with a pair of Threes
Seat 2: ELSUPREMO999 (button) (small blind) mucked


PokerStars Hand #144537407435:  Hold'em Limit ($3/$6 USD) - 2015/11/28 20:34:32 ET
Table 'Vindobona' 2-max Seat #2 is the button
Seat 1: Velbor107 ($323.61 in chips)
Seat 2: ELSUPREMO999 ($153.85 in chips)
ELSUPREMO999: posts small blind $1
Velbor107: posts big blind $3
*** HOLE CARDS ***
ELSUPREMO999: raises $3 to $6
Velbor107: calls $3
*** FLOP *** [7s 4s Qh]
Velbor107: checks
ELSUPREMO999: bets $3
Velbor107: folds
Uncalled bet ($3) returned to ELSUPREMO999
ELSUPREMO999 collected $11.76 from pot
ELSUPREMO999: doesn't show hand
*** SUMMARY ***
Total pot $12 | Rake $0.24
Board [7s 4s Qh]
Seat 1: Velbor107 (big blind) folded on the Flop
Seat 2: ELSUPREMO999 (button) (small blind) collected ($11.76)


PokerStars Hand #144537402059:  Hold'em Limit ($3/$6 USD) - 2015/11/28 20:34:22 ET
Table 'Vindobona' 2-max Seat #1 is the button
Seat 1: Velbor107 ($317.85 in chips)
Seat 2: ELSUPREMO999 ($159.85 in chips)
Velbor107: posts small blind $1
ELSUPREMO999: posts big blind $3
*** HOLE CARDS ***
Velbor107: raises $3 to $6
ELSUPREMO999: calls $3
*** FLOP *** [5d Ad Tc]
ELSUPREMO999: checks
Velbor107: bets $3
ELSUPREMO999: folds
Uncalled bet ($3) returned to Velbor107
Velbor107 collected $11.76 from pot
*** SUMMARY ***
Total pot $12 | Rake $0.24
Board [5d Ad Tc]
Seat 1: Velbor107 (button) (small blind) collected ($11.76)
Seat 2: ELSUPREMO999 (big blind) folded on the Flop


PokerStars Hand #144537444287:  Hold'em Limit ($3/$6 USD) - 2015/11/28 20:35:43 ET
Table 'Vindobona' 2-max Seat #1 is the button
Seat 1: Velbor107 ($310.37 in chips)
Seat 2: ELSUPREMO999 ($166.11 in chips)
Velbor107: posts small blind $1
ELSUPREMO999: posts big blind $3
*** HOLE CARDS ***
Velbor107: raises $3 to $6
ELSUPREMO999: calls $3
*** FLOP *** [6s 9d Kh]
ELSUPREMO999: checks
Velbor107: bets $3
ELSUPREMO999: calls $3
*** TURN *** [6s 9d Kh] [Qd]
ELSUPREMO999: checks
Velbor107: bets $6
ELSUPREMO999: raises $6 to $12
Velbor107: raises $6 to $18
ELSUPREMO999: raises $6 to $24
Betting is capped
Velbor107: calls $6
*** RIVER *** [6s 9d Kh Qd] [Ad]
ELSUPREMO999: bets $6
Velbor107: calls $6
*** SHOW DOWN ***
ELSUPREMO999: shows [Jh Td] (a straight, Ten to Ace)
Velbor107: mucks hand
ELSUPREMO999 collected $77.50 from pot
*** SUMMARY ***
Total pot $78 | Rake $0.50
Board [6s 9d Kh Qd Ad]
Seat 1: Velbor107 (button) (small blind) mucked
Seat 2: ELSUPREMO999 (big blind) showed [Jh Td] and won ($77.50) with a straight, Ten to Ace


PokerStars Hand #144537436827:  Hold'em Limit ($3/$6 USD) - 2015/11/28 20:35:28 ET
Table 'Vindobona' 2-max Seat #1 is the button
Seat 1: Velbor107 ($303.61 in chips)
Seat 2: ELSUPREMO999 ($173.11 in chips)
Velbor107: posts small blind $1
ELSUPREMO999: posts big blind $3
*** HOLE CARDS ***
Velbor107: raises $3 to $6
ELSUPREMO999: calls $3
*** FLOP *** [3s Qd 5h]
ELSUPREMO999: checks
Velbor107: bets $3
ELSUPREMO999: folds
Uncalled bet ($3) returned to Velbor107
Velbor107 collected $11.76 from pot
*** SUMMARY ***
Total pot $12 | Rake $0.24
Board [3s Qd 5h]
Seat 1: Velbor107 (button) (small blind) collected ($11.76)
Seat 2: ELSUPREMO999 (big blind) folded on the Flop


PokerStars Hand #144537433241:  Hold'em Limit ($3/$6 USD) - 2015/11/28 20:35:21 ET
Table 'Vindobona' 2-max Seat #2 is the button
Seat 1: Velbor107 ($302.61 in chips)
Seat 2: ELSUPREMO999 ($174.11 in chips)
ELSUPREMO999: posts small blind $1
Velbor107: posts big blind $3
*** HOLE CARDS ***
ELSUPREMO999: folds
Uncalled bet ($2) returned to Velbor107
Velbor107 collected $2 from pot
*** SUMMARY ***
Total pot $2 | Rake $0
Seat 1: Velbor107 (big blind) collected ($2)
Seat 2: ELSUPREMO999 (button) (small blind) folded before Flop


PokerStars Hand #144537422676:  Hold'em Limit ($3/$6 USD) - 2015/11/28 20:35:01 ET
Table 'Vindobona' 2-max Seat #1 is the button
Seat 1: Velbor107 ($317.61 in chips)
Seat 2: ELSUPREMO999 ($159.61 in chips)
Velbor107: posts small blind $1
ELSUPREMO999: posts big blind $3
*** HOLE CARDS ***
Velbor107: raises $3 to $6
ELSUPREMO999: calls $3
*** FLOP *** [Jc 9h 8c]
ELSUPREMO999: checks
Velbor107: bets $3
ELSUPREMO999: calls $3
*** TURN *** [Jc 9h 8c] [Ks]
ELSUPREMO999: checks
Velbor107: checks
*** RIVER *** [Jc 9h 8c Ks] [6d]
ELSUPREMO999: bets $6
Velbor107: calls $6
*** SHOW DOWN ***
ELSUPREMO999: shows [Ac 8s] (a pair of Eights)
Velbor107: mucks hand
ELSUPREMO999 collected $29.50 from pot
*** SUMMARY ***
Total pot $30 | Rake $0.50
Board [Jc 9h 8c Ks 6d]
Seat 1: Velbor107 (button) (small blind) mucked
Seat 2: ELSUPREMO999 (big blind) showed [Ac 8s] and won ($29.50) with a pair of Eights


PokerStars Hand #144537442120:  Hold'em Limit ($3/$6 USD) - 2015/11/28 20:35:39 ET
Table 'Vindobona' 2-max Seat #2 is the button
Seat 1: Velbor107 ($309.37 in chips)
Seat 2: ELSUPREMO999 ($167.11 in chips)
ELSUPREMO999: posts small blind $1
Velbor107: posts big blind $3
*** HOLE CARDS ***
ELSUPREMO999: folds
Uncalled bet ($2) returned to Velbor107
Velbor107 collected $2 from pot
*** SUMMARY ***
Total pot $2 | Rake $0
Seat 1: Velbor107 (big blind) collected ($2)
Seat 2: ELSUPREMO999 (button) (small blind) folded before Flop


PokerStars Hand #144537463519:  Hold'em Limit ($3/$6 USD) - 2015/11/28 20:36:20 ET
Table 'Vindobona' 2-max Seat #2 is the button
Seat 1: Velbor107 ($271.37 in chips)
Seat 2: ELSUPREMO999 ($204.61 in chips)
ELSUPREMO999: posts small blind $1
Velbor107: posts big blind $3
*** HOLE CARDS ***
ELSUPREMO999: calls $2
Velbor107: raises $3 to $6
ELSUPREMO999: calls $3
*** FLOP *** [Ac 3h Tc]
Velbor107: bets $3
ELSUPREMO999: calls $3
*** TURN *** [Ac 3h Tc] [7c]
Velbor107: checks
ELSUPREMO999: bets $6
Velbor107: calls $6
*** RIVER *** [Ac 3h Tc 7c] [5c]
Velbor107: checks
ELSUPREMO999: checks
*** SHOW DOWN ***
Velbor107: shows [8c 7d] (a flush, Ace high)
ELSUPREMO999: mucks hand
Velbor107 collected $29.50 from pot
*** SUMMARY ***
Total pot $30 | Rake $0.50
Board [Ac 3h Tc 7c 5c]
Seat 1: Velbor107 (big blind) showed [8c 7d] and won ($29.50) with a flush, Ace high
Seat 2: ELSUPREMO999 (button) (small blind) mucked


PokerStars Hand #144537476396:  Hold'em Limit ($3/$6 USD) - 2015/11/28 20:36:44 ET
Table 'Vindobona' 2-max Seat #1 is the button
Seat 1: Velbor107 ($285.87 in chips)
Seat 2: ELSUPREMO999 ($189.61 in chips)
Velbor107: posts small blind $1
ELSUPREMO999: posts big blind $3
*** HOLE CARDS ***
Velbor107: raises $3 to $6
ELSUPREMO999: folds
Uncalled bet ($3) returned to Velbor107
Velbor107 collected $6 from pot
*** SUMMARY ***
Total pot $6 | Rake $0
Seat 1: Velbor107 (button) (small blind) collected ($6)
Seat 2: ELSUPREMO999 (big blind) folded before Flop


PokerStars Hand #144537511754:  Hold'em Limit ($3/$6 USD) - 2015/11/28 20:37:53 ET
Table 'Vindobona' 2-max Seat #1 is the button
Seat 1: Velbor107 ($326.65 in chips)
Seat 2: ELSUPREMO999 ($147.61 in chips)
Velbor107: posts small blind $1
ELSUPREMO999: posts big blind $3
*** HOLE CARDS ***
Velbor107: raises $3 to $6
ELSUPREMO999: raises $3 to $9
Velbor107: calls $3
*** FLOP *** [Th Ah Js]
ELSUPREMO999: bets $3
Velbor107: calls $3
*** TURN *** [Th Ah Js] [Qs]
ELSUPREMO999: checks
Velbor107: checks
*** RIVER *** [Th Ah Js Qs] [6d]
ELSUPREMO999: bets $6
Velbor107: folds
Uncalled bet ($6) returned to ELSUPREMO999
ELSUPREMO999 collected $23.52 from pot
ELSUPREMO999: doesn't show hand
*** SUMMARY ***
Total pot $24 | Rake $0.48
Board [Th Ah Js Qs 6d]
Seat 1: Velbor107 (button) (small blind) folded on the River
Seat 2: ELSUPREMO999 (big blind) collected ($23.52)


PokerStars Hand #144537502421:  Hold'em Limit ($3/$6 USD) - 2015/11/28 20:37:35 ET
Table 'Vindobona' 2-max Seat #2 is the button
Seat 1: Velbor107 ($315.13 in chips)
Seat 2: ELSUPREMO999 ($159.61 in chips)
ELSUPREMO999: posts small blind $1
Velbor107: posts big blind $3
*** HOLE CARDS ***
ELSUPREMO999: raises $3 to $6
Velbor107: calls $3
*** FLOP *** [Ts 2d 5c]
Velbor107: checks
ELSUPREMO999: checks
*** TURN *** [Ts 2d 5c] [9s]
Velbor107: bets $6
ELSUPREMO999: calls $6
*** RIVER *** [Ts 2d 5c 9s] [6d]
Velbor107: checks
ELSUPREMO999: checks
*** SHOW DOWN ***
Velbor107: shows [As 8s] (high card Ace)
ELSUPREMO999: mucks hand
Velbor107 collected $23.52 from pot
*** SUMMARY ***
Total pot $24 | Rake $0.48
Board [Ts 2d 5c 9s 6d]
Seat 1: Velbor107 (big blind) showed [As 8s] and won ($23.52) with high card Ace
Seat 2: ELSUPREMO999 (button) (small blind) mucked


PokerStars Hand #144537496686:  Hold'em Limit ($3/$6 USD) - 2015/11/28 20:37:24 ET
Table 'Vindobona' 2-max Seat #1 is the button
Seat 1: Velbor107 ($309.37 in chips)
Seat 2: ELSUPREMO999 ($165.61 in chips)
Velbor107: posts small blind $1
ELSUPREMO999: posts big blind $3
*** HOLE CARDS ***
Velbor107: raises $3 to $6
ELSUPREMO999: calls $3
*** FLOP *** [4d 9d Kh]
ELSUPREMO999: checks
Velbor107: bets $3
ELSUPREMO999: folds
Uncalled bet ($3) returned to Velbor107
Velbor107 collected $11.76 from pot
*** SUMMARY ***
Total pot $12 | Rake $0.24
Board [4d 9d Kh]
Seat 1: Velbor107 (button) (small blind) collected ($11.76)
Seat 2: ELSUPREMO999 (big blind) folded on the Flop


PokerStars Hand #144537480065:  Hold'em Limit ($3/$6 USD) - 2015/11/28 20:36:51 ET
Table 'Vindobona' 2-max Seat #2 is the button
Seat 1: Velbor107 ($288.87 in chips)
Seat 2: ELSUPREMO999 ($186.61 in chips)
ELSUPREMO999: posts small blind $1
Velbor107: posts big blind $3
*** HOLE CARDS ***
ELSUPREMO999: raises $3 to $6
Velbor107: calls $3
*** FLOP *** [7d 4s Kh]
Velbor107: checks
ELSUPREMO999: bets $3
Velbor107: calls $3
*** TURN *** [7d 4s Kh] [As]
Velbor107: checks
ELSUPREMO999: bets $6
Velbor107: calls $6
*** RIVER *** [7d 4s Kh As] [7c]
Velbor107: checks
ELSUPREMO999: bets $6
Velbor107: calls $6
*** SHOW DOWN ***
ELSUPREMO999: shows [Jh Qc] (a pair of Sevens)
Velbor107: shows [2d Ad] (two pair, Aces and Sevens)
Velbor107 collected $41.50 from pot
*** SUMMARY ***
Total pot $42 | Rake $0.50
Board [7d 4s Kh As 7c]
Seat 1: Velbor107 (big blind) showed [2d Ad] and won ($41.50) with two pair, Aces and Sevens
Seat 2: ELSUPREMO999 (button) (small blind) showed [Jh Qc] and lost with a pair of Sevens


PokerStars Hand #144537553564:  Hold'em Limit ($3/$6 USD) - 2015/11/28 20:39:14 ET
Table 'Vindobona' 2-max Seat #1 is the button
Seat 1: Velbor107 ($334.79 in chips)
Seat 2: ELSUPREMO999 ($138.01 in chips)
Velbor107: posts small blind $1
ELSUPREMO999: posts big blind $3
*** HOLE CARDS ***
Velbor107: folds
Uncalled bet ($2) returned to ELSUPREMO999
ELSUPREMO999 collected $2 from pot
ELSUPREMO999: doesn't show hand
*** SUMMARY ***
Total pot $2 | Rake $0
Seat 1: Velbor107 (button) (small blind) folded before Flop
Seat 2: ELSUPREMO999 (big blind) collected ($2)


PokerStars Hand #144537542531:  Hold'em Limit ($3/$6 USD) - 2015/11/28 20:38:53 ET
Table 'Vindobona' 2-max Seat #2 is the button
Seat 1: Velbor107 ($326.15 in chips)
Seat 2: ELSUPREMO999 ($147.01 in chips)
ELSUPREMO999: posts small blind $1
Velbor107: posts big blind $3
*** HOLE CARDS ***
ELSUPREMO999: raises $3 to $6
Velbor107: calls $3
*** FLOP *** [Ad 9s 5d]
Velbor107: checks
ELSUPREMO999: bets $3
Velbor107: calls $3
*** TURN *** [Ad 9s 5d] [2d]
Velbor107: checks
ELSUPREMO999: checks
*** RIVER *** [Ad 9s 5d 2d] [Qd]
Velbor107: checks
ELSUPREMO999: checks
*** SHOW DOWN ***
Velbor107: shows [Ac 2h] (two pair, Aces and Deuces)
ELSUPREMO999: mucks hand
Velbor107 collected $17.64 from pot
*** SUMMARY ***
Total pot $18 | Rake $0.36
Board [Ad 9s 5d 2d Qd]
Seat 1: Velbor107 (big blind) showed [Ac 2h] and won ($17.64) with two pair, Aces and Deuces
Seat 2: ELSUPREMO999 (button) (small blind) mucked


PokerStars Hand #144537531686:  Hold'em Limit ($3/$6 USD) - 2015/11/28 20:38:32 ET
Table 'Vindobona' 2-max Seat #1 is the button
Seat 1: Velbor107 ($311.65 in chips)
Seat 2: ELSUPREMO999 ($162.01 in chips)
Velbor107: posts small blind $1
ELSUPREMO999: posts big blind $3
*** HOLE CARDS ***
Velbor107: raises $3 to $6
ELSUPREMO999: calls $3
*** FLOP *** [4c Jh 5d]
ELSUPREMO999: checks
Velbor107: bets $3
ELSUPREMO999: calls $3
*** TURN *** [4c Jh 5d] [Tc]
ELSUPREMO999: checks
Velbor107: checks
*** RIVER *** [4c Jh 5d Tc] [8s]
ELSUPREMO999: bets $6
Velbor107: calls $6
*** SHOW DOWN ***
ELSUPREMO999: shows [Ac Kh] (high card Ace)
Velbor107: shows [Qs 8h] (a pair of Eights)
Velbor107 collected $29.50 from pot
*** SUMMARY ***
Total pot $30 | Rake $0.50
Board [4c Jh 5d Tc 8s]
Seat 1: Velbor107 (button) (small blind) showed [Qs 8h] and won ($29.50) with a pair of Eights
Seat 2: ELSUPREMO999 (big blind) showed [Ac Kh] and lost with high card Ace


PokerStars Hand #144537522606:  Hold'em Limit ($3/$6 USD) - 2015/11/28 20:38:14 ET
Table 'Vindobona' 2-max Seat #2 is the button
Seat 1: Velbor107 ($314.65 in chips)
Seat 2: ELSUPREMO999 ($159.13 in chips)
ELSUPREMO999: posts small blind $1
Velbor107: posts big blind $3
*** HOLE CARDS ***
ELSUPREMO999: calls $2
Velbor107: checks
*** FLOP *** [6d 6h 2h]
Velbor107: checks
ELSUPREMO999: checks
*** TURN *** [6d 6h 2h] [7d]
Velbor107: checks
ELSUPREMO999: checks
*** RIVER *** [6d 6h 2h 7d] [6c]
Velbor107: checks
ELSUPREMO999: checks
*** SHOW DOWN ***
Velbor107: shows [Qc 9s] (three of a kind, Sixes)
ELSUPREMO999: shows [Qs Tc] (three of a kind, Sixes - Queen+Ten kicker)
ELSUPREMO999 collected $5.88 from pot
*** SUMMARY ***
Total pot $6 | Rake $0.12
Board [6d 6h 2h 7d 6c]
Seat 1: Velbor107 (big blind) showed [Qc 9s] and lost with three of a kind, Sixes
Seat 2: ELSUPREMO999 (button) (small blind) showed [Qs Tc] and won ($5.88) with three of a kind, Sixes


PokerStars Hand #144537582561:  Hold'em Limit ($3/$6 USD) - 2015/11/28 20:40:11 ET
Table 'Vindobona' 2-max Seat #2 is the button
Seat 1: Velbor107 ($351.29 in chips)
Seat 2: ELSUPREMO999 ($120.89 in chips)
ELSUPREMO999: posts small blind $1
Velbor107: posts big blind $3
*** HOLE CARDS ***
ELSUPREMO999: raises $3 to $6
Velbor107: folds
Uncalled bet ($3) returned to ELSUPREMO999
ELSUPREMO999 collected $6 from pot
ELSUPREMO999: doesn't show hand
*** SUMMARY ***
Total pot $6 | Rake $0
Seat 1: Velbor107 (big blind) folded before Flop
Seat 2: ELSUPREMO999 (button) (small blind) collected ($6)


PokerStars Hand #144537556540:  Hold'em Limit ($3/$6 USD) - 2015/11/28 20:39:20 ET
Table 'Vindobona' 2-max Seat #2 is the button
Seat 1: Velbor107 ($333.79 in chips)
Seat 2: ELSUPREMO999 ($139.01 in chips)
ELSUPREMO999: posts small blind $1
Velbor107: posts big blind $3
*** HOLE CARDS ***
ELSUPREMO999: calls $2
Velbor107: checks
*** FLOP *** [Js 3c 3h]
Velbor107: checks
ELSUPREMO999: checks
*** TURN *** [Js 3c 3h] [3s]
Velbor107: checks
ELSUPREMO999: checks
*** RIVER *** [Js 3c 3h 3s] [5d]
Velbor107: checks
ELSUPREMO999: bets $6
Velbor107: folds
Uncalled bet ($6) returned to ELSUPREMO999
ELSUPREMO999 collected $5.88 from pot
ELSUPREMO999: doesn't show hand
*** SUMMARY ***
Total pot $6 | Rake $0.12
Board [Js 3c 3h 3s 5d]
Seat 1: Velbor107 (big blind) folded on the River
Seat 2: ELSUPREMO999 (button) (small blind) collected ($5.88)


PokerStars Hand #144537568809:  Hold'em Limit ($3/$6 USD) - 2015/11/28 20:39:44 ET
Table 'Vindobona' 2-max Seat #1 is the button
Seat 1: Velbor107 ($330.79 in chips)
Seat 2: ELSUPREMO999 ($141.89 in chips)
Velbor107: posts small blind $1
ELSUPREMO999: posts big blind $3
*** HOLE CARDS ***
Velbor107: raises $3 to $6
ELSUPREMO999: calls $3
*** FLOP *** [5s Qc Kh]
ELSUPREMO999: checks
Velbor107: bets $3
ELSUPREMO999: calls $3
*** TURN *** [5s Qc Kh] [7h]
ELSUPREMO999: checks
Velbor107: bets $6
ELSUPREMO999: calls $6
*** RIVER *** [5s Qc Kh 7h] [5d]
ELSUPREMO999: checks
Velbor107: bets $6
ELSUPREMO999: calls $6
*** SHOW DOWN ***
Velbor107: shows [5c Ks] (a full house, Fives full of Kings)
ELSUPREMO999: mucks hand
Velbor107 collected $41.50 from pot
*** SUMMARY ***
Total pot $42 | Rake $0.50
Board [5s Qc Kh 7h 5d]
Seat 1: Velbor107 (button) (small blind) showed [5c Ks] and won ($41.50) with a full house, Fives full of Kings
Seat 2: ELSUPREMO999 (big blind) mucked


PokerStars Hand #144537587074:  Hold'em Limit ($3/$6 USD) - 2015/11/28 20:40:20 ET
Table 'Vindobona' 2-max Seat #1 is the button
Seat 1: Velbor107 ($348.29 in chips)
Seat 2: ELSUPREMO999 ($123.89 in chips)
Velbor107: posts small blind $1
ELSUPREMO999: posts big blind $3
*** HOLE CARDS ***
Velbor107: raises $3 to $6
ELSUPREMO999: calls $3
*** FLOP *** [Jh 6s 5s]
ELSUPREMO999: checks
Velbor107: bets $3
ELSUPREMO999: calls $3
*** TURN *** [Jh 6s 5s] [3h]
ELSUPREMO999: checks
Velbor107: bets $6
ELSUPREMO999: raises $6 to $12
Velbor107: calls $6
*** RIVER *** [Jh 6s 5s 3h] [2d]
ELSUPREMO999: bets $6
Velbor107: calls $6
*** SHOW DOWN ***
ELSUPREMO999: shows [Jd 6h] (two pair, Jacks and Sixes)
Velbor107: mucks hand
ELSUPREMO999 collected $53.50 from pot
*** SUMMARY ***
Total pot $54 | Rake $0.50
Board [Jh 6s 5s 3h 2d]
Seat 1: Velbor107 (button) (small blind) mucked
Seat 2: ELSUPREMO999 (big blind) showed [Jd 6h] and won ($53.50) with two pair, Jacks and Sixes


PokerStars Hand #144537601351:  Hold'em Limit ($3/$6 USD) - 2015/11/28 20:40:49 ET
Table 'Vindobona' 2-max Seat #2 is the button
Seat 1: Velbor107 ($321.29 in chips)
Seat 2: ELSUPREMO999 ($150.39 in chips)
ELSUPREMO999: posts small blind $1
Velbor107: posts big blind $3
*** HOLE CARDS ***
ELSUPREMO999: calls $2
Velbor107: raises $3 to $6
ELSUPREMO999: calls $3
*** FLOP *** [7h Qc 3s]
Velbor107: bets $3
ELSUPREMO999: calls $3
*** TURN *** [7h Qc 3s] [Jd]
Velbor107: bets $6
ELSUPREMO999: folds
Uncalled bet ($6) returned to Velbor107
Velbor107 collected $17.64 from pot
*** SUMMARY ***
Total pot $18 | Rake $0.36
Board [7h Qc 3s Jd]
Seat 1: Velbor107 (big blind) collected ($17.64)
Seat 2: ELSUPREMO999 (button) (small blind) folded on the Turn


PokerStars Hand #144537640169:  Hold'em Limit ($3/$6 USD) - 2015/11/28 20:42:06 ET
Table 'Vindobona' 2-max Seat #2 is the button
Seat 1: Velbor107 ($329.19 in chips)
Seat 2: ELSUPREMO999 ($140.89 in chips)
ELSUPREMO999: posts small blind $1
Velbor107: posts big blind $3
*** HOLE CARDS ***
ELSUPREMO999: folds
Uncalled bet ($2) returned to Velbor107
Velbor107 collected $2 from pot
*** SUMMARY ***
Total pot $2 | Rake $0
Seat 1: Velbor107 (big blind) collected ($2)
Seat 2: ELSUPREMO999 (button) (small blind) folded before Flop


PokerStars Hand #144537634282:  Hold'em Limit ($3/$6 USD) - 2015/11/28 20:41:54 ET
Table 'Vindobona' 2-max Seat #1 is the button
Seat 1: Velbor107 ($323.43 in chips)
Seat 2: ELSUPREMO999 ($146.89 in chips)
Velbor107: posts small blind $1
ELSUPREMO999: posts big blind $3
*** HOLE CARDS ***
Velbor107: raises $3 to $6
ELSUPREMO999: calls $3
*** FLOP *** [As Ad Jd]
ELSUPREMO999: checks
Velbor107: bets $3
ELSUPREMO999: folds
Uncalled bet ($3) returned to Velbor107
Velbor107 collected $11.76 from pot
*** SUMMARY ***
Total pot $12 | Rake $0.24
Board [As Ad Jd]
Seat 1: Velbor107 (button) (small blind) collected ($11.76)
Seat 2: ELSUPREMO999 (big blind) folded on the Flop


PokerStars Hand #144537622026:  Hold'em Limit ($3/$6 USD) - 2015/11/28 20:41:30 ET
Table 'Vindobona' 2-max Seat #2 is the button
Seat 1: Velbor107 ($344.43 in chips)
Seat 2: ELSUPREMO999 ($126.39 in chips)
ELSUPREMO999: posts small blind $1
Velbor107: posts big blind $3
*** HOLE CARDS ***
ELSUPREMO999: raises $3 to $6
Velbor107: calls $3
*** FLOP *** [Kc 6s 6h]
Velbor107: checks
ELSUPREMO999: bets $3
Velbor107: calls $3
*** TURN *** [Kc 6s 6h] [4h]
Velbor107: checks
ELSUPREMO999: bets $6
Velbor107: calls $6
*** RIVER *** [Kc 6s 6h 4h] [7c]
Velbor107: checks
ELSUPREMO999: bets $6
Velbor107: calls $6
*** SHOW DOWN ***
ELSUPREMO999: shows [Kd 8d] (two pair, Kings and Sixes)
Velbor107: mucks hand
ELSUPREMO999 collected $41.50 from pot
*** SUMMARY ***
Total pot $42 | Rake $0.50
Board [Kc 6s 6h 4h 7c]
Seat 1: Velbor107 (big blind) mucked
Seat 2: ELSUPREMO999 (button) (small blind) showed [Kd 8d] and won ($41.50) with two pair, Kings and Sixes


PokerStars Hand #144537610807:  Hold'em Limit ($3/$6 USD) - 2015/11/28 20:41:07 ET
Table 'Vindobona' 2-max Seat #1 is the button
Seat 1: Velbor107 ($329.93 in chips)
Seat 2: ELSUPREMO999 ($141.39 in chips)
Velbor107: posts small blind $1
ELSUPREMO999: posts big blind $3
*** HOLE CARDS ***
Velbor107: raises $3 to $6
ELSUPREMO999: calls $3
*** FLOP *** [2c 7h 5d]
ELSUPREMO999: checks
Velbor107: bets $3
ELSUPREMO999: calls $3
*** TURN *** [2c 7h 5d] [5h]
ELSUPREMO999: checks
Velbor107: checks
*** RIVER *** [2c 7h 5d 5h] [Ts]
ELSUPREMO999: bets $6
Velbor107: calls $6
*** SHOW DOWN ***
ELSUPREMO999: shows [8d Qd] (a pair of Fives)
Velbor107: shows [Kc 8c] (a pair of Fives - King kicker)
Velbor107 collected $29.50 from pot
*** SUMMARY ***
Total pot $30 | Rake $0.50
Board [2c 7h 5d 5h Ts]
Seat 1: Velbor107 (button) (small blind) showed [Kc 8c] and won ($29.50) with a pair of Fives
Seat 2: ELSUPREMO999 (big blind) showed [8d Qd] and lost with a pair of Fives


PokerStars Hand #144537663076:  Hold'em Limit ($3/$6 USD) - 2015/11/28 20:42:52 ET
Table 'Vindobona' 2-max Seat #1 is the button
Seat 1: Velbor107 ($291.19 in chips)
Seat 2: ELSUPREMO999 ($178.03 in chips)
Velbor107: posts small blind $1
ELSUPREMO999: posts big blind $3
*** HOLE CARDS ***
Velbor107: folds
Uncalled bet ($2) returned to ELSUPREMO999
ELSUPREMO999 collected $2 from pot
ELSUPREMO999: doesn't show hand
*** SUMMARY ***
Total pot $2 | Rake $0
Seat 1: Velbor107 (button) (small blind) folded before Flop
Seat 2: ELSUPREMO999 (big blind) collected ($2)


PokerStars Hand #144537654348:  Hold'em Limit ($3/$6 USD) - 2015/11/28 20:42:35 ET
Table 'Vindobona' 2-max Seat #2 is the button
Seat 1: Velbor107 ($300.19 in chips)
Seat 2: ELSUPREMO999 ($169.39 in chips)
ELSUPREMO999: posts small blind $1
Velbor107: posts big blind $3
*** HOLE CARDS ***
ELSUPREMO999: calls $2
Velbor107: raises $3 to $6
ELSUPREMO999: calls $3
*** FLOP *** [Kc Qs 2h]
Velbor107: bets $3
ELSUPREMO999: calls $3
*** TURN *** [Kc Qs 2h] [Ac]
Velbor107: checks
ELSUPREMO999: bets $6
Velbor107: folds
Uncalled bet ($6) returned to ELSUPREMO999
ELSUPREMO999 collected $17.64 from pot
ELSUPREMO999: doesn't show hand
*** SUMMARY ***
Total pot $18 | Rake $0.36
Board [Kc Qs 2h Ac]
Seat 1: Velbor107 (big blind) folded on the Turn
Seat 2: ELSUPREMO999 (button) (small blind) collected ($17.64)


PokerStars Hand #144537642723:  Hold'em Limit ($3/$6 USD) - 2015/11/28 20:42:11 ET
Table 'Vindobona' 2-max Seat #1 is the button
Seat 1: Velbor107 ($330.19 in chips)
Seat 2: ELSUPREMO999 ($139.89 in chips)
Velbor107: posts small blind $1
ELSUPREMO999: posts big blind $3
*** HOLE CARDS ***
Velbor107: raises $3 to $6
ELSUPREMO999: raises $3 to $9
Velbor107: calls $3
*** FLOP *** [7s 9d 4h]
ELSUPREMO999: bets $3
Velbor107: calls $3
*** TURN *** [7s 9d 4h] [2d]
ELSUPREMO999: bets $6
Velbor107: calls $6
*** RIVER *** [7s 9d 4h 2d] [Ah]
ELSUPREMO999: bets $6
Velbor107: raises $6 to $12
ELSUPREMO999: calls $6
*** SHOW DOWN ***
Velbor107: shows [6d Td] (high card Ace)
ELSUPREMO999: shows [2s Kd] (a pair of Deuces)
ELSUPREMO999 collected $59.50 from pot
*** SUMMARY ***
Total pot $60 | Rake $0.50
Board [7s 9d 4h 2d Ah]
Seat 1: Velbor107 (button) (small blind) showed [6d Td] and lost with high card Ace
Seat 2: ELSUPREMO999 (big blind) showed [2s Kd] and won ($59.50) with a pair of Deuces


PokerStars Hand #144537665923:  Hold'em Limit ($3/$6 USD) - 2015/11/28 20:42:58 ET
Table 'Vindobona' 2-max Seat #2 is the button
Seat 1: Velbor107 ($290.19 in chips)
Seat 2: ELSUPREMO999 ($179.03 in chips)
ELSUPREMO999: posts small blind $1
Velbor107: posts big blind $3
*** HOLE CARDS ***
ELSUPREMO999: raises $3 to $6
Velbor107: calls $3
*** FLOP *** [Jd 4c 7d]
Velbor107: checks
ELSUPREMO999: bets $3
Velbor107: calls $3
*** TURN *** [Jd 4c 7d] [2c]
Velbor107: checks
ELSUPREMO999: bets $6
Velbor107: calls $6
*** RIVER *** [Jd 4c 7d 2c] [5h]
Velbor107: checks
ELSUPREMO999: bets $6
Velbor107: folds
Uncalled bet ($6) returned to ELSUPREMO999
ELSUPREMO999 collected $29.50 from pot
ELSUPREMO999: doesn't show hand
*** SUMMARY ***
Total pot $30 | Rake $0.50
Board [Jd 4c 7d 2c 5h]
Seat 1: Velbor107 (big blind) folded on the River
Seat 2: ELSUPREMO999 (button) (small blind) collected ($29.50)


PokerStars Hand #144537681341:  Hold'em Limit ($3/$6 USD) - 2015/11/28 20:43:29 ET
Table 'Vindobona' 2-max Seat #1 is the button
Seat 1: Velbor107 ($275.19 in chips)
Seat 2: ELSUPREMO999 ($193.53 in chips)
Velbor107: posts small blind $1
ELSUPREMO999: posts big blind $3
*** HOLE CARDS ***
Velbor107: raises $3 to $6
ELSUPREMO999: calls $3
*** FLOP *** [4c 2d Jd]
ELSUPREMO999: checks
Velbor107: bets $3
ELSUPREMO999: calls $3
*** TURN *** [4c 2d Jd] [Qd]
ELSUPREMO999: checks
Velbor107: checks
*** RIVER *** [4c 2d Jd Qd] [3d]
ELSUPREMO999: checks
Velbor107: bets $6
ELSUPREMO999: calls $6
*** SHOW DOWN ***
Velbor107: shows [6s 5s] (a straight, Deuce to Six)
ELSUPREMO999: mucks hand
Velbor107 collected $29.50 from pot
*** SUMMARY ***
Total pot $30 | Rake $0.50
Board [4c 2d Jd Qd 3d]
Seat 1: Velbor107 (button) (small blind) showed [6s 5s] and won ($29.50) with a straight, Deuce to Six
Seat 2: ELSUPREMO999 (big blind) mucked


PokerStars Hand #144537692785:  Hold'em Limit ($3/$6 USD) - 2015/11/28 20:43:52 ET
Table 'Vindobona' 2-max Seat #2 is the button
Seat 1: Velbor107 ($289.69 in chips)
Seat 2: ELSUPREMO999 ($178.53 in chips)
ELSUPREMO999: posts small blind $1
Velbor107: posts big blind $3
*** HOLE CARDS ***
ELSUPREMO999: calls $2
Velbor107: checks
*** FLOP *** [Ks 5s Qs]
Velbor107: checks
ELSUPREMO999: checks
*** TURN *** [Ks 5s Qs] [5d]
Velbor107: bets $6
ELSUPREMO999: folds
Uncalled bet ($6) returned to Velbor107
Velbor107 collected $5.88 from pot
*** SUMMARY ***
Total pot $6 | Rake $0.12
Board [Ks 5s Qs 5d]
Seat 1: Velbor107 (big blind) collected ($5.88)
Seat 2: ELSUPREMO999 (button) (small blind) folded on the Turn


PokerStars Hand #144537717198:  Hold'em Limit ($3/$6 USD) - 2015/11/28 20:44:41 ET
Table 'Vindobona' 2-max Seat #2 is the button
Seat 1: Velbor107 ($284.33 in chips)
Seat 2: ELSUPREMO999 ($183.03 in chips)
ELSUPREMO999: posts small blind $1
Velbor107: posts big blind $3
*** HOLE CARDS ***
ELSUPREMO999: calls $2
Velbor107: checks
*** FLOP *** [Tc Kh As]
Velbor107: checks
ELSUPREMO999: bets $3
Velbor107: folds
Uncalled bet ($3) returned to ELSUPREMO999
ELSUPREMO999 collected $5.88 from pot
ELSUPREMO999: doesn't show hand
*** SUMMARY ***
Total pot $6 | Rake $0.12
Board [Tc Kh As]
Seat 1: Velbor107 (big blind) folded on the Flop
Seat 2: ELSUPREMO999 (button) (small blind) collected ($5.88)


PokerStars Hand #144537711739:  Hold'em Limit ($3/$6 USD) - 2015/11/28 20:44:30 ET
Table 'Vindobona' 2-max Seat #1 is the button
Seat 1: Velbor107 ($278.57 in chips)
Seat 2: ELSUPREMO999 ($189.03 in chips)
Velbor107: posts small blind $1
ELSUPREMO999: posts big blind $3
*** HOLE CARDS ***
Velbor107: raises $3 to $6
ELSUPREMO999: calls $3
*** FLOP *** [9c Kh 4s]
ELSUPREMO999: checks
Velbor107: bets $3
ELSUPREMO999: folds
Uncalled bet ($3) returned to Velbor107
Velbor107 collected $11.76 from pot
*** SUMMARY ***
Total pot $12 | Rake $0.24
Board [9c Kh 4s]
Seat 1: Velbor107 (button) (small blind) collected ($11.76)
Seat 2: ELSUPREMO999 (big blind) folded on the Flop


PokerStars Hand #144537709350:  Hold'em Limit ($3/$6 USD) - 2015/11/28 20:44:25 ET
Table 'Vindobona' 2-max Seat #2 is the button
Seat 1: Velbor107 ($277.57 in chips)
Seat 2: ELSUPREMO999 ($190.03 in chips)
ELSUPREMO999: posts small blind $1
Velbor107: posts big blind $3
*** HOLE CARDS ***
ELSUPREMO999: folds
Uncalled bet ($2) returned to Velbor107
Velbor107 collected $2 from pot
*** SUMMARY ***
Total pot $2 | Rake $0
Seat 1: Velbor107 (big blind) collected ($2)
Seat 2: ELSUPREMO999 (button) (small blind) folded before Flop


PokerStars Hand #144537699004:  Hold'em Limit ($3/$6 USD) - 2015/11/28 20:44:04 ET
Table 'Vindobona' 2-max Seat #1 is the button
Seat 1: Velbor107 ($292.57 in chips)
Seat 2: ELSUPREMO999 ($175.53 in chips)
Velbor107: posts small blind $1
ELSUPREMO999: posts big blind $3
*** HOLE CARDS ***
Velbor107: raises $3 to $6
ELSUPREMO999: calls $3
*** FLOP *** [6d 2s 8s]
ELSUPREMO999: checks
Velbor107: bets $3
ELSUPREMO999: calls $3
*** TURN *** [6d 2s 8s] [Qs]
ELSUPREMO999: checks
Velbor107: checks
*** RIVER *** [6d 2s 8s Qs] [2c]
ELSUPREMO999: bets $6
Velbor107: calls $6
*** SHOW DOWN ***
ELSUPREMO999: shows [8c 7d] (two pair, Eights and Deuces)
Velbor107: mucks hand
ELSUPREMO999 collected $29.50 from pot
*** SUMMARY ***
Total pot $30 | Rake $0.50
Board [6d 2s 8s Qs 2c]
Seat 1: Velbor107 (button) (small blind) mucked
Seat 2: ELSUPREMO999 (big blind) showed [8c 7d] and won ($29.50) with two pair, Eights and Deuces


PokerStars Hand #144537723067:  Hold'em Limit ($3/$6 USD) - 2015/11/28 20:44:53 ET
Table 'Vindobona' 2-max Seat #1 is the button
Seat 1: Velbor107 ($281.33 in chips)
Seat 2: ELSUPREMO999 ($185.91 in chips)
Velbor107: posts small blind $1
ELSUPREMO999: posts big blind $3
*** HOLE CARDS ***
Velbor107: raises $3 to $6
ELSUPREMO999: calls $3
*** FLOP *** [8s Ts 3c]
ELSUPREMO999: checks
Velbor107: bets $3
ELSUPREMO999: calls $3
*** TURN *** [8s Ts 3c] [8h]
ELSUPREMO999: checks
Velbor107: bets $6
ELSUPREMO999: raises $6 to $12
Velbor107: calls $6
*** RIVER *** [8s Ts 3c 8h] [5s]
ELSUPREMO999: bets $6
Velbor107: calls $6
*** SHOW DOWN ***
ELSUPREMO999: shows [3d Jd] (two pair, Eights and Threes)
Velbor107: mucks hand
ELSUPREMO999 collected $53.50 from pot
*** SUMMARY ***
Total pot $54 | Rake $0.50
Board [8s Ts 3c 8h 5s]
Seat 1: Velbor107 (button) (small blind) mucked
Seat 2: ELSUPREMO999 (big blind) showed [3d Jd] and won ($53.50) with two pair, Eights and Threes


PokerStars Hand #144537748456:  Hold'em Limit ($3/$6 USD) - 2015/11/28 20:45:45 ET
Table 'Vindobona' 2-max Seat #2 is the button
Seat 1: Velbor107 ($259.97 in chips)
Seat 2: ELSUPREMO999 ($206.29 in chips)
ELSUPREMO999: posts small blind $1
Velbor107: posts big blind $3
*** HOLE CARDS ***
ELSUPREMO999: calls $2
Velbor107: raises $3 to $6
ELSUPREMO999: calls $3
*** FLOP *** [Qd 3h Td]
Velbor107: bets $3
ELSUPREMO999: calls $3
*** TURN *** [Qd 3h Td] [2c]
Velbor107: checks
ELSUPREMO999: checks
*** RIVER *** [Qd 3h Td 2c] [3s]
Velbor107: checks
ELSUPREMO999: checks
*** SHOW DOWN ***
Velbor107: shows [Ac Jc] (a pair of Threes)
ELSUPREMO999: mucks hand
Velbor107 collected $17.64 from pot
*** SUMMARY ***
Total pot $18 | Rake $0.36
Board [Qd 3h Td 2c 3s]
Seat 1: Velbor107 (big blind) showed [Ac Jc] and won ($17.64) with a pair of Threes
Seat 2: ELSUPREMO999 (button) (small blind) mucked


PokerStars Hand #144537734563:  Hold'em Limit ($3/$6 USD) - 2015/11/28 20:45:17 ET
Table 'Vindobona' 2-max Seat #2 is the button
Seat 1: Velbor107 ($254.33 in chips)
Seat 2: ELSUPREMO999 ($212.41 in chips)
ELSUPREMO999: posts small blind $1
Velbor107: posts big blind $3
*** HOLE CARDS ***
ELSUPREMO999: calls $2
Velbor107: checks
*** FLOP *** [7d Ac Qc]
Velbor107: checks
ELSUPREMO999: bets $3
Velbor107: folds
Uncalled bet ($3) returned to ELSUPREMO999
ELSUPREMO999 collected $5.88 from pot
ELSUPREMO999: doesn't show hand
*** SUMMARY ***
Total pot $6 | Rake $0.12
Board [7d Ac Qc]
Seat 1: Velbor107 (big blind) folded on the Flop
Seat 2: ELSUPREMO999 (button) (small blind) collected ($5.88)


PokerStars Hand #144537740639:  Hold'em Limit ($3/$6 USD) - 2015/11/28 20:45:29 ET
Table 'Vindobona' 2-max Seat #1 is the button
Seat 1: Velbor107 ($251.33 in chips)
Seat 2: ELSUPREMO999 ($215.29 in chips)
Velbor107: posts small blind $1
ELSUPREMO999: posts big blind $3
*** HOLE CARDS ***
Velbor107: raises $3 to $6
ELSUPREMO999: calls $3
*** FLOP *** [3d 4d 6h]
ELSUPREMO999: checks
Velbor107: bets $3
ELSUPREMO999: calls $3
*** TURN *** [3d 4d 6h] [Jh]
ELSUPREMO999: checks
Velbor107: bets $6
ELSUPREMO999: folds
Uncalled bet ($6) returned to Velbor107
Velbor107 collected $17.64 from pot
*** SUMMARY ***
Total pot $18 | Rake $0.36
Board [3d 4d 6h Jh]
Seat 1: Velbor107 (button) (small blind) collected ($17.64)
Seat 2: ELSUPREMO999 (big blind) folded on the Turn


PokerStars Hand #144537767563:  Hold'em Limit ($3/$6 USD) - 2015/11/28 20:46:23 ET
Table 'Vindobona' 2-max Seat #1 is the button
Seat 1: Velbor107 ($260.61 in chips)
Seat 2: ELSUPREMO999 ($204.93 in chips)
Velbor107: posts small blind $1
ELSUPREMO999: posts big blind $3
*** HOLE CARDS ***
Velbor107: raises $3 to $6
ELSUPREMO999: calls $3
*** FLOP *** [5d 6s Qs]
ELSUPREMO999: checks
Velbor107: bets $3
ELSUPREMO999: calls $3
*** TURN *** [5d 6s Qs] [7h]
ELSUPREMO999: checks
Velbor107: checks
*** RIVER *** [5d 6s Qs 7h] [Th]
ELSUPREMO999: bets $6
Velbor107: folds
Uncalled bet ($6) returned to ELSUPREMO999
ELSUPREMO999 collected $17.64 from pot
ELSUPREMO999: doesn't show hand
*** SUMMARY ***
Total pot $18 | Rake $0.36
Board [5d 6s Qs 7h Th]
Seat 1: Velbor107 (button) (small blind) folded on the River
Seat 2: ELSUPREMO999 (big blind) collected ($17.64)


PokerStars Hand #144537776921:  Hold'em Limit ($3/$6 USD) - 2015/11/28 20:46:42 ET
Table 'Vindobona' 2-max Seat #2 is the button
Seat 1: Velbor107 ($251.61 in chips)
Seat 2: ELSUPREMO999 ($213.57 in chips)
ELSUPREMO999: posts small blind $1
Velbor107: posts big blind $3
*** HOLE CARDS ***
ELSUPREMO999: folds
Uncalled bet ($2) returned to Velbor107
Velbor107 collected $2 from pot
*** SUMMARY ***
Total pot $2 | Rake $0
Seat 1: Velbor107 (big blind) collected ($2)
Seat 2: ELSUPREMO999 (button) (small blind) folded before Flop


PokerStars Hand #144537784519:  Hold'em Limit ($3/$6 USD) - 2015/11/28 20:46:57 ET
Table 'Vindobona' 2-max Seat #2 is the button
Seat 1: Velbor107 ($258.37 in chips)
Seat 2: ELSUPREMO999 ($206.57 in chips)
ELSUPREMO999: posts small blind $1
Velbor107: posts big blind $3
*** HOLE CARDS ***
ELSUPREMO999: folds
Uncalled bet ($2) returned to Velbor107
Velbor107 collected $2 from pot
*** SUMMARY ***
Total pot $2 | Rake $0
Seat 1: Velbor107 (big blind) collected ($2)
Seat 2: ELSUPREMO999 (button) (small blind) folded before Flop


PokerStars Hand #144537779359:  Hold'em Limit ($3/$6 USD) - 2015/11/28 20:46:47 ET
Table 'Vindobona' 2-max Seat #1 is the button
Seat 1: Velbor107 ($252.61 in chips)
Seat 2: ELSUPREMO999 ($212.57 in chips)
Velbor107: posts small blind $1
ELSUPREMO999: posts big blind $3
*** HOLE CARDS ***
Velbor107: raises $3 to $6
ELSUPREMO999: calls $3
*** FLOP *** [Qd 2d Qc]
ELSUPREMO999: checks
Velbor107: bets $3
ELSUPREMO999: folds
Uncalled bet ($3) returned to Velbor107
Velbor107 collected $11.76 from pot
*** SUMMARY ***
Total pot $12 | Rake $0.24
Board [Qd 2d Qc]
Seat 1: Velbor107 (button) (small blind) collected ($11.76)
Seat 2: ELSUPREMO999 (big blind) folded on the Flop


PokerStars Hand #144537765359:  Hold'em Limit ($3/$6 USD) - 2015/11/28 20:46:19 ET
Table 'Vindobona' 2-max Seat #2 is the button
Seat 1: Velbor107 ($259.61 in chips)
Seat 2: ELSUPREMO999 ($205.93 in chips)
ELSUPREMO999: posts small blind $1
Velbor107: posts big blind $3
*** HOLE CARDS ***
ELSUPREMO999: folds
Uncalled bet ($2) returned to Velbor107
Velbor107 collected $2 from pot
*** SUMMARY ***
Total pot $2 | Rake $0
Seat 1: Velbor107 (big blind) collected ($2)
Seat 2: ELSUPREMO999 (button) (small blind) folded before Flop


PokerStars Hand #144537786582:  Hold'em Limit ($3/$6 USD) - 2015/11/28 20:47:02 ET
Table 'Vindobona' 2-max Seat #1 is the button
Seat 1: Velbor107 ($259.37 in chips)
Seat 2: ELSUPREMO999 ($205.57 in chips)
Velbor107: posts small blind $1
ELSUPREMO999: posts big blind $3
*** HOLE CARDS ***
Velbor107: raises $3 to $6
ELSUPREMO999: calls $3
*** FLOP *** [Kc 2c Kd]
ELSUPREMO999: checks
Velbor107: bets $3
ELSUPREMO999: calls $3
*** TURN *** [Kc 2c Kd] [5c]
ELSUPREMO999: checks
Velbor107: bets $6
ELSUPREMO999: calls $6
*** RIVER *** [Kc 2c Kd 5c] [4c]
ELSUPREMO999: checks
Velbor107: bets $6
ELSUPREMO999: raises $6 to $12
Velbor107: raises $6 to $18
ELSUPREMO999: calls $6
*** SHOW DOWN ***
Velbor107: shows [4d Kh] (a full house, Kings full of Fours)
ELSUPREMO999: mucks hand
Velbor107 collected $65.50 from pot
*** SUMMARY ***
Total pot $66 | Rake $0.50
Board [Kc 2c Kd 5c 4c]
Seat 1: Velbor107 (button) (small blind) showed [4d Kh] and won ($65.50) with a full house, Kings full of Fours
Seat 2: ELSUPREMO999 (big blind) mucked


PokerStars Hand #144537813675:  Hold'em Limit ($3/$6 USD) - 2015/11/28 20:47:57 ET
Table 'Vindobona' 2-max Seat #1 is the button
Seat 1: Velbor107 ($321.37 in chips)
Seat 2: ELSUPREMO999 ($142.57 in chips)
Velbor107: posts small blind $1
ELSUPREMO999: posts big blind $3
*** HOLE CARDS ***
Velbor107: raises $3 to $6
ELSUPREMO999: calls $3
*** FLOP *** [2c Ks 9h]
ELSUPREMO999: checks
Velbor107: bets $3
ELSUPREMO999: folds
Uncalled bet ($3) returned to Velbor107
Velbor107 collected $11.76 from pot
*** SUMMARY ***
Total pot $12 | Rake $0.24
Board [2c Ks 9h]
Seat 1: Velbor107 (button) (small blind) collected ($11.76)
Seat 2: ELSUPREMO999 (big blind) folded on the Flop


PokerStars Hand #144537799035:  Hold'em Limit ($3/$6 USD) - 2015/11/28 20:47:27 ET
Table 'Vindobona' 2-max Seat #2 is the button
Seat 1: Velbor107 ($291.87 in chips)
Seat 2: ELSUPREMO999 ($172.57 in chips)
ELSUPREMO999: posts small blind $1
Velbor107: posts big blind $3
*** HOLE CARDS ***
ELSUPREMO999: raises $3 to $6
Velbor107: raises $3 to $9
ELSUPREMO999: raises $3 to $12
Betting is capped
Velbor107: calls $3
*** FLOP *** [Kh 9s 2s]
Velbor107: checks
ELSUPREMO999: bets $3
Velbor107: raises $3 to $6
ELSUPREMO999: calls $3
*** TURN *** [Kh 9s 2s] [Qd]
Velbor107: bets $6
ELSUPREMO999: calls $6
*** RIVER *** [Kh 9s 2s Qd] [4s]
Velbor107: bets $6
ELSUPREMO999: calls $6
*** SHOW DOWN ***
Velbor107: shows [As Ah] (a pair of Aces)
ELSUPREMO999: mucks hand
Velbor107 collected $59.50 from pot
*** SUMMARY ***
Total pot $60 | Rake $0.50
Board [Kh 9s 2s Qd 4s]
Seat 1: Velbor107 (big blind) showed [As Ah] and won ($59.50) with a pair of Aces
Seat 2: ELSUPREMO999 (button) (small blind) mucked


PokerStars Hand #144537819453:  Hold'em Limit ($3/$6 USD) - 2015/11/28 20:48:08 ET
Table 'Vindobona' 2-max Seat #2 is the button
Seat 1: Velbor107 ($327.13 in chips)
Seat 2: ELSUPREMO999 ($136.57 in chips)
ELSUPREMO999: posts small blind $1
Velbor107: posts big blind $3
*** HOLE CARDS ***
ELSUPREMO999: raises $3 to $6
Velbor107: calls $3
*** FLOP *** [Ts 8c Kh]
Velbor107: checks
ELSUPREMO999: bets $3
Velbor107: calls $3
*** TURN *** [Ts 8c Kh] [Td]
Velbor107: checks
ELSUPREMO999: checks
*** RIVER *** [Ts 8c Kh Td] [Qs]
Velbor107: bets $6
ELSUPREMO999: calls $6
*** SHOW DOWN ***
Velbor107: shows [6c 9d] (a pair of Tens)
ELSUPREMO999: shows [4d 4s] (two pair, Tens and Fours)
ELSUPREMO999 collected $29.50 from pot
*** SUMMARY ***
Total pot $30 | Rake $0.50
Board [Ts 8c Kh Td Qs]
Seat 1: Velbor107 (big blind) showed [6c 9d] and lost with a pair of Tens
Seat 2: ELSUPREMO999 (button) (small blind) showed [4d 4s] and won ($29.50) with two pair, Tens and Fours


PokerStars Hand #144537831732:  Hold'em Limit ($3/$6 USD) - 2015/11/28 20:48:33 ET
Table 'Vindobona' 2-max Seat #1 is the button
Seat 1: Velbor107 ($312.13 in chips)
Seat 2: ELSUPREMO999 ($151.07 in chips)
Velbor107: posts small blind $1
ELSUPREMO999: posts big blind $3
*** HOLE CARDS ***
Velbor107: raises $3 to $6
ELSUPREMO999: calls $3
*** FLOP *** [9c Qc Qd]
ELSUPREMO999: checks
Velbor107: bets $3
ELSUPREMO999: calls $3
*** TURN *** [9c Qc Qd] [Js]
ELSUPREMO999: checks
Velbor107: bets $6
ELSUPREMO999: raises $6 to $12
Velbor107: calls $6
*** RIVER *** [9c Qc Qd Js] [Jh]
ELSUPREMO999: bets $6
Velbor107: raises $6 to $12
ELSUPREMO999: calls $6
*** SHOW DOWN ***
Velbor107: shows [2h Qs] (a full house, Queens full of Jacks)
ELSUPREMO999: mucks hand
Velbor107 collected $65.50 from pot
*** SUMMARY ***
Total pot $66 | Rake $0.50
Board [9c Qc Qd Js Jh]
Seat 1: Velbor107 (button) (small blind) showed [2h Qs] and won ($65.50) with a full house, Queens full of Jacks
Seat 2: ELSUPREMO999 (big blind) mucked


PokerStars Hand #144537856469:  Hold'em Limit ($3/$6 USD) - 2015/11/28 20:49:24 ET
Table 'Vindobona' 2-max Seat #1 is the button
Seat 1: Velbor107 ($350.39 in chips)
Seat 2: ELSUPREMO999 ($112.07 in chips)
Velbor107: posts small blind $1
ELSUPREMO999: posts big blind $3
*** HOLE CARDS ***
Velbor107: folds
Uncalled bet ($2) returned to ELSUPREMO999
ELSUPREMO999 collected $2 from pot
ELSUPREMO999: doesn't show hand
*** SUMMARY ***
Total pot $2 | Rake $0
Seat 1: Velbor107 (button) (small blind) folded before Flop
Seat 2: ELSUPREMO999 (big blind) collected ($2)


PokerStars Hand #144537851259:  Hold'em Limit ($3/$6 USD) - 2015/11/28 20:49:13 ET
Table 'Vindobona' 2-max Seat #2 is the button
Seat 1: Velbor107 ($344.63 in chips)
Seat 2: ELSUPREMO999 ($118.07 in chips)
ELSUPREMO999: posts small blind $1
Velbor107: posts big blind $3
*** HOLE CARDS ***
ELSUPREMO999: calls $2
Velbor107: raises $3 to $6
ELSUPREMO999: calls $3
*** FLOP *** [2h 6c Kd]
Velbor107: bets $3
ELSUPREMO999: folds
Uncalled bet ($3) returned to Velbor107
Velbor107 collected $11.76 from pot
*** SUMMARY ***
Total pot $12 | Rake $0.24
Board [2h 6c Kd]
Seat 1: Velbor107 (big blind) collected ($11.76)
Seat 2: ELSUPREMO999 (button) (small blind) folded on the Flop


PokerStars Hand #144537859161:  Hold'em Limit ($3/$6 USD) - 2015/11/28 20:49:29 ET
Table 'Vindobona' 2-max Seat #2 is the button
Seat 1: Velbor107 ($349.39 in chips)
Seat 2: ELSUPREMO999 ($113.07 in chips)
ELSUPREMO999: posts small blind $1
Velbor107: posts big blind $3
*** HOLE CARDS ***
ELSUPREMO999: calls $2
Velbor107: checks
*** FLOP *** [9s Js 3s]
Velbor107: checks
ELSUPREMO999: checks
*** TURN *** [9s Js 3s] [6c]
Velbor107: bets $6
ELSUPREMO999: raises $6 to $12
Velbor107: folds
Uncalled bet ($6) returned to ELSUPREMO999
ELSUPREMO999 collected $17.64 from pot
ELSUPREMO999: doesn't show hand
*** SUMMARY ***
Total pot $18 | Rake $0.36
Board [9s Js 3s 6c]
Seat 1: Velbor107 (big blind) folded on the Turn
Seat 2: ELSUPREMO999 (button) (small blind) collected ($17.64)


PokerStars Hand #144537873003:  Hold'em Limit ($3/$6 USD) - 2015/11/28 20:49:58 ET
Table 'Vindobona' 2-max Seat #2 is the button
Seat 1: Velbor107 ($346.15 in chips)
Seat 2: ELSUPREMO999 ($115.71 in chips)
ELSUPREMO999: posts small blind $1
Velbor107: posts big blind $3
*** HOLE CARDS ***
ELSUPREMO999: calls $2
Velbor107: checks
*** FLOP *** [2s Jh 9c]
Velbor107: checks
ELSUPREMO999: bets $3
Velbor107: folds
Uncalled bet ($3) returned to ELSUPREMO999
ELSUPREMO999 collected $5.88 from pot
ELSUPREMO999: doesn't show hand
*** SUMMARY ***
Total pot $6 | Rake $0.12
Board [2s Jh 9c]
Seat 1: Velbor107 (big blind) folded on the Flop
Seat 2: ELSUPREMO999 (button) (small blind) collected ($5.88)


PokerStars Hand #144537866926:  Hold'em Limit ($3/$6 USD) - 2015/11/28 20:49:45 ET
Table 'Vindobona' 2-max Seat #1 is the button
Seat 1: Velbor107 ($340.39 in chips)
Seat 2: ELSUPREMO999 ($121.71 in chips)
Velbor107: posts small blind $1
ELSUPREMO999: posts big blind $3
*** HOLE CARDS ***
Velbor107: raises $3 to $6
ELSUPREMO999: calls $3
*** FLOP *** [5h Kc Jd]
ELSUPREMO999: checks
Velbor107: bets $3
ELSUPREMO999: folds
Uncalled bet ($3) returned to Velbor107
Velbor107 collected $11.76 from pot
*** SUMMARY ***
Total pot $12 | Rake $0.24
Board [5h Kc Jd]
Seat 1: Velbor107 (button) (small blind) collected ($11.76)
Seat 2: ELSUPREMO999 (big blind) folded on the Flop


PokerStars Hand #144537880962:  Hold'em Limit ($3/$6 USD) - 2015/11/28 20:50:14 ET
Table 'Vindobona' 2-max Seat #1 is the button
Seat 1: Velbor107 ($343.15 in chips)
Seat 2: ELSUPREMO999 ($118.59 in chips)
Velbor107: posts small blind $1
ELSUPREMO999: posts big blind $3
*** HOLE CARDS ***
Velbor107: raises $3 to $6
ELSUPREMO999: calls $3
*** FLOP *** [Ks 6c 8s]
ELSUPREMO999: checks
Velbor107: bets $3
ELSUPREMO999: calls $3
*** TURN *** [Ks 6c 8s] [Kc]
ELSUPREMO999: checks
Velbor107: bets $6
ELSUPREMO999: raises $6 to $12
Velbor107: raises $6 to $18
ELSUPREMO999: calls $6
*** RIVER *** [Ks 6c 8s Kc] [7s]
ELSUPREMO999: checks
Velbor107: bets $6
ELSUPREMO999: raises $6 to $12
Velbor107: raises $6 to $18
ELSUPREMO999: raises $6 to $24
Betting is capped
Velbor107: calls $6
*** SHOW DOWN ***
ELSUPREMO999: shows [9s Td] (a straight, Six to Ten)
Velbor107: shows [Kd Kh] (four of a kind, Kings)
Velbor107 collected $101.50 from pot
*** SUMMARY ***
Total pot $102 | Rake $0.50
Board [Ks 6c 8s Kc 7s]
Seat 1: Velbor107 (button) (small blind) showed [Kd Kh] and won ($101.50) with four of a kind, Kings
Seat 2: ELSUPREMO999 (big blind) showed [9s Td] and lost with a straight, Six to Ten


PokerStars Hand #144537899833:  Hold'em Limit ($3/$6 USD) - 2015/11/28 20:50:53 ET
Table 'Vindobona' 2-max Seat #2 is the button
Seat 1: Velbor107 ($393.65 in chips)
Seat 2: ELSUPREMO999 ($67.59 in chips)
ELSUPREMO999: posts small blind $1
Velbor107: posts big blind $3
*** HOLE CARDS ***
ELSUPREMO999: calls $2
Velbor107: raises $3 to $6
ELSUPREMO999: calls $3
*** FLOP *** [6h Td 5c]
Velbor107: bets $3
ELSUPREMO999: calls $3
*** TURN *** [6h Td 5c] [7c]
Velbor107: checks
ELSUPREMO999: bets $6
Velbor107: calls $6
*** RIVER *** [6h Td 5c 7c] [8c]
Velbor107: checks
ELSUPREMO999: bets $6
Velbor107: raises $6 to $12
ELSUPREMO999: calls $6
*** SHOW DOWN ***
Velbor107: shows [Ac 4c] (a flush, Ace high)
ELSUPREMO999: mucks hand
Velbor107 collected $53.50 from pot
*** SUMMARY ***
Total pot $54 | Rake $0.50
Board [6h Td 5c 7c 8c]
Seat 1: Velbor107 (big blind) showed [Ac 4c] and won ($53.50) with a flush, Ace high
Seat 2: ELSUPREMO999 (button) (small blind) mucked


PokerStars Hand #144537914986:  Hold'em Limit ($3/$6 USD) - 2015/11/28 20:51:24 ET
Table 'Vindobona' 2-max Seat #1 is the button
Seat 1: Velbor107 ($420.15 in chips)
Seat 2: ELSUPREMO999 ($40.59 in chips)
Velbor107: posts small blind $1
ELSUPREMO999: posts big blind $3
*** HOLE CARDS ***
Velbor107: raises $3 to $6
ELSUPREMO999: raises $3 to $9
Velbor107: calls $3
*** FLOP *** [7d Kc Kd]
ELSUPREMO999: bets $3
Velbor107: calls $3
*** TURN *** [7d Kc Kd] [9h]
ELSUPREMO999: bets $6
Velbor107: calls $6
*** RIVER *** [7d Kc Kd 9h] [8h]
ELSUPREMO999: checks
Velbor107: bets $6
ELSUPREMO999: calls $6
*** SHOW DOWN ***
Velbor107: shows [7h Qs] (two pair, Kings and Sevens)
ELSUPREMO999: mucks hand
Velbor107 collected $47.50 from pot
*** SUMMARY ***
Total pot $48 | Rake $0.50
Board [7d Kc Kd 9h 8h]
Seat 1: Velbor107 (button) (small blind) showed [7h Qs] and won ($47.50) with two pair, Kings and Sevens
Seat 2: ELSUPREMO999 (big blind) mucked


PokerStars Hand #144537928574:  Hold'em Limit ($3/$6 USD) - 2015/11/28 20:51:52 ET
Table 'Vindobona' 2-max Seat #2 is the button
Seat 1: Velbor107 ($443.65 in chips)
Seat 2: ELSUPREMO999 ($16.59 in chips)
ELSUPREMO999: posts small blind $1
Velbor107: posts big blind $3
*** HOLE CARDS ***
ELSUPREMO999: calls $2
Velbor107: checks
*** FLOP *** [5d Qd Ts]
Velbor107: checks
ELSUPREMO999: checks
*** TURN *** [5d Qd Ts] [5s]
Velbor107: checks
ELSUPREMO999: bets $6
Velbor107: calls $6
*** RIVER *** [5d Qd Ts 5s] [3s]
Velbor107: checks
ELSUPREMO999: bets $6
Velbor107: calls $6
*** SHOW DOWN ***
ELSUPREMO999: shows [8c 7h] (a pair of Fives)
Velbor107: shows [Th 6s] (two pair, Tens and Fives)
Velbor107 collected $29.50 from pot
*** SUMMARY ***
Total pot $30 | Rake $0.50
Board [5d Qd Ts 5s 3s]
Seat 1: Velbor107 (big blind) showed [Th 6s] and won ($29.50) with two pair, Tens and Fives
Seat 2: ELSUPREMO999 (button) (small blind) showed [8c 7h] and lost with a pair of Fives


PokerStars Hand #144538068815:  Hold'em Limit ($3/$6 USD) - 2015/11/28 20:57:02 ET
Table 'Vindobona' 2-max Seat #1 is the button
Seat 1: Velbor107 ($458.15 in chips)
Seat 2: ELSUPREMO999 ($76.59 in chips)
Velbor107: posts small blind $1
ELSUPREMO999: posts big blind $3
*** HOLE CARDS ***
Velbor107: raises $3 to $6
ELSUPREMO999: calls $3
*** FLOP *** [Kh Qd As]
ELSUPREMO999: checks
Velbor107: bets $3
ELSUPREMO999: calls $3
*** TURN *** [Kh Qd As] [8h]
ELSUPREMO999: checks
Velbor107: checks
*** RIVER *** [Kh Qd As 8h] [Ac]
ELSUPREMO999: bets $6
Velbor107: calls $6
*** SHOW DOWN ***
ELSUPREMO999: shows [7c 7s] (two pair, Aces and Sevens)
Velbor107: shows [Qs 3h] (two pair, Aces and Queens)
Velbor107 collected $29.50 from pot
*** SUMMARY ***
Total pot $30 | Rake $0.50
Board [Kh Qd As 8h Ac]
Seat 1: Velbor107 (button) (small blind) showed [Qs 3h] and won ($29.50) with two pair, Aces and Queens
Seat 2: ELSUPREMO999 (big blind) showed [7c 7s] and lost with two pair, Aces and Sevens


PokerStars Hand #144538096908:  Hold'em Limit ($3/$6 USD) - 2015/11/28 20:58:11 ET
Table 'Vindobona' 2-max Seat #2 is the button
Seat 1: Velbor107 ($464.65 in chips)
Seat 2: ELSUPREMO999 ($69.23 in chips)
ELSUPREMO999: posts small blind $1
Velbor107: posts big blind $3
*** HOLE CARDS ***
ELSUPREMO999: folds
Uncalled bet ($2) returned to Velbor107
Velbor107 collected $2 from pot
*** SUMMARY ***
Total pot $2 | Rake $0
Seat 1: Velbor107 (big blind) collected ($2)
Seat 2: ELSUPREMO999 (button) (small blind) folded before Flop


PokerStars Hand #144538080332:  Hold'em Limit ($3/$6 USD) - 2015/11/28 20:57:31 ET
Table 'Vindobona' 2-max Seat #1 is the button
Seat 1: Velbor107 ($473.65 in chips)
Seat 2: ELSUPREMO999 ($60.59 in chips)
Velbor107: posts small blind $1
ELSUPREMO999: posts big blind $3
*** HOLE CARDS ***
Velbor107: raises $3 to $6
ELSUPREMO999: calls $3
*** FLOP *** [Js Kc Jd]
ELSUPREMO999: checks
Velbor107: bets $3
ELSUPREMO999: calls $3
*** TURN *** [Js Kc Jd] [6c]
ELSUPREMO999: checks
Velbor107: checks
*** RIVER *** [Js Kc Jd 6c] [9c]
ELSUPREMO999: bets $6
Velbor107: folds
Uncalled bet ($6) returned to ELSUPREMO999
ELSUPREMO999 collected $17.64 from pot
ELSUPREMO999: doesn't show hand
*** SUMMARY ***
Total pot $18 | Rake $0.36
Board [Js Kc Jd 6c 9c]
Seat 1: Velbor107 (button) (small blind) folded on the River
Seat 2: ELSUPREMO999 (big blind) collected ($17.64)


PokerStars Hand #144538078431:  Hold'em Limit ($3/$6 USD) - 2015/11/28 20:57:26 ET
Table 'Vindobona' 2-max Seat #2 is the button
Seat 1: Velbor107 ($472.65 in chips)
Seat 2: ELSUPREMO999 ($61.59 in chips)
ELSUPREMO999: posts small blind $1
Velbor107: posts big blind $3
*** HOLE CARDS ***
ELSUPREMO999: folds
Uncalled bet ($2) returned to Velbor107
Velbor107 collected $2 from pot
*** SUMMARY ***
Total pot $2 | Rake $0
Seat 1: Velbor107 (big blind) collected ($2)
Seat 2: ELSUPREMO999 (button) (small blind) folded before Flop


PokerStars Hand #144538099042:  Hold'em Limit ($3/$6 USD) - 2015/11/28 20:58:16 ET
Table 'Vindobona' 2-max Seat #1 is the button
Seat 1: Velbor107 ($465.65 in chips)
Seat 2: ELSUPREMO999 ($68.23 in chips)
Velbor107: posts small blind $1
ELSUPREMO999: posts big blind $3
*** HOLE CARDS ***
Velbor107: raises $3 to $6
ELSUPREMO999: calls $3
*** FLOP *** [2s 6h Js]
ELSUPREMO999: checks
Velbor107: bets $3
ELSUPREMO999: calls $3
*** TURN *** [2s 6h Js] [8c]
ELSUPREMO999: checks
Velbor107: checks
*** RIVER *** [2s 6h Js 8c] [5c]
ELSUPREMO999: bets $6
Velbor107: folds
Uncalled bet ($6) returned to ELSUPREMO999
ELSUPREMO999 collected $17.64 from pot
ELSUPREMO999: doesn't show hand
*** SUMMARY ***
Total pot $18 | Rake $0.36
Board [2s 6h Js 8c 5c]
Seat 1: Velbor107 (button) (small blind) folded on the River
Seat 2: ELSUPREMO999 (big blind) collected ($17.64)


PokerStars Hand #144538116680:  Hold'em Limit ($3/$6 USD) - 2015/11/28 20:58:59 ET
Table 'Vindobona' 2-max Seat #1 is the button
Seat 1: Velbor107 ($464.41 in chips)
Seat 2: ELSUPREMO999 ($68.87 in chips)
Velbor107: posts small blind $1
ELSUPREMO999: posts big blind $3
*** HOLE CARDS ***
Velbor107: raises $3 to $6
ELSUPREMO999: folds
Uncalled bet ($3) returned to Velbor107
Velbor107 collected $6 from pot
*** SUMMARY ***
Total pot $6 | Rake $0
Seat 1: Velbor107 (button) (small blind) collected ($6)
Seat 2: ELSUPREMO999 (big blind) folded before Flop


PokerStars Hand #144538106402:  Hold'em Limit ($3/$6 USD) - 2015/11/28 20:58:34 ET
Table 'Vindobona' 2-max Seat #2 is the button
Seat 1: Velbor107 ($456.65 in chips)
Seat 2: ELSUPREMO999 ($76.87 in chips)
ELSUPREMO999: posts small blind $1
Velbor107: posts big blind $3
*** HOLE CARDS ***
ELSUPREMO999: folds
Uncalled bet ($2) returned to Velbor107
Velbor107 collected $2 from pot
*** SUMMARY ***
Total pot $2 | Rake $0
Seat 1: Velbor107 (big blind) collected ($2)
Seat 2: ELSUPREMO999 (button) (small blind) folded before Flop


PokerStars Hand #144538108377:  Hold'em Limit ($3/$6 USD) - 2015/11/28 20:58:39 ET
Table 'Vindobona' 2-max Seat #1 is the button
Seat 1: Velbor107 ($457.65 in chips)
Seat 2: ELSUPREMO999 ($75.87 in chips)
Velbor107: posts small blind $1
ELSUPREMO999: posts big blind $3
*** HOLE CARDS ***
Velbor107: raises $3 to $6
ELSUPREMO999: calls $3
*** FLOP *** [2d 9s Ac]
ELSUPREMO999: checks
Velbor107: bets $3
ELSUPREMO999: folds
Uncalled bet ($3) returned to Velbor107
Velbor107 collected $11.76 from pot
*** SUMMARY ***
Total pot $12 | Rake $0.24
Board [2d 9s Ac]
Seat 1: Velbor107 (button) (small blind) collected ($11.76)
Seat 2: ELSUPREMO999 (big blind) folded on the Flop


PokerStars Hand #144538114727:  Hold'em Limit ($3/$6 USD) - 2015/11/28 20:58:54 ET
Table 'Vindobona' 2-max Seat #2 is the button
Seat 1: Velbor107 ($463.41 in chips)
Seat 2: ELSUPREMO999 ($69.87 in chips)
ELSUPREMO999: posts small blind $1
Velbor107: posts big blind $3
*** HOLE CARDS ***
ELSUPREMO999: folds
Uncalled bet ($2) returned to Velbor107
Velbor107 collected $2 from pot
*** SUMMARY ***
Total pot $2 | Rake $0
Seat 1: Velbor107 (big blind) collected ($2)
Seat 2: ELSUPREMO999 (button) (small blind) folded before Flop


PokerStars Hand #144538122436:  Hold'em Limit ($3/$6 USD) - 2015/11/28 20:59:13 ET
Table 'Vindobona' 2-max Seat #1 is the button
Seat 1: Velbor107 ($468.41 in chips)
Seat 2: ELSUPREMO999 ($64.87 in chips)
Velbor107: posts small blind $1
ELSUPREMO999: posts big blind $3
*** HOLE CARDS ***
Velbor107: folds
Uncalled bet ($2) returned to ELSUPREMO999
ELSUPREMO999 collected $2 from pot
ELSUPREMO999: doesn't show hand
*** SUMMARY ***
Total pot $2 | Rake $0
Seat 1: Velbor107 (button) (small blind) folded before Flop
Seat 2: ELSUPREMO999 (big blind) collected ($2)


PokerStars Hand #144538120534:  Hold'em Limit ($3/$6 USD) - 2015/11/28 20:59:08 ET
Table 'Vindobona' 2-max Seat #2 is the button
Seat 1: Velbor107 ($467.41 in chips)
Seat 2: ELSUPREMO999 ($65.87 in chips)
ELSUPREMO999: posts small blind $1
Velbor107: posts big blind $3
*** HOLE CARDS ***
ELSUPREMO999: folds
Uncalled bet ($2) returned to Velbor107
Velbor107 collected $2 from pot
*** SUMMARY ***
Total pot $2 | Rake $0
Seat 1: Velbor107 (big blind) collected ($2)
Seat 2: ELSUPREMO999 (button) (small blind) folded before Flop


PokerStars Hand #144538141238:  Hold'em Limit ($3/$6 USD) - 2015/11/28 20:59:59 ET
Table 'Vindobona' 2-max Seat #2 is the button
Seat 1: Velbor107 ($455.41 in chips)
Seat 2: ELSUPREMO999 ($77.39 in chips)
ELSUPREMO999: posts small blind $1
Velbor107: posts big blind $3
*** HOLE CARDS ***
ELSUPREMO999: folds
Uncalled bet ($2) returned to Velbor107
Velbor107 collected $2 from pot
*** SUMMARY ***
Total pot $2 | Rake $0
Seat 1: Velbor107 (big blind) collected ($2)
Seat 2: ELSUPREMO999 (button) (small blind) folded before Flop


PokerStars Hand #144538132812:  Hold'em Limit ($3/$6 USD) - 2015/11/28 20:59:39 ET
Table 'Vindobona' 2-max Seat #1 is the button
Seat 1: Velbor107 ($464.41 in chips)
Seat 2: ELSUPREMO999 ($68.75 in chips)
Velbor107: posts small blind $1
ELSUPREMO999: posts big blind $3
*** HOLE CARDS ***
Velbor107: raises $3 to $6
ELSUPREMO999: calls $3
*** FLOP *** [9s 8c Ad]
ELSUPREMO999: checks
Velbor107: bets $3
ELSUPREMO999: calls $3
*** TURN *** [9s 8c Ad] [7s]
ELSUPREMO999: checks
Velbor107: checks
*** RIVER *** [9s 8c Ad 7s] [4h]
ELSUPREMO999: checks
Velbor107: checks
*** SHOW DOWN ***
ELSUPREMO999: shows [Kd 4s] (a pair of Fours)
Velbor107: mucks hand
ELSUPREMO999 collected $17.64 from pot
*** SUMMARY ***
Total pot $18 | Rake $0.36
Board [9s 8c Ad 7s 4h]
Seat 1: Velbor107 (button) (small blind) mucked
Seat 2: ELSUPREMO999 (big blind) showed [Kd 4s] and won ($17.64) with a pair of Fours


PokerStars Hand #144538152949:  Hold'em Limit ($3/$6 USD) - 2015/11/28 21:00:25 ET
Table 'Vindobona' 2-max Seat #2 is the button
Seat 1: Velbor107 ($447.41 in chips)
Seat 2: ELSUPREMO999 ($85.03 in chips)
ELSUPREMO999: posts small blind $1
Velbor107: posts big blind $3
*** HOLE CARDS ***
ELSUPREMO999: raises $3 to $6
Velbor107: calls $3
*** FLOP *** [Jd 2h Kh]
Velbor107: checks
ELSUPREMO999: bets $3
Velbor107: calls $3
*** TURN *** [Jd 2h Kh] [Qs]
Velbor107: checks
ELSUPREMO999: checks
*** RIVER *** [Jd 2h Kh Qs] [Ks]
Velbor107: checks
ELSUPREMO999: bets $6
Velbor107: folds
Uncalled bet ($6) returned to ELSUPREMO999
ELSUPREMO999 collected $17.64 from pot
ELSUPREMO999: doesn't show hand
*** SUMMARY ***
Total pot $18 | Rake $0.36
Board [Jd 2h Kh Qs Ks]
Seat 1: Velbor107 (big blind) folded on the River
Seat 2: ELSUPREMO999 (button) (small blind) collected ($17.64)


PokerStars Hand #144538144954:  Hold'em Limit ($3/$6 USD) - 2015/11/28 21:00:07 ET
Table 'Vindobona' 2-max Seat #1 is the button
Seat 1: Velbor107 ($456.41 in chips)
Seat 2: ELSUPREMO999 ($76.39 in chips)
Velbor107: posts small blind $1
ELSUPREMO999: posts big blind $3
*** HOLE CARDS ***
Velbor107: raises $3 to $6
ELSUPREMO999: calls $3
*** FLOP *** [Qs Jd 4d]
ELSUPREMO999: checks
Velbor107: bets $3
ELSUPREMO999: calls $3
*** TURN *** [Qs Jd 4d] [4c]
ELSUPREMO999: checks
Velbor107: checks
*** RIVER *** [Qs Jd 4d 4c] [Qh]
ELSUPREMO999: bets $6
Velbor107: folds
Uncalled bet ($6) returned to ELSUPREMO999
ELSUPREMO999 collected $17.64 from pot
ELSUPREMO999: doesn't show hand
*** SUMMARY ***
Total pot $18 | Rake $0.36
Board [Qs Jd 4d 4c Qh]
Seat 1: Velbor107 (button) (small blind) folded on the River
Seat 2: ELSUPREMO999 (big blind) collected ($17.64)


PokerStars Hand #144538164160:  Hold'em Limit ($3/$6 USD) - 2015/11/28 21:00:51 ET
Table 'Vindobona' 2-max Seat #1 is the button
Seat 1: Velbor107 ($438.41 in chips)
Seat 2: ELSUPREMO999 ($93.67 in chips)
Velbor107: posts small blind $1
ELSUPREMO999: posts big blind $3
*** HOLE CARDS ***
Velbor107: raises $3 to $6
ELSUPREMO999: calls $3
*** FLOP *** [Ac 9h 6h]
ELSUPREMO999: checks
Velbor107: bets $3
ELSUPREMO999: folds
Uncalled bet ($3) returned to Velbor107
Velbor107 collected $11.76 from pot
*** SUMMARY ***
Total pot $12 | Rake $0.24
Board [Ac 9h 6h]
Seat 1: Velbor107 (button) (small blind) collected ($11.76)
Seat 2: ELSUPREMO999 (big blind) folded on the Flop


PokerStars Hand #144538174488:  Hold'em Limit ($3/$6 USD) - 2015/11/28 21:01:13 ET
Table 'Vindobona' 2-max Seat #2 is the button
Seat 1: Velbor107 ($444.17 in chips)
Seat 2: ELSUPREMO999 ($87.67 in chips)
ELSUPREMO999: posts small blind $1
Velbor107: posts big blind $3
*** HOLE CARDS ***
ELSUPREMO999: calls $2
Velbor107: checks
*** FLOP *** [3d 2h 8h]
Velbor107: checks
ELSUPREMO999: checks
*** TURN *** [3d 2h 8h] [9h]
Velbor107: checks
ELSUPREMO999: bets $6
Velbor107: folds
Uncalled bet ($6) returned to ELSUPREMO999
ELSUPREMO999 collected $5.88 from pot
ELSUPREMO999: doesn't show hand
*** SUMMARY ***
Total pot $6 | Rake $0.12
Board [3d 2h 8h 9h]
Seat 1: Velbor107 (big blind) folded on the Turn
Seat 2: ELSUPREMO999 (button) (small blind) collected ($5.88)


PokerStars Hand #144538191260:  Hold'em Limit ($3/$6 USD) - 2015/11/28 21:01:49 ET
Table 'Vindobona' 2-max Seat #1 is the button
Seat 1: Velbor107 ($441.17 in chips)
Seat 2: ELSUPREMO999 ($90.55 in chips)
Velbor107: posts small blind $1
ELSUPREMO999: posts big blind $3
*** HOLE CARDS ***
Velbor107: raises $3 to $6
ELSUPREMO999: calls $3
*** FLOP *** [4h Ad 6d]
ELSUPREMO999: checks
Velbor107: bets $3
ELSUPREMO999: calls $3
*** TURN *** [4h Ad 6d] [5h]
ELSUPREMO999: checks
Velbor107: checks
*** RIVER *** [4h Ad 6d 5h] [Qc]
ELSUPREMO999: bets $6
Velbor107: folds
Uncalled bet ($6) returned to ELSUPREMO999
ELSUPREMO999 collected $17.64 from pot
ELSUPREMO999: doesn't show hand
*** SUMMARY ***
Total pot $18 | Rake $0.36
Board [4h Ad 6d 5h Qc]
Seat 1: Velbor107 (button) (small blind) folded on the River
Seat 2: ELSUPREMO999 (big blind) collected ($17.64)


PokerStars Hand #144538215547:  Hold'em Limit ($3/$6 USD) - 2015/11/28 21:02:38 ET
Table 'Vindobona' 2-max Seat #1 is the button
Seat 1: Velbor107 ($433.17 in chips)
Seat 2: ELSUPREMO999 ($98.19 in chips)
Velbor107: posts small blind $1
ELSUPREMO999: posts big blind $3
*** HOLE CARDS ***
Velbor107: raises $3 to $6
ELSUPREMO999: calls $3
*** FLOP *** [Qd 9c 4h]
ELSUPREMO999: checks
Velbor107: bets $3
ELSUPREMO999: calls $3
*** TURN *** [Qd 9c 4h] [3s]
ELSUPREMO999: checks
Velbor107: bets $6
ELSUPREMO999: calls $6
*** RIVER *** [Qd 9c 4h 3s] [9d]
ELSUPREMO999: checks
Velbor107: bets $6
ELSUPREMO999: raises $6 to $12
Velbor107: calls $6
*** SHOW DOWN ***
ELSUPREMO999: shows [9h 5c] (three of a kind, Nines)
Velbor107: mucks hand
ELSUPREMO999 collected $53.50 from pot
*** SUMMARY ***
Total pot $54 | Rake $0.50
Board [Qd 9c 4h 3s 9d]
Seat 1: Velbor107 (button) (small blind) mucked
Seat 2: ELSUPREMO999 (big blind) showed [9h 5c] and won ($53.50) with three of a kind, Nines


PokerStars Hand #144538213211:  Hold'em Limit ($3/$6 USD) - 2015/11/28 21:02:33 ET
Table 'Vindobona' 2-max Seat #2 is the button
Seat 1: Velbor107 ($432.17 in chips)
Seat 2: ELSUPREMO999 ($99.19 in chips)
ELSUPREMO999: posts small blind $1
Velbor107: posts big blind $3
*** HOLE CARDS ***
ELSUPREMO999: folds
Uncalled bet ($2) returned to Velbor107
Velbor107 collected $2 from pot
*** SUMMARY ***
Total pot $2 | Rake $0
Seat 1: Velbor107 (big blind) collected ($2)
Seat 2: ELSUPREMO999 (button) (small blind) folded before Flop


PokerStars Hand #144538240767:  Hold'em Limit ($3/$6 USD) - 2015/11/28 21:03:31 ET
Table 'Vindobona' 2-max Seat #1 is the button
Seat 1: Velbor107 ($391.17 in chips)
Seat 2: ELSUPREMO999 ($139.19 in chips)
Velbor107: posts small blind $1
ELSUPREMO999: posts big blind $3
*** HOLE CARDS ***
Velbor107: folds
Uncalled bet ($2) returned to ELSUPREMO999
ELSUPREMO999 collected $2 from pot
ELSUPREMO999: doesn't show hand
*** SUMMARY ***
Total pot $2 | Rake $0
Seat 1: Velbor107 (button) (small blind) folded before Flop
Seat 2: ELSUPREMO999 (big blind) collected ($2)


PokerStars Hand #144538229554:  Hold'em Limit ($3/$6 USD) - 2015/11/28 21:03:08 ET
Table 'Vindobona' 2-max Seat #2 is the button
Seat 1: Velbor107 ($406.17 in chips)
Seat 2: ELSUPREMO999 ($124.69 in chips)
ELSUPREMO999: posts small blind $1
Velbor107: posts big blind $3
*** HOLE CARDS ***
ELSUPREMO999: calls $2
Velbor107: raises $3 to $6
ELSUPREMO999: calls $3
*** FLOP *** [4s 6s 9d]
Velbor107: bets $3
ELSUPREMO999: calls $3
*** TURN *** [4s 6s 9d] [Kd]
Velbor107: bets $6
ELSUPREMO999: calls $6
*** RIVER *** [4s 6s 9d Kd] [Qs]
Velbor107: checks
ELSUPREMO999: checks
*** SHOW DOWN ***
Velbor107: shows [Ac Td] (high card Ace)
ELSUPREMO999: shows [6d 8d] (a pair of Sixes)
ELSUPREMO999 collected $29.50 from pot
*** SUMMARY ***
Total pot $30 | Rake $0.50
Board [4s 6s 9d Kd Qs]
Seat 1: Velbor107 (big blind) showed [Ac Td] and lost with high card Ace
Seat 2: ELSUPREMO999 (button) (small blind) showed [6d 8d] and won ($29.50) with a pair of Sixes


PokerStars Hand #144538243475:  Hold'em Limit ($3/$6 USD) - 2015/11/28 21:03:36 ET
Table 'Vindobona' 2-max Seat #2 is the button
Seat 1: Velbor107 ($390.17 in chips)
Seat 2: ELSUPREMO999 ($140.19 in chips)
ELSUPREMO999: posts small blind $1
Velbor107: posts big blind $3
*** HOLE CARDS ***
ELSUPREMO999: raises $3 to $6
Velbor107: calls $3
*** FLOP *** [7d Jh 8c]
Velbor107: checks
ELSUPREMO999: checks
*** TURN *** [7d Jh 8c] [Kc]
Velbor107: bets $6
ELSUPREMO999: raises $6 to $12
Velbor107: calls $6
*** RIVER *** [7d Jh 8c Kc] [2h]
Velbor107: checks
ELSUPREMO999: bets $6
Velbor107: calls $6
*** SHOW DOWN ***
ELSUPREMO999: shows [Ad Ks] (a pair of Kings)
Velbor107: mucks hand
ELSUPREMO999 collected $47.50 from pot
*** SUMMARY ***
Total pot $48 | Rake $0.50
Board [7d Jh 8c Kc 2h]
Seat 1: Velbor107 (big blind) mucked
Seat 2: ELSUPREMO999 (button) (small blind) showed [Ad Ks] and won ($47.50) with a pair of Kings


PokerStars Hand #144538281364:  Hold'em Limit ($3/$6 USD) - 2015/11/28 21:04:54 ET
Table 'Vindobona' 2-max Seat #1 is the button
Seat 1: Velbor107 ($360.05 in chips)
Seat 2: ELSUPREMO999 ($169.33 in chips)
Velbor107: posts small blind $1
ELSUPREMO999: posts big blind $3
*** HOLE CARDS ***
Velbor107: raises $3 to $6
ELSUPREMO999: calls $3
*** FLOP *** [5h Ks Ah]
ELSUPREMO999: checks
Velbor107: bets $3
ELSUPREMO999: calls $3
*** TURN *** [5h Ks Ah] [Qh]
ELSUPREMO999: checks
Velbor107: checks
*** RIVER *** [5h Ks Ah Qh] [6h]
ELSUPREMO999: checks
Velbor107: checks
*** SHOW DOWN ***
ELSUPREMO999: shows [Kc 7d] (a pair of Kings)
Velbor107: mucks hand
ELSUPREMO999 collected $17.64 from pot
*** SUMMARY ***
Total pot $18 | Rake $0.36
Board [5h Ks Ah Qh 6h]
Seat 1: Velbor107 (button) (small blind) mucked
Seat 2: ELSUPREMO999 (big blind) showed [Kc 7d] and won ($17.64) with a pair of Kings


PokerStars Hand #144538279106:  Hold'em Limit ($3/$6 USD) - 2015/11/28 21:04:49 ET
Table 'Vindobona' 2-max Seat #2 is the button
Seat 1: Velbor107 ($359.05 in chips)
Seat 2: ELSUPREMO999 ($170.33 in chips)
ELSUPREMO999: posts small blind $1
Velbor107: posts big blind $3
*** HOLE CARDS ***
ELSUPREMO999: folds
Uncalled bet ($2) returned to Velbor107
Velbor107 collected $2 from pot
*** SUMMARY ***
Total pot $2 | Rake $0
Seat 1: Velbor107 (big blind) collected ($2)
Seat 2: ELSUPREMO999 (button) (small blind) folded before Flop


PokerStars Hand #144538276360:  Hold'em Limit ($3/$6 USD) - 2015/11/28 21:04:43 ET
Table 'Vindobona' 2-max Seat #1 is the button
Seat 1: Velbor107 ($360.05 in chips)
Seat 2: ELSUPREMO999 ($169.33 in chips)
Velbor107: posts small blind $1
ELSUPREMO999: posts big blind $3
*** HOLE CARDS ***
Velbor107: folds
Uncalled bet ($2) returned to ELSUPREMO999
ELSUPREMO999 collected $2 from pot
ELSUPREMO999: doesn't show hand
*** SUMMARY ***
Total pot $2 | Rake $0
Seat 1: Velbor107 (button) (small blind) folded before Flop
Seat 2: ELSUPREMO999 (big blind) collected ($2)


PokerStars Hand #144538269304:  Hold'em Limit ($3/$6 USD) - 2015/11/28 21:04:29 ET
Table 'Vindobona' 2-max Seat #2 is the button
Seat 1: Velbor107 ($357.17 in chips)
Seat 2: ELSUPREMO999 ($172.33 in chips)
ELSUPREMO999: posts small blind $1
Velbor107: posts big blind $3
*** HOLE CARDS ***
ELSUPREMO999: calls $2
Velbor107: checks
*** FLOP *** [Qh 9c Kd]
Velbor107: checks
ELSUPREMO999: checks
*** TURN *** [Qh 9c Kd] [8c]
Velbor107: checks
ELSUPREMO999: checks
*** RIVER *** [Qh 9c Kd 8c] [2s]
Velbor107: checks
ELSUPREMO999: checks
*** SHOW DOWN ***
Velbor107: shows [8d Js] (a pair of Eights)
ELSUPREMO999: mucks hand
Velbor107 collected $5.88 from pot
*** SUMMARY ***
Total pot $6 | Rake $0.12
Board [Qh 9c Kd 8c 2s]
Seat 1: Velbor107 (big blind) showed [8d Js] and won ($5.88) with a pair of Eights
Seat 2: ELSUPREMO999 (button) (small blind) mucked


PokerStars Hand #144538259199:  Hold'em Limit ($3/$6 USD) - 2015/11/28 21:04:08 ET
Table 'Vindobona' 2-max Seat #1 is the button
Seat 1: Velbor107 ($366.17 in chips)
Seat 2: ELSUPREMO999 ($163.69 in chips)
Velbor107: posts small blind $1
ELSUPREMO999: posts big blind $3
*** HOLE CARDS ***
Velbor107: raises $3 to $6
ELSUPREMO999: calls $3
*** FLOP *** [Jc Ad 5h]
ELSUPREMO999: checks
Velbor107: bets $3
ELSUPREMO999: calls $3
*** TURN *** [Jc Ad 5h] [Ah]
ELSUPREMO999: checks
Velbor107: checks
*** RIVER *** [Jc Ad 5h Ah] [Qd]
ELSUPREMO999: bets $6
Velbor107: folds
Uncalled bet ($6) returned to ELSUPREMO999
ELSUPREMO999 collected $17.64 from pot
ELSUPREMO999: doesn't show hand
*** SUMMARY ***
Total pot $18 | Rake $0.36
Board [Jc Ad 5h Ah Qd]
Seat 1: Velbor107 (button) (small blind) folded on the River
Seat 2: ELSUPREMO999 (big blind) collected ($17.64)


PokerStars Hand #144538299910:  Hold'em Limit ($3/$6 USD) - 2015/11/28 21:05:32 ET
Table 'Vindobona' 2-max Seat #1 is the button
Seat 1: Velbor107 ($348.05 in chips)
Seat 2: ELSUPREMO999 ($180.85 in chips)
Velbor107: posts small blind $1
ELSUPREMO999: posts big blind $3
*** HOLE CARDS ***
Velbor107: raises $3 to $6
ELSUPREMO999: calls $3
*** FLOP *** [3d 7s 4h]
ELSUPREMO999: checks
Velbor107: bets $3
ELSUPREMO999: calls $3
*** TURN *** [3d 7s 4h] [7h]
ELSUPREMO999: checks
Velbor107: checks
*** RIVER *** [3d 7s 4h 7h] [8c]
ELSUPREMO999: checks
Velbor107: checks
*** SHOW DOWN ***
ELSUPREMO999: shows [Kd 2s] (a pair of Sevens)
Velbor107: mucks hand
ELSUPREMO999 collected $17.64 from pot
*** SUMMARY ***
Total pot $18 | Rake $0.36
Board [3d 7s 4h 7h 8c]
Seat 1: Velbor107 (button) (small blind) mucked
Seat 2: ELSUPREMO999 (big blind) showed [Kd 2s] and won ($17.64) with a pair of Sevens


PokerStars Hand #144538316868:  Hold'em Limit ($3/$6 USD) - 2015/11/28 21:06:07 ET
Table 'Vindobona' 2-max Seat #1 is the button
Seat 1: Velbor107 ($336.05 in chips)
Seat 2: ELSUPREMO999 ($192.37 in chips)
Velbor107: posts small blind $1
ELSUPREMO999: posts big blind $3
*** HOLE CARDS ***
Velbor107: folds
Uncalled bet ($2) returned to ELSUPREMO999
ELSUPREMO999 collected $2 from pot
ELSUPREMO999: doesn't show hand
*** SUMMARY ***
Total pot $2 | Rake $0
Seat 1: Velbor107 (button) (small blind) folded before Flop
Seat 2: ELSUPREMO999 (big blind) collected ($2)


PokerStars Hand #144538309631:  Hold'em Limit ($3/$6 USD) - 2015/11/28 21:05:51 ET
Table 'Vindobona' 2-max Seat #2 is the button
Seat 1: Velbor107 ($339.05 in chips)
Seat 2: ELSUPREMO999 ($189.49 in chips)
ELSUPREMO999: posts small blind $1
Velbor107: posts big blind $3
*** HOLE CARDS ***
ELSUPREMO999: calls $2
Velbor107: checks
*** FLOP *** [5c 9c Ac]
Velbor107: checks
ELSUPREMO999: checks
*** TURN *** [5c 9c Ac] [Js]
Velbor107: checks
ELSUPREMO999: bets $6
Velbor107: folds
Uncalled bet ($6) returned to ELSUPREMO999
ELSUPREMO999 collected $5.88 from pot
ELSUPREMO999: doesn't show hand
*** SUMMARY ***
Total pot $6 | Rake $0.12
Board [5c 9c Ac Js]
Seat 1: Velbor107 (big blind) folded on the Turn
Seat 2: ELSUPREMO999 (button) (small blind) collected ($5.88)


PokerStars Hand #144538289926:  Hold'em Limit ($3/$6 USD) - 2015/11/28 21:05:11 ET
Table 'Vindobona' 2-max Seat #2 is the button
Seat 1: Velbor107 ($351.05 in chips)
Seat 2: ELSUPREMO999 ($177.97 in chips)
ELSUPREMO999: posts small blind $1
Velbor107: posts big blind $3
*** HOLE CARDS ***
ELSUPREMO999: calls $2
Velbor107: checks
*** FLOP *** [5h Qh 3d]
Velbor107: checks
ELSUPREMO999: checks
*** TURN *** [5h Qh 3d] [Kh]
Velbor107: checks
ELSUPREMO999: bets $6
Velbor107: folds
Uncalled bet ($6) returned to ELSUPREMO999
ELSUPREMO999 collected $5.88 from pot
ELSUPREMO999: doesn't show hand
*** SUMMARY ***
Total pot $6 | Rake $0.12
Board [5h Qh 3d Kh]
Seat 1: Velbor107 (big blind) folded on the Turn
Seat 2: ELSUPREMO999 (button) (small blind) collected ($5.88)


PokerStars Hand #144538342591:  Hold'em Limit ($3/$6 USD) - 2015/11/28 21:07:00 ET
Table 'Vindobona' 2-max Seat #1 is the button
Seat 1: Velbor107 ($366.83 in chips)
Seat 2: ELSUPREMO999 ($160.37 in chips)
Velbor107: posts small blind $1
ELSUPREMO999: posts big blind $3
*** HOLE CARDS ***
Velbor107: folds
Uncalled bet ($2) returned to ELSUPREMO999
ELSUPREMO999 collected $2 from pot
ELSUPREMO999: doesn't show hand
*** SUMMARY ***
Total pot $2 | Rake $0
Seat 1: Velbor107 (button) (small blind) folded before Flop
Seat 2: ELSUPREMO999 (big blind) collected ($2)


PokerStars Hand #144538333480:  Hold'em Limit ($3/$6 USD) - 2015/11/28 21:06:41 ET
Table 'Vindobona' 2-max Seat #2 is the button
Seat 1: Velbor107 ($352.33 in chips)
Seat 2: ELSUPREMO999 ($175.37 in chips)
ELSUPREMO999: posts small blind $1
Velbor107: posts big blind $3
*** HOLE CARDS ***
ELSUPREMO999: calls $2
Velbor107: raises $3 to $6
ELSUPREMO999: calls $3
*** FLOP *** [9d 5s 7d]
Velbor107: bets $3
ELSUPREMO999: calls $3
*** TURN *** [9d 5s 7d] [As]
Velbor107: bets $6
ELSUPREMO999: calls $6
*** RIVER *** [9d 5s 7d As] [2s]
Velbor107: checks
ELSUPREMO999: checks
*** SHOW DOWN ***
Velbor107: shows [Ah 7c] (two pair, Aces and Sevens)
ELSUPREMO999: mucks hand
Velbor107 collected $29.50 from pot
*** SUMMARY ***
Total pot $30 | Rake $0.50
Board [9d 5s 7d As 2s]
Seat 1: Velbor107 (big blind) showed [Ah 7c] and won ($29.50) with two pair, Aces and Sevens
Seat 2: ELSUPREMO999 (button) (small blind) mucked


PokerStars Hand #144538326487:  Hold'em Limit ($3/$6 USD) - 2015/11/28 21:06:26 ET
Table 'Vindobona' 2-max Seat #1 is the button
Seat 1: Velbor107 ($343.69 in chips)
Seat 2: ELSUPREMO999 ($184.37 in chips)
Velbor107: posts small blind $1
ELSUPREMO999: posts big blind $3
*** HOLE CARDS ***
Velbor107: raises $3 to $6
ELSUPREMO999: calls $3
*** FLOP *** [Td Ah 8s]
ELSUPREMO999: checks
Velbor107: bets $3
ELSUPREMO999: calls $3
*** TURN *** [Td Ah 8s] [Kd]
ELSUPREMO999: checks
Velbor107: bets $6
ELSUPREMO999: folds
Uncalled bet ($6) returned to Velbor107
Velbor107 collected $17.64 from pot
*** SUMMARY ***
Total pot $18 | Rake $0.36
Board [Td Ah 8s Kd]
Seat 1: Velbor107 (button) (small blind) collected ($17.64)
Seat 2: ELSUPREMO999 (big blind) folded on the Turn


PokerStars Hand #144538319053:  Hold'em Limit ($3/$6 USD) - 2015/11/28 21:06:11 ET
Table 'Vindobona' 2-max Seat #2 is the button
Seat 1: Velbor107 ($335.05 in chips)
Seat 2: ELSUPREMO999 ($193.37 in chips)
ELSUPREMO999: posts small blind $1
Velbor107: posts big blind $3
*** HOLE CARDS ***
ELSUPREMO999: calls $2
Velbor107: raises $3 to $6
ELSUPREMO999: calls $3
*** FLOP *** [Ts 7d 8s]
Velbor107: bets $3
ELSUPREMO999: calls $3
*** TURN *** [Ts 7d 8s] [Ad]
Velbor107: bets $6
ELSUPREMO999: folds
Uncalled bet ($6) returned to Velbor107
Velbor107 collected $17.64 from pot
*** SUMMARY ***
Total pot $18 | Rake $0.36
Board [Ts 7d 8s Ad]
Seat 1: Velbor107 (big blind) collected ($17.64)
Seat 2: ELSUPREMO999 (button) (small blind) folded on the Turn


PokerStars Hand #144538355137:  Hold'em Limit ($3/$6 USD) - 2015/11/28 21:07:26 ET
Table 'Vindobona' 2-max Seat #1 is the button
Seat 1: Velbor107 ($350.83 in chips)
Seat 2: ELSUPREMO999 ($175.87 in chips)
Velbor107: posts small blind $1
ELSUPREMO999: posts big blind $3
*** HOLE CARDS ***
Velbor107: raises $3 to $6
ELSUPREMO999: calls $3
*** FLOP *** [Ad 3c 2s]
ELSUPREMO999: checks
Velbor107: bets $3
ELSUPREMO999: folds
Uncalled bet ($3) returned to Velbor107
Velbor107 collected $11.76 from pot
*** SUMMARY ***
Total pot $12 | Rake $0.24
Board [Ad 3c 2s]
Seat 1: Velbor107 (button) (small blind) collected ($11.76)
Seat 2: ELSUPREMO999 (big blind) folded on the Flop


PokerStars Hand #144538345079:  Hold'em Limit ($3/$6 USD) - 2015/11/28 21:07:05 ET
Table 'Vindobona' 2-max Seat #2 is the button
Seat 1: Velbor107 ($365.83 in chips)
Seat 2: ELSUPREMO999 ($161.37 in chips)
ELSUPREMO999: posts small blind $1
Velbor107: posts big blind $3
*** HOLE CARDS ***
ELSUPREMO999: calls $2
Velbor107: raises $3 to $6
ELSUPREMO999: raises $3 to $9
Velbor107: calls $3
*** FLOP *** [7c Ah 7h]
Velbor107: checks
ELSUPREMO999: checks
*** TURN *** [7c Ah 7h] [5d]
Velbor107: checks
ELSUPREMO999: bets $6
Velbor107: calls $6
*** RIVER *** [7c Ah 7h 5d] [Ks]
Velbor107: checks
ELSUPREMO999: bets $6
Velbor107: folds
Uncalled bet ($6) returned to ELSUPREMO999
ELSUPREMO999 collected $29.50 from pot
ELSUPREMO999: doesn't show hand
*** SUMMARY ***
Total pot $30 | Rake $0.50
Board [7c Ah 7h 5d Ks]
Seat 1: Velbor107 (big blind) folded on the River
Seat 2: ELSUPREMO999 (button) (small blind) collected ($29.50)


PokerStars Hand #144538360620:  Hold'em Limit ($3/$6 USD) - 2015/11/28 21:07:38 ET
Table 'Vindobona' 2-max Seat #2 is the button
Seat 1: Velbor107 ($356.59 in chips)
Seat 2: ELSUPREMO999 ($169.87 in chips)
ELSUPREMO999: posts small blind $1
Velbor107: posts big blind $3
*** HOLE CARDS ***
ELSUPREMO999: calls $2
Velbor107: checks
*** FLOP *** [Qh 9s 5c]
Velbor107: checks
ELSUPREMO999: checks
*** TURN *** [Qh 9s 5c] [Ks]
Velbor107: checks
ELSUPREMO999: checks
*** RIVER *** [Qh 9s 5c Ks] [5d]
Velbor107: checks
ELSUPREMO999: bets $6
Velbor107: folds
Uncalled bet ($6) returned to ELSUPREMO999
ELSUPREMO999 collected $5.88 from pot
ELSUPREMO999: doesn't show hand
*** SUMMARY ***
Total pot $6 | Rake $0.12
Board [Qh 9s 5c Ks 5d]
Seat 1: Velbor107 (big blind) folded on the River
Seat 2: ELSUPREMO999 (button) (small blind) collected ($5.88)


PokerStars Hand #144538370709:  Hold'em Limit ($3/$6 USD) - 2015/11/28 21:07:59 ET
Table 'Vindobona' 2-max Seat #1 is the button
Seat 1: Velbor107 ($353.59 in chips)
Seat 2: ELSUPREMO999 ($172.75 in chips)
Velbor107: posts small blind $1
ELSUPREMO999: posts big blind $3
*** HOLE CARDS ***
Velbor107: raises $3 to $6
ELSUPREMO999: calls $3
*** FLOP *** [7h Qs Ac]
ELSUPREMO999: checks
Velbor107: bets $3
ELSUPREMO999: folds
Uncalled bet ($3) returned to Velbor107
Velbor107 collected $11.76 from pot
*** SUMMARY ***
Total pot $12 | Rake $0.24
Board [7h Qs Ac]
Seat 1: Velbor107 (button) (small blind) collected ($11.76)
Seat 2: ELSUPREMO999 (big blind) folded on the Flop


PokerStars Hand #144538387848:  Hold'em Limit ($3/$6 USD) - 2015/11/28 21:08:36 ET
Table 'Vindobona' 2-max Seat #2 is the button
Seat 1: Velbor107 ($355.35 in chips)
Seat 2: ELSUPREMO999 ($170.63 in chips)
ELSUPREMO999: posts small blind $1
Velbor107: posts big blind $3
*** HOLE CARDS ***
ELSUPREMO999: folds
Uncalled bet ($2) returned to Velbor107
Velbor107 collected $2 from pot
*** SUMMARY ***
Total pot $2 | Rake $0
Seat 1: Velbor107 (big blind) collected ($2)
Seat 2: ELSUPREMO999 (button) (small blind) folded before Flop


PokerStars Hand #144538390096:  Hold'em Limit ($3/$6 USD) - 2015/11/28 21:08:41 ET
Table 'Vindobona' 2-max Seat #1 is the button
Seat 1: Velbor107 ($356.35 in chips)
Seat 2: ELSUPREMO999 ($169.63 in chips)
Velbor107: posts small blind $1
ELSUPREMO999: posts big blind $3
*** HOLE CARDS ***
Velbor107: raises $3 to $6
ELSUPREMO999: calls $3
*** FLOP *** [7c Ts Ah]
ELSUPREMO999: checks
Velbor107: bets $3
ELSUPREMO999: calls $3
*** TURN *** [7c Ts Ah] [5d]
ELSUPREMO999: checks
Velbor107: checks
*** RIVER *** [7c Ts Ah 5d] [Ks]
ELSUPREMO999: bets $6
Velbor107: folds
Uncalled bet ($6) returned to ELSUPREMO999
ELSUPREMO999 collected $17.64 from pot
ELSUPREMO999: doesn't show hand
*** SUMMARY ***
Total pot $18 | Rake $0.36
Board [7c Ts Ah 5d Ks]
Seat 1: Velbor107 (button) (small blind) folded on the River
Seat 2: ELSUPREMO999 (big blind) collected ($17.64)


PokerStars Hand #144538375434:  Hold'em Limit ($3/$6 USD) - 2015/11/28 21:08:09 ET
Table 'Vindobona' 2-max Seat #2 is the button
Seat 1: Velbor107 ($359.35 in chips)
Seat 2: ELSUPREMO999 ($166.75 in chips)
ELSUPREMO999: posts small blind $1
Velbor107: posts big blind $3
*** HOLE CARDS ***
ELSUPREMO999: calls $2
Velbor107: checks
*** FLOP *** [8h Ts 9c]
Velbor107: checks
ELSUPREMO999: checks
*** TURN *** [8h Ts 9c] [9d]
Velbor107: checks
ELSUPREMO999: checks
*** RIVER *** [8h Ts 9c 9d] [8c]
Velbor107: checks
ELSUPREMO999: bets $6
Velbor107: folds
Uncalled bet ($6) returned to ELSUPREMO999
ELSUPREMO999 collected $5.88 from pot
ELSUPREMO999: doesn't show hand
*** SUMMARY ***
Total pot $6 | Rake $0.12
Board [8h Ts 9c 9d 8c]
Seat 1: Velbor107 (big blind) folded on the River
Seat 2: ELSUPREMO999 (button) (small blind) collected ($5.88)


PokerStars Hand #144538384653:  Hold'em Limit ($3/$6 USD) - 2015/11/28 21:08:29 ET
Table 'Vindobona' 2-max Seat #1 is the button
Seat 1: Velbor107 ($356.35 in chips)
Seat 2: ELSUPREMO999 ($169.63 in chips)
Velbor107: posts small blind $1
ELSUPREMO999: posts big blind $3
*** HOLE CARDS ***
Velbor107: folds
Uncalled bet ($2) returned to ELSUPREMO999
ELSUPREMO999 collected $2 from pot
ELSUPREMO999: doesn't show hand
*** SUMMARY ***
Total pot $2 | Rake $0
Seat 1: Velbor107 (button) (small blind) folded before Flop
Seat 2: ELSUPREMO999 (big blind) collected ($2)


PokerStars Hand #144538398075:  Hold'em Limit ($3/$6 USD) - 2015/11/28 21:08:58 ET
Table 'Vindobona' 2-max Seat #2 is the button
Seat 1: Velbor107 ($347.35 in chips)
Seat 2: ELSUPREMO999 ($178.27 in chips)
ELSUPREMO999: posts small blind $1
Velbor107: posts big blind $3
*** HOLE CARDS ***
ELSUPREMO999: calls $2
Velbor107: checks
*** FLOP *** [8c Ah 3c]
Velbor107: checks
ELSUPREMO999: bets $3
Velbor107: calls $3
*** TURN *** [8c Ah 3c] [5d]
Velbor107: checks
ELSUPREMO999: bets $6
Velbor107: calls $6
*** RIVER *** [8c Ah 3c 5d] [Th]
Velbor107: checks
ELSUPREMO999: bets $6
Velbor107: folds
Uncalled bet ($6) returned to ELSUPREMO999
ELSUPREMO999 collected $23.52 from pot
ELSUPREMO999: doesn't show hand
*** SUMMARY ***
Total pot $24 | Rake $0.48
Board [8c Ah 3c 5d Th]
Seat 1: Velbor107 (big blind) folded on the River
Seat 2: ELSUPREMO999 (button) (small blind) collected ($23.52)


PokerStars Hand #144538427222:  Hold'em Limit ($3/$6 USD) - 2015/11/28 21:09:59 ET
Table 'Vindobona' 2-max Seat #2 is the button
Seat 1: Velbor107 ($371.85 in chips)
Seat 2: ELSUPREMO999 ($152.79 in chips)
ELSUPREMO999: posts small blind $1
Velbor107: posts big blind $3
*** HOLE CARDS ***
ELSUPREMO999: calls $2
Velbor107: raises $3 to $6
ELSUPREMO999: calls $3
*** FLOP *** [2h 9h Ad]
Velbor107: bets $3
ELSUPREMO999: folds
Uncalled bet ($3) returned to Velbor107
Velbor107 collected $11.76 from pot
*** SUMMARY ***
Total pot $12 | Rake $0.24
Board [2h 9h Ad]
Seat 1: Velbor107 (big blind) collected ($11.76)
Seat 2: ELSUPREMO999 (button) (small blind) folded on the Flop


PokerStars Hand #144538411810:  Hold'em Limit ($3/$6 USD) - 2015/11/28 21:09:27 ET
Table 'Vindobona' 2-max Seat #2 is the button
Seat 1: Velbor107 ($338.35 in chips)
Seat 2: ELSUPREMO999 ($186.79 in chips)
ELSUPREMO999: posts small blind $1
Velbor107: posts big blind $3
*** HOLE CARDS ***
ELSUPREMO999: folds
Uncalled bet ($2) returned to Velbor107
Velbor107 collected $2 from pot
*** SUMMARY ***
Total pot $2 | Rake $0
Seat 1: Velbor107 (big blind) collected ($2)
Seat 2: ELSUPREMO999 (button) (small blind) folded before Flop


PokerStars Hand #144538408607:  Hold'em Limit ($3/$6 USD) - 2015/11/28 21:09:20 ET
Table 'Vindobona' 2-max Seat #1 is the button
Seat 1: Velbor107 ($335.35 in chips)
Seat 2: ELSUPREMO999 ($189.79 in chips)
Velbor107: posts small blind $1
ELSUPREMO999: posts big blind $3
*** HOLE CARDS ***
Velbor107: raises $3 to $6
ELSUPREMO999: folds
Uncalled bet ($3) returned to Velbor107
Velbor107 collected $6 from pot
*** SUMMARY ***
Total pot $6 | Rake $0
Seat 1: Velbor107 (button) (small blind) collected ($6)
Seat 2: ELSUPREMO999 (big blind) folded before Flop


PokerStars Hand #144538413883:  Hold'em Limit ($3/$6 USD) - 2015/11/28 21:09:31 ET
Table 'Vindobona' 2-max Seat #1 is the button
Seat 1: Velbor107 ($339.35 in chips)
Seat 2: ELSUPREMO999 ($185.79 in chips)
Velbor107: posts small blind $1
ELSUPREMO999: posts big blind $3
*** HOLE CARDS ***
Velbor107: raises $3 to $6
ELSUPREMO999: calls $3
*** FLOP *** [4s 5h 4c]
ELSUPREMO999: checks
Velbor107: bets $3
ELSUPREMO999: calls $3
*** TURN *** [4s 5h 4c] [2s]
ELSUPREMO999: checks
Velbor107: bets $6
ELSUPREMO999: calls $6
*** RIVER *** [4s 5h 4c 2s] [Td]
ELSUPREMO999: checks
Velbor107: bets $6
ELSUPREMO999: raises $6 to $12
Velbor107: raises $6 to $18
ELSUPREMO999: calls $6
*** SHOW DOWN ***
Velbor107: shows [7s 4d] (three of a kind, Fours)
ELSUPREMO999: mucks hand
Velbor107 collected $65.50 from pot
*** SUMMARY ***
Total pot $66 | Rake $0.50
Board [4s 5h 4c 2s Td]
Seat 1: Velbor107 (button) (small blind) showed [7s 4d] and won ($65.50) with three of a kind, Fours
Seat 2: ELSUPREMO999 (big blind) mucked


PokerStars Hand #144538432192:  Hold'em Limit ($3/$6 USD) - 2015/11/28 21:10:10 ET
Table 'Vindobona' 2-max Seat #1 is the button
Seat 1: Velbor107 ($377.61 in chips)
Seat 2: ELSUPREMO999 ($146.79 in chips)
Velbor107: posts small blind $1
ELSUPREMO999: posts big blind $3
*** HOLE CARDS ***
Velbor107: raises $3 to $6
ELSUPREMO999: calls $3
*** FLOP *** [2c 9h Qd]
ELSUPREMO999: checks
Velbor107: bets $3
ELSUPREMO999: calls $3
*** TURN *** [2c 9h Qd] [Th]
ELSUPREMO999: checks
Velbor107: checks
*** RIVER *** [2c 9h Qd Th] [7s]
ELSUPREMO999: bets $6
Velbor107: folds
Uncalled bet ($6) returned to ELSUPREMO999
ELSUPREMO999 collected $17.64 from pot
ELSUPREMO999: doesn't show hand
*** SUMMARY ***
Total pot $18 | Rake $0.36
Board [2c 9h Qd Th 7s]
Seat 1: Velbor107 (button) (small blind) folded on the River
Seat 2: ELSUPREMO999 (big blind) collected ($17.64)


PokerStars Hand #144538441028:  Hold'em Limit ($3/$6 USD) - 2015/11/28 21:10:29 ET
Table 'Vindobona' 2-max Seat #2 is the button
Seat 1: Velbor107 ($368.61 in chips)
Seat 2: ELSUPREMO999 ($155.43 in chips)
ELSUPREMO999: posts small blind $1
Velbor107: posts big blind $3
*** HOLE CARDS ***
ELSUPREMO999: folds
Uncalled bet ($2) returned to Velbor107
Velbor107 collected $2 from pot
*** SUMMARY ***
Total pot $2 | Rake $0
Seat 1: Velbor107 (big blind) collected ($2)
Seat 2: ELSUPREMO999 (button) (small blind) folded before Flop


PokerStars Hand #144538443250:  Hold'em Limit ($3/$6 USD) - 2015/11/28 21:10:34 ET
Table 'Vindobona' 2-max Seat #1 is the button
Seat 1: Velbor107 ($369.61 in chips)
Seat 2: ELSUPREMO999 ($154.43 in chips)
Velbor107: posts small blind $1
ELSUPREMO999: posts big blind $3
*** HOLE CARDS ***
Velbor107: raises $3 to $6
ELSUPREMO999: raises $3 to $9
Velbor107: calls $3
*** FLOP *** [Ad 8h 5s]
ELSUPREMO999: bets $3
Velbor107: calls $3
*** TURN *** [Ad 8h 5s] [Js]
ELSUPREMO999: bets $6
Velbor107: calls $6
*** RIVER *** [Ad 8h 5s Js] [Qd]
ELSUPREMO999: bets $6
Velbor107: calls $6
*** SHOW DOWN ***
ELSUPREMO999: shows [Ac Kd] (a pair of Aces)
Velbor107: mucks hand
ELSUPREMO999 collected $47.50 from pot
*** SUMMARY ***
Total pot $48 | Rake $0.50
Board [Ad 8h 5s Js Qd]
Seat 1: Velbor107 (button) (small blind) mucked
Seat 2: ELSUPREMO999 (big blind) showed [Ac Kd] and won ($47.50) with a pair of Aces


PokerStars Hand #144538458002:  Hold'em Limit ($3/$6 USD) - 2015/11/28 21:11:05 ET
Table 'Vindobona' 2-max Seat #2 is the button
Seat 1: Velbor107 ($345.61 in chips)
Seat 2: ELSUPREMO999 ($177.93 in chips)
ELSUPREMO999: posts small blind $1
Velbor107: posts big blind $3
*** HOLE CARDS ***
ELSUPREMO999: calls $2
Velbor107: raises $3 to $6
ELSUPREMO999: calls $3
*** FLOP *** [Js 6h 7d]
Velbor107: bets $3
ELSUPREMO999: calls $3
*** TURN *** [Js 6h 7d] [8s]
Velbor107: checks
ELSUPREMO999: bets $6
Velbor107: folds
Uncalled bet ($6) returned to ELSUPREMO999
ELSUPREMO999 collected $17.64 from pot
ELSUPREMO999: doesn't show hand
*** SUMMARY ***
Total pot $18 | Rake $0.36
Board [Js 6h 7d 8s]
Seat 1: Velbor107 (big blind) folded on the Turn
Seat 2: ELSUPREMO999 (button) (small blind) collected ($17.64)


PokerStars Hand #144538469356:  Hold'em Limit ($3/$6 USD) - 2015/11/28 21:11:29 ET
Table 'Vindobona' 2-max Seat #1 is the button
Seat 1: Velbor107 ($336.61 in chips)
Seat 2: ELSUPREMO999 ($186.57 in chips)
Velbor107: posts small blind $1
ELSUPREMO999: posts big blind $3
*** HOLE CARDS ***
Velbor107: raises $3 to $6
ELSUPREMO999: calls $3
*** FLOP *** [5c Tc Ad]
ELSUPREMO999: checks
Velbor107: bets $3
ELSUPREMO999: calls $3
*** TURN *** [5c Tc Ad] [2d]
ELSUPREMO999: checks
Velbor107: checks
*** RIVER *** [5c Tc Ad 2d] [8s]
ELSUPREMO999: bets $6
Velbor107: raises $6 to $12
ELSUPREMO999: raises $6 to $18
Velbor107: calls $6
*** SHOW DOWN ***
ELSUPREMO999: shows [8c Ts] (two pair, Tens and Eights)
Velbor107: mucks hand
ELSUPREMO999 collected $53.50 from pot
*** SUMMARY ***
Total pot $54 | Rake $0.50
Board [5c Tc Ad 2d 8s]
Seat 1: Velbor107 (button) (small blind) mucked
Seat 2: ELSUPREMO999 (big blind) showed [8c Ts] and won ($53.50) with two pair, Tens and Eights


PokerStars Hand #144538509805:  Hold'em Limit ($3/$6 USD) - 2015/11/28 21:12:57 ET
Table 'Vindobona' 2-max Seat #2 is the button
Seat 1: Velbor107 ($312.37 in chips)
Seat 2: ELSUPREMO999 ($209.95 in chips)
ELSUPREMO999: posts small blind $1
Velbor107: posts big blind $3
*** HOLE CARDS ***
ELSUPREMO999: calls $2
Velbor107: checks
*** FLOP *** [6h 9c Js]
Velbor107: bets $3
ELSUPREMO999: calls $3
*** TURN *** [6h 9c Js] [Tc]
Velbor107: checks
ELSUPREMO999: bets $6
Velbor107: folds
Uncalled bet ($6) returned to ELSUPREMO999
ELSUPREMO999 collected $11.76 from pot
ELSUPREMO999: doesn't show hand
*** SUMMARY ***
Total pot $12 | Rake $0.24
Board [6h 9c Js Tc]
Seat 1: Velbor107 (big blind) folded on the Turn
Seat 2: ELSUPREMO999 (button) (small blind) collected ($11.76)


PokerStars Hand #144538491729:  Hold'em Limit ($3/$6 USD) - 2015/11/28 21:12:18 ET
Table 'Vindobona' 2-max Seat #2 is the button
Seat 1: Velbor107 ($309.61 in chips)
Seat 2: ELSUPREMO999 ($213.07 in chips)
ELSUPREMO999: posts small blind $1
Velbor107: posts big blind $3
*** HOLE CARDS ***
ELSUPREMO999: calls $2
Velbor107: checks
*** FLOP *** [9h 3d 9s]
Velbor107: checks
ELSUPREMO999: checks
*** TURN *** [9h 3d 9s] [Ks]
Velbor107: checks
ELSUPREMO999: checks
*** RIVER *** [9h 3d 9s Ks] [Kh]
Velbor107: checks
ELSUPREMO999: checks
*** SHOW DOWN ***
Velbor107: shows [4h 5s] (two pair, Kings and Nines)
ELSUPREMO999: shows [8h Th] (two pair, Kings and Nines - Ten kicker)
ELSUPREMO999 collected $5.88 from pot
*** SUMMARY ***
Total pot $6 | Rake $0.12
Board [9h 3d 9s Ks Kh]
Seat 1: Velbor107 (big blind) showed [4h 5s] and lost with two pair, Kings and Nines
Seat 2: ELSUPREMO999 (button) (small blind) showed [8h Th] and won ($5.88) with two pair, Kings and Nines


PokerStars Hand #144538503933:  Hold'em Limit ($3/$6 USD) - 2015/11/28 21:12:44 ET
Table 'Vindobona' 2-max Seat #1 is the button
Seat 1: Velbor107 ($306.61 in chips)
Seat 2: ELSUPREMO999 ($215.95 in chips)
Velbor107: posts small blind $1
ELSUPREMO999: posts big blind $3
*** HOLE CARDS ***
Velbor107: raises $3 to $6
ELSUPREMO999: calls $3
*** FLOP *** [9c 7s Jd]
ELSUPREMO999: checks
Velbor107: bets $3
ELSUPREMO999: folds
Uncalled bet ($3) returned to Velbor107
Velbor107 collected $11.76 from pot
*** SUMMARY ***
Total pot $12 | Rake $0.24
Board [9c 7s Jd]
Seat 1: Velbor107 (button) (small blind) collected ($11.76)
Seat 2: ELSUPREMO999 (big blind) folded on the Flop


PokerStars Hand #144538517753:  Hold'em Limit ($3/$6 USD) - 2015/11/28 21:13:14 ET
Table 'Vindobona' 2-max Seat #1 is the button
Seat 1: Velbor107 ($306.37 in chips)
Seat 2: ELSUPREMO999 ($215.71 in chips)
Velbor107: posts small blind $1
ELSUPREMO999: posts big blind $3
*** HOLE CARDS ***
Velbor107: folds
Uncalled bet ($2) returned to ELSUPREMO999
ELSUPREMO999 collected $2 from pot
ELSUPREMO999: doesn't show hand
*** SUMMARY ***
Total pot $2 | Rake $0
Seat 1: Velbor107 (button) (small blind) folded before Flop
Seat 2: ELSUPREMO999 (big blind) collected ($2)


PokerStars Hand #144538528228:  Hold'em Limit ($3/$6 USD) - 2015/11/28 21:13:36 ET
Table 'Vindobona' 2-max Seat #2 is the button
Seat 1: Velbor107 ($301.37 in chips)
Seat 2: ELSUPREMO999 ($220.59 in chips)
ELSUPREMO999: posts small blind $1
Velbor107: posts big blind $3
*** HOLE CARDS ***
ELSUPREMO999: folds
Uncalled bet ($2) returned to Velbor107
Velbor107 collected $2 from pot
*** SUMMARY ***
Total pot $2 | Rake $0
Seat 1: Velbor107 (big blind) collected ($2)
Seat 2: ELSUPREMO999 (button) (small blind) folded before Flop


PokerStars Hand #144538526191:  Hold'em Limit ($3/$6 USD) - 2015/11/28 21:13:32 ET
Table 'Vindobona' 2-max Seat #1 is the button
Seat 1: Velbor107 ($302.37 in chips)
Seat 2: ELSUPREMO999 ($219.59 in chips)
Velbor107: posts small blind $1
ELSUPREMO999: posts big blind $3
*** HOLE CARDS ***
Velbor107: folds
Uncalled bet ($2) returned to ELSUPREMO999
ELSUPREMO999 collected $2 from pot
ELSUPREMO999: doesn't show hand
*** SUMMARY ***
Total pot $2 | Rake $0
Seat 1: Velbor107 (button) (small blind) folded before Flop
Seat 2: ELSUPREMO999 (big blind) collected ($2)


PokerStars Hand #144538519816:  Hold'em Limit ($3/$6 USD) - 2015/11/28 21:13:18 ET
Table 'Vindobona' 2-max Seat #2 is the button
Seat 1: Velbor107 ($305.37 in chips)
Seat 2: ELSUPREMO999 ($216.71 in chips)
ELSUPREMO999: posts small blind $1
Velbor107: posts big blind $3
*** HOLE CARDS ***
ELSUPREMO999: calls $2
Velbor107: checks
*** FLOP *** [Ts Tc 8s]
Velbor107: checks
ELSUPREMO999: checks
*** TURN *** [Ts Tc 8s] [Jc]
Velbor107: checks
ELSUPREMO999: bets $6
Velbor107: folds
Uncalled bet ($6) returned to ELSUPREMO999
ELSUPREMO999 collected $5.88 from pot
ELSUPREMO999: doesn't show hand
*** SUMMARY ***
Total pot $6 | Rake $0.12
Board [Ts Tc 8s Jc]
Seat 1: Velbor107 (big blind) folded on the Turn
Seat 2: ELSUPREMO999 (button) (small blind) collected ($5.88)


PokerStars Hand #144538530388:  Hold'em Limit ($3/$6 USD) - 2015/11/28 21:13:41 ET
Table 'Vindobona' 2-max Seat #1 is the button
Seat 1: Velbor107 ($302.37 in chips)
Seat 2: ELSUPREMO999 ($219.59 in chips)
Velbor107: posts small blind $1
ELSUPREMO999: posts big blind $3
*** HOLE CARDS ***
Velbor107: raises $3 to $6
ELSUPREMO999: calls $3
*** FLOP *** [Ks Kh 8s]
ELSUPREMO999: checks
Velbor107: bets $3
ELSUPREMO999: calls $3
*** TURN *** [Ks Kh 8s] [3c]
ELSUPREMO999: checks
Velbor107: checks
*** RIVER *** [Ks Kh 8s 3c] [9s]
ELSUPREMO999: checks
Velbor107: checks
*** SHOW DOWN ***
ELSUPREMO999: shows [5s Qc] (a pair of Kings)
Velbor107: mucks hand
ELSUPREMO999 collected $17.64 from pot
*** SUMMARY ***
Total pot $18 | Rake $0.36
Board [Ks Kh 8s 3c 9s]
Seat 1: Velbor107 (button) (small blind) mucked
Seat 2: ELSUPREMO999 (big blind) showed [5s Qc] and won ($17.64) with a pair of Kings


PokerStars Hand #144538555370:  Hold'em Limit ($3/$6 USD) - 2015/11/28 21:14:36 ET
Table 'Vindobona' 2-max Seat #1 is the button
Seat 1: Velbor107 ($254.37 in chips)
Seat 2: ELSUPREMO999 ($266.73 in chips)
Velbor107: posts small blind $1
ELSUPREMO999: posts big blind $3
*** HOLE CARDS ***
Velbor107: raises $3 to $6
ELSUPREMO999: calls $3
*** FLOP *** [8h 3c 5d]
ELSUPREMO999: checks
Velbor107: bets $3
ELSUPREMO999: calls $3
*** TURN *** [8h 3c 5d] [Jh]
ELSUPREMO999: checks
Velbor107: bets $6
ELSUPREMO999: folds
Uncalled bet ($6) returned to Velbor107
Velbor107 collected $17.64 from pot
*** SUMMARY ***
Total pot $18 | Rake $0.36
Board [8h 3c 5d Jh]
Seat 1: Velbor107 (button) (small blind) collected ($17.64)
Seat 2: ELSUPREMO999 (big blind) folded on the Turn


PokerStars Hand #144538539455:  Hold'em Limit ($3/$6 USD) - 2015/11/28 21:14:01 ET
Table 'Vindobona' 2-max Seat #2 is the button
Seat 1: Velbor107 ($293.37 in chips)
Seat 2: ELSUPREMO999 ($228.23 in chips)
ELSUPREMO999: posts small blind $1
Velbor107: posts big blind $3
*** HOLE CARDS ***
ELSUPREMO999: calls $2
Velbor107: raises $3 to $6
ELSUPREMO999: calls $3
*** FLOP *** [2s 4c 4h]
Velbor107: bets $3
ELSUPREMO999: calls $3
*** TURN *** [2s 4c 4h] [Jd]
Velbor107: bets $6
ELSUPREMO999: raises $6 to $12
Velbor107: raises $6 to $18
ELSUPREMO999: raises $6 to $24
Betting is capped
Velbor107: calls $6
*** RIVER *** [2s 4c 4h Jd] [Tc]
Velbor107: checks
ELSUPREMO999: bets $6
Velbor107: calls $6
*** SHOW DOWN ***
ELSUPREMO999: shows [Qd 4d] (three of a kind, Fours)
Velbor107: mucks hand
ELSUPREMO999 collected $77.50 from pot
*** SUMMARY ***
Total pot $78 | Rake $0.50
Board [2s 4c 4h Jd Tc]
Seat 1: Velbor107 (big blind) mucked
Seat 2: ELSUPREMO999 (button) (small blind) showed [Qd 4d] and won ($77.50) with three of a kind, Fours


PokerStars Hand #144538579813:  Hold'em Limit ($3/$6 USD) - 2015/11/28 21:15:29 ET
Table 'Vindobona' 2-max Seat #1 is the button
Seat 1: Velbor107 ($251.01 in chips)
Seat 2: ELSUPREMO999 ($269.25 in chips)
Velbor107: posts small blind $1
ELSUPREMO999: posts big blind $3
*** HOLE CARDS ***
Velbor107: raises $3 to $6
ELSUPREMO999: calls $3
*** FLOP *** [9h 4s Ks]
ELSUPREMO999: checks
Velbor107: bets $3
ELSUPREMO999: calls $3
*** TURN *** [9h 4s Ks] [5d]
ELSUPREMO999: checks
Velbor107: checks
*** RIVER *** [9h 4s Ks 5d] [2c]
ELSUPREMO999: checks
Velbor107: checks
*** SHOW DOWN ***
ELSUPREMO999: shows [Jh Qs] (high card King)
Velbor107: mucks hand
ELSUPREMO999 collected $17.64 from pot
*** SUMMARY ***
Total pot $18 | Rake $0.36
Board [9h 4s Ks 5d 2c]
Seat 1: Velbor107 (button) (small blind) mucked
Seat 2: ELSUPREMO999 (big blind) showed [Jh Qs] and won ($17.64) with high card King


PokerStars Hand #144538564241:  Hold'em Limit ($3/$6 USD) - 2015/11/28 21:14:55 ET
Table 'Vindobona' 2-max Seat #2 is the button
Seat 1: Velbor107 ($263.01 in chips)
Seat 2: ELSUPREMO999 ($257.73 in chips)
ELSUPREMO999: posts small blind $1
Velbor107: posts big blind $3
*** HOLE CARDS ***
ELSUPREMO999: raises $3 to $6
Velbor107: calls $3
*** FLOP *** [4h 2d 9d]
Velbor107: checks
ELSUPREMO999: checks
*** TURN *** [4h 2d 9d] [Td]
Velbor107: checks
ELSUPREMO999: bets $6
Velbor107: calls $6
*** RIVER *** [4h 2d 9d Td] [4c]
Velbor107: checks
ELSUPREMO999: bets $6
Velbor107: folds
Uncalled bet ($6) returned to ELSUPREMO999
ELSUPREMO999 collected $23.52 from pot
ELSUPREMO999: doesn't show hand
*** SUMMARY ***
Total pot $24 | Rake $0.48
Board [4h 2d 9d Td 4c]
Seat 1: Velbor107 (big blind) folded on the River
Seat 2: ELSUPREMO999 (button) (small blind) collected ($23.52)


PokerStars Hand #144538590060:  Hold'em Limit ($3/$6 USD) - 2015/11/28 21:15:51 ET
Table 'Vindobona' 2-max Seat #2 is the button
Seat 1: Velbor107 ($242.01 in chips)
Seat 2: ELSUPREMO999 ($277.89 in chips)
ELSUPREMO999: posts small blind $1
Velbor107: posts big blind $3
*** HOLE CARDS ***
ELSUPREMO999: calls $2
Velbor107: checks
*** FLOP *** [2h 5s Kh]
Velbor107: bets $3
ELSUPREMO999: folds
Uncalled bet ($3) returned to Velbor107
Velbor107 collected $5.88 from pot
*** SUMMARY ***
Total pot $6 | Rake $0.12
Board [2h 5s Kh]
Seat 1: Velbor107 (big blind) collected ($5.88)
Seat 2: ELSUPREMO999 (button) (small blind) folded on the Flop


PokerStars Hand #144538617200:  Hold'em Limit ($3/$6 USD) - 2015/11/28 21:16:51 ET
Table 'Vindobona' 2-max Seat #1 is the button
Seat 1: Velbor107 ($262.17 in chips)
Seat 2: ELSUPREMO999 ($256.89 in chips)
Velbor107: posts small blind $1
ELSUPREMO999: posts big blind $3
*** HOLE CARDS ***
Velbor107: raises $3 to $6
ELSUPREMO999: raises $3 to $9
Velbor107: calls $3
*** FLOP *** [Jd Qc Tc]
ELSUPREMO999: bets $3
Velbor107: folds
Uncalled bet ($3) returned to ELSUPREMO999
ELSUPREMO999 collected $17.64 from pot
ELSUPREMO999: doesn't show hand
*** SUMMARY ***
Total pot $18 | Rake $0.36
Board [Jd Qc Tc]
Seat 1: Velbor107 (button) (small blind) folded on the Flop
Seat 2: ELSUPREMO999 (big blind) collected ($17.64)


PokerStars Hand #144538598771:  Hold'em Limit ($3/$6 USD) - 2015/11/28 21:16:10 ET
Table 'Vindobona' 2-max Seat #1 is the button
Seat 1: Velbor107 ($244.89 in chips)
Seat 2: ELSUPREMO999 ($274.89 in chips)
Velbor107: posts small blind $1
ELSUPREMO999: posts big blind $3
*** HOLE CARDS ***
Velbor107: raises $3 to $6
ELSUPREMO999: calls $3
*** FLOP *** [5s 6c 6h]
ELSUPREMO999: checks
Velbor107: bets $3
ELSUPREMO999: calls $3
*** TURN *** [5s 6c 6h] [Qd]
ELSUPREMO999: checks
Velbor107: bets $6
ELSUPREMO999: folds
Uncalled bet ($6) returned to Velbor107
Velbor107 collected $17.64 from pot
*** SUMMARY ***
Total pot $18 | Rake $0.36
Board [5s 6c 6h Qd]
Seat 1: Velbor107 (button) (small blind) collected ($17.64)
Seat 2: ELSUPREMO999 (big blind) folded on the Turn


PokerStars Hand #144538607555:  Hold'em Limit ($3/$6 USD) - 2015/11/28 21:16:30 ET
Table 'Vindobona' 2-max Seat #2 is the button
Seat 1: Velbor107 ($253.53 in chips)
Seat 2: ELSUPREMO999 ($265.89 in chips)
ELSUPREMO999: posts small blind $1
Velbor107: posts big blind $3
*** HOLE CARDS ***
ELSUPREMO999: calls $2
Velbor107: raises $3 to $6
ELSUPREMO999: calls $3
*** FLOP *** [9h 4h Ad]
Velbor107: bets $3
ELSUPREMO999: calls $3
*** TURN *** [9h 4h Ad] [2s]
Velbor107: checks
ELSUPREMO999: checks
*** RIVER *** [9h 4h Ad 2s] [7h]
Velbor107: checks
ELSUPREMO999: checks
*** SHOW DOWN ***
Velbor107: shows [Kc Jh] (high card Ace)
ELSUPREMO999: mucks hand
Velbor107 collected $17.64 from pot
*** SUMMARY ***
Total pot $18 | Rake $0.36
Board [9h 4h Ad 2s 7h]
Seat 1: Velbor107 (big blind) showed [Kc Jh] and won ($17.64) with high card Ace
Seat 2: ELSUPREMO999 (button) (small blind) mucked


PokerStars Hand #144538623568:  Hold'em Limit ($3/$6 USD) - 2015/11/28 21:17:05 ET
Table 'Vindobona' 2-max Seat #2 is the button
Seat 1: Velbor107 ($253.17 in chips)
Seat 2: ELSUPREMO999 ($265.53 in chips)
ELSUPREMO999: posts small blind $1
Velbor107: posts big blind $3
*** HOLE CARDS ***
ELSUPREMO999: calls $2
Velbor107: checks
*** FLOP *** [2c Ks 7h]
Velbor107: bets $3
ELSUPREMO999: calls $3
*** TURN *** [2c Ks 7h] [8d]
Velbor107: checks
ELSUPREMO999: bets $6
Velbor107: folds
Uncalled bet ($6) returned to ELSUPREMO999
ELSUPREMO999 collected $11.76 from pot
ELSUPREMO999: doesn't show hand
*** SUMMARY ***
Total pot $12 | Rake $0.24
Board [2c Ks 7h 8d]
Seat 1: Velbor107 (big blind) folded on the Turn
Seat 2: ELSUPREMO999 (button) (small blind) collected ($11.76)


PokerStars Hand #144538630013:  Hold'em Limit ($3/$6 USD) - 2015/11/28 21:17:19 ET
Table 'Vindobona' 2-max Seat #1 is the button
Seat 1: Velbor107 ($247.17 in chips)
Seat 2: ELSUPREMO999 ($271.29 in chips)
Velbor107: posts small blind $1
ELSUPREMO999: posts big blind $3
*** HOLE CARDS ***
Velbor107: raises $3 to $6
ELSUPREMO999: calls $3
*** FLOP *** [3c 6c 4c]
ELSUPREMO999: checks
Velbor107: bets $3
ELSUPREMO999: calls $3
*** TURN *** [3c 6c 4c] [3h]
ELSUPREMO999: checks
Velbor107: checks
*** RIVER *** [3c 6c 4c 3h] [Kh]
ELSUPREMO999: bets $6
Velbor107: calls $6
*** SHOW DOWN ***
ELSUPREMO999: shows [7s 4h] (two pair, Fours and Threes)
Velbor107: mucks hand
ELSUPREMO999 collected $29.50 from pot
*** SUMMARY ***
Total pot $30 | Rake $0.50
Board [3c 6c 4c 3h Kh]
Seat 1: Velbor107 (button) (small blind) mucked
Seat 2: ELSUPREMO999 (big blind) showed [7s 4h] and won ($29.50) with two pair, Fours and Threes


PokerStars Hand #144538648164:  Hold'em Limit ($3/$6 USD) - 2015/11/28 21:17:59 ET
Table 'Vindobona' 2-max Seat #2 is the button
Seat 1: Velbor107 ($234.05 in chips)
Seat 2: ELSUPREMO999 ($283.79 in chips)
ELSUPREMO999: posts small blind $1
Velbor107: posts big blind $3
*** HOLE CARDS ***
ELSUPREMO999: folds
Uncalled bet ($2) returned to Velbor107
Velbor107 collected $2 from pot
*** SUMMARY ***
Total pot $2 | Rake $0
Seat 1: Velbor107 (big blind) collected ($2)
Seat 2: ELSUPREMO999 (button) (small blind) folded before Flop


PokerStars Hand #144538639085:  Hold'em Limit ($3/$6 USD) - 2015/11/28 21:17:39 ET
Table 'Vindobona' 2-max Seat #2 is the button
Seat 1: Velbor107 ($232.17 in chips)
Seat 2: ELSUPREMO999 ($285.79 in chips)
ELSUPREMO999: posts small blind $1
Velbor107: posts big blind $3
*** HOLE CARDS ***
ELSUPREMO999: calls $2
Velbor107: checks
*** FLOP *** [2c 4c 4h]
Velbor107: bets $3
ELSUPREMO999: folds
Uncalled bet ($3) returned to Velbor107
Velbor107 collected $5.88 from pot
*** SUMMARY ***
Total pot $6 | Rake $0.12
Board [2c 4c 4h]
Seat 1: Velbor107 (big blind) collected ($5.88)
Seat 2: ELSUPREMO999 (button) (small blind) folded on the Flop


PokerStars Hand #144538644930:  Hold'em Limit ($3/$6 USD) - 2015/11/28 21:17:52 ET
Table 'Vindobona' 2-max Seat #1 is the button
Seat 1: Velbor107 ($235.05 in chips)
Seat 2: ELSUPREMO999 ($282.79 in chips)
Velbor107: posts small blind $1
ELSUPREMO999: posts big blind $3
*** HOLE CARDS ***
Velbor107: folds
Uncalled bet ($2) returned to ELSUPREMO999
ELSUPREMO999 collected $2 from pot
ELSUPREMO999: doesn't show hand
*** SUMMARY ***
Total pot $2 | Rake $0
Seat 1: Velbor107 (button) (small blind) folded before Flop
Seat 2: ELSUPREMO999 (big blind) collected ($2)


PokerStars Hand #144538660466:  Hold'em Limit ($3/$6 USD) - 2015/11/28 21:18:26 ET
Table 'Vindobona' 2-max Seat #2 is the button
Seat 1: Velbor107 ($220.05 in chips)
Seat 2: ELSUPREMO999 ($297.29 in chips)
ELSUPREMO999: posts small blind $1
Velbor107: posts big blind $3
*** HOLE CARDS ***
ELSUPREMO999: calls $2
Velbor107: checks
*** FLOP *** [9s 2c Ac]
Velbor107: bets $3
ELSUPREMO999: calls $3
*** TURN *** [9s 2c Ac] [5d]
Velbor107: checks
ELSUPREMO999: checks
*** RIVER *** [9s 2c Ac 5d] [4s]
Velbor107: checks
ELSUPREMO999: bets $6
Velbor107: calls $6
*** SHOW DOWN ***
ELSUPREMO999: shows [8c Tc] (high card Ace)
Velbor107: shows [4h 8h] (a pair of Fours)
Velbor107 collected $23.52 from pot
*** SUMMARY ***
Total pot $24 | Rake $0.48
Board [9s 2c Ac 5d 4s]
Seat 1: Velbor107 (big blind) showed [4h 8h] and won ($23.52) with a pair of Fours
Seat 2: ELSUPREMO999 (button) (small blind) showed [8c Tc] and lost with high card Ace


PokerStars Hand #144538650362:  Hold'em Limit ($3/$6 USD) - 2015/11/28 21:18:04 ET
Table 'Vindobona' 2-max Seat #1 is the button
Seat 1: Velbor107 ($235.05 in chips)
Seat 2: ELSUPREMO999 ($282.79 in chips)
Velbor107: posts small blind $1
ELSUPREMO999: posts big blind $3
*** HOLE CARDS ***
Velbor107: raises $3 to $6
ELSUPREMO999: calls $3
*** FLOP *** [2d 4c 9c]
ELSUPREMO999: checks
Velbor107: bets $3
ELSUPREMO999: calls $3
*** TURN *** [2d 4c 9c] [5h]
ELSUPREMO999: checks
Velbor107: bets $6
ELSUPREMO999: calls $6
*** RIVER *** [2d 4c 9c 5h] [Qc]
ELSUPREMO999: checks
Velbor107: checks
*** SHOW DOWN ***
ELSUPREMO999: shows [5c Qd] (two pair, Queens and Fives)
Velbor107: mucks hand
ELSUPREMO999 collected $29.50 from pot
*** SUMMARY ***
Total pot $30 | Rake $0.50
Board [2d 4c 9c 5h Qc]
Seat 1: Velbor107 (button) (small blind) mucked
Seat 2: ELSUPREMO999 (big blind) showed [5c Qd] and won ($29.50) with two pair, Queens and Fives


PokerStars Hand #144538673685:  Hold'em Limit ($3/$6 USD) - 2015/11/28 21:18:55 ET
Table 'Vindobona' 2-max Seat #1 is the button
Seat 1: Velbor107 ($231.57 in chips)
Seat 2: ELSUPREMO999 ($285.29 in chips)
Velbor107: posts small blind $1
ELSUPREMO999: posts big blind $3
*** HOLE CARDS ***
Velbor107: raises $3 to $6
ELSUPREMO999: calls $3
*** FLOP *** [Kd Ad Qs]
ELSUPREMO999: checks
Velbor107: bets $3
ELSUPREMO999: calls $3
*** TURN *** [Kd Ad Qs] [4c]
ELSUPREMO999: checks
Velbor107: bets $6
ELSUPREMO999: calls $6
*** RIVER *** [Kd Ad Qs 4c] [4h]
ELSUPREMO999: checks
Velbor107: checks
*** SHOW DOWN ***
ELSUPREMO999: shows [2s Ks] (two pair, Kings and Fours)
Velbor107: mucks hand
ELSUPREMO999 collected $29.50 from pot
*** SUMMARY ***
Total pot $30 | Rake $0.50
Board [Kd Ad Qs 4c 4h]
Seat 1: Velbor107 (button) (small blind) mucked
Seat 2: ELSUPREMO999 (big blind) showed [2s Ks] and won ($29.50) with two pair, Kings and Fours


PokerStars Hand #144538701331:  Hold'em Limit ($3/$6 USD) - 2015/11/28 21:19:57 ET
Table 'Vindobona' 2-max Seat #2 is the button
Seat 1: Velbor107 ($239.95 in chips)
Seat 2: ELSUPREMO999 ($275.79 in chips)
ELSUPREMO999: posts small blind $1
Velbor107: posts big blind $3
*** HOLE CARDS ***
ELSUPREMO999: calls $2
Velbor107: raises $3 to $6
ELSUPREMO999: calls $3
*** FLOP *** [Qd Js 3d]
Velbor107: bets $3
ELSUPREMO999: calls $3
*** TURN *** [Qd Js 3d] [6c]
Velbor107: bets $6
ELSUPREMO999: calls $6
*** RIVER *** [Qd Js 3d 6c] [9s]
Velbor107: checks
ELSUPREMO999: bets $6
Velbor107: calls $6
*** SHOW DOWN ***
ELSUPREMO999: shows [Jc 7h] (a pair of Jacks)
Velbor107: mucks hand
ELSUPREMO999 collected $41.50 from pot
*** SUMMARY ***
Total pot $42 | Rake $0.50
Board [Qd Js 3d 6c 9s]
Seat 1: Velbor107 (big blind) mucked
Seat 2: ELSUPREMO999 (button) (small blind) showed [Jc 7h] and won ($41.50) with a pair of Jacks


PokerStars Hand #144538685068:  Hold'em Limit ($3/$6 USD) - 2015/11/28 21:19:21 ET
Table 'Vindobona' 2-max Seat #2 is the button
Seat 1: Velbor107 ($216.57 in chips)
Seat 2: ELSUPREMO999 ($299.79 in chips)
ELSUPREMO999: posts small blind $1
Velbor107: posts big blind $3
*** HOLE CARDS ***
ELSUPREMO999: calls $2
Velbor107: checks
*** FLOP *** [3d 6c 9c]
Velbor107: bets $3
ELSUPREMO999: folds
Uncalled bet ($3) returned to Velbor107
Velbor107 collected $5.88 from pot
*** SUMMARY ***
Total pot $6 | Rake $0.12
Board [3d 6c 9c]
Seat 1: Velbor107 (big blind) collected ($5.88)
Seat 2: ELSUPREMO999 (button) (small blind) folded on the Flop


PokerStars Hand #144538692384:  Hold'em Limit ($3/$6 USD) - 2015/11/28 21:19:37 ET
Table 'Vindobona' 2-max Seat #1 is the button
Seat 1: Velbor107 ($219.45 in chips)
Seat 2: ELSUPREMO999 ($296.79 in chips)
Velbor107: posts small blind $1
ELSUPREMO999: posts big blind $3
*** HOLE CARDS ***
Velbor107: raises $3 to $6
ELSUPREMO999: calls $3
*** FLOP *** [6d 9h 6s]
ELSUPREMO999: checks
Velbor107: bets $3
ELSUPREMO999: calls $3
*** TURN *** [6d 9h 6s] [7d]
ELSUPREMO999: checks
Velbor107: bets $6
ELSUPREMO999: calls $6
*** RIVER *** [6d 9h 6s 7d] [4d]
ELSUPREMO999: checks
Velbor107: bets $6
ELSUPREMO999: calls $6
*** SHOW DOWN ***
Velbor107: shows [As 9d] (two pair, Nines and Sixes)
ELSUPREMO999: mucks hand
Velbor107 collected $41.50 from pot
*** SUMMARY ***
Total pot $42 | Rake $0.50
Board [6d 9h 6s 7d 4d]
Seat 1: Velbor107 (button) (small blind) showed [As 9d] and won ($41.50) with two pair, Nines and Sixes
Seat 2: ELSUPREMO999 (big blind) mucked


PokerStars Hand #144538722001:  Hold'em Limit ($3/$6 USD) - 2015/11/28 21:20:42 ET
Table 'Vindobona' 2-max Seat #2 is the button
Seat 1: Velbor107 ($227.59 in chips)
Seat 2: ELSUPREMO999 ($287.29 in chips)
ELSUPREMO999: posts small blind $1
Velbor107: posts big blind $3
*** HOLE CARDS ***
ELSUPREMO999: raises $3 to $6
Velbor107: calls $3
*** FLOP *** [3d Qh Kc]
Velbor107: checks
ELSUPREMO999: bets $3
Velbor107: folds
Uncalled bet ($3) returned to ELSUPREMO999
ELSUPREMO999 collected $11.76 from pot
ELSUPREMO999: doesn't show hand
*** SUMMARY ***
Total pot $12 | Rake $0.24
Board [3d Qh Kc]
Seat 1: Velbor107 (big blind) folded on the Flop
Seat 2: ELSUPREMO999 (button) (small blind) collected ($11.76)


PokerStars Hand #144538727804:  Hold'em Limit ($3/$6 USD) - 2015/11/28 21:20:55 ET
Table 'Vindobona' 2-max Seat #1 is the button
Seat 1: Velbor107 ($221.59 in chips)
Seat 2: ELSUPREMO999 ($293.05 in chips)
Velbor107: posts small blind $1
ELSUPREMO999: posts big blind $3
*** HOLE CARDS ***
Velbor107: raises $3 to $6
ELSUPREMO999: calls $3
*** FLOP *** [8c 8h Td]
ELSUPREMO999: checks
Velbor107: bets $3
ELSUPREMO999: calls $3
*** TURN *** [8c 8h Td] [Ac]
ELSUPREMO999: checks
Velbor107: bets $6
ELSUPREMO999: calls $6
*** RIVER *** [8c 8h Td Ac] [Jh]
ELSUPREMO999: checks
Velbor107: checks
*** SHOW DOWN ***
ELSUPREMO999: shows [Tc 3c] (two pair, Tens and Eights)
Velbor107: mucks hand
ELSUPREMO999 collected $29.50 from pot
*** SUMMARY ***
Total pot $30 | Rake $0.50
Board [8c 8h Td Ac Jh]
Seat 1: Velbor107 (button) (small blind) mucked
Seat 2: ELSUPREMO999 (big blind) showed [Tc 3c] and won ($29.50) with two pair, Tens and Eights


PokerStars Hand #144538712650:  Hold'em Limit ($3/$6 USD) - 2015/11/28 21:20:22 ET
Table 'Vindobona' 2-max Seat #1 is the button
Seat 1: Velbor107 ($218.95 in chips)
Seat 2: ELSUPREMO999 ($296.29 in chips)
Velbor107: posts small blind $1
ELSUPREMO999: posts big blind $3
*** HOLE CARDS ***
Velbor107: raises $3 to $6
ELSUPREMO999: calls $3
*** FLOP *** [9c Js 3c]
ELSUPREMO999: checks
Velbor107: bets $3
ELSUPREMO999: calls $3
*** TURN *** [9c Js 3c] [Kd]
ELSUPREMO999: checks
Velbor107: bets $6
ELSUPREMO999: folds
Uncalled bet ($6) returned to Velbor107
Velbor107 collected $17.64 from pot
*** SUMMARY ***
Total pot $18 | Rake $0.36
Board [9c Js 3c Kd]
Seat 1: Velbor107 (button) (small blind) collected ($17.64)
Seat 2: ELSUPREMO999 (big blind) folded on the Turn


PokerStars Hand #144538739119:  Hold'em Limit ($3/$6 USD) - 2015/11/28 21:21:20 ET
Table 'Vindobona' 2-max Seat #2 is the button
Seat 1: Velbor107 ($206.59 in chips)
Seat 2: ELSUPREMO999 ($307.55 in chips)
ELSUPREMO999: posts small blind $1
Velbor107: posts big blind $3
*** HOLE CARDS ***
ELSUPREMO999: calls $2
Velbor107: raises $3 to $6
ELSUPREMO999: calls $3
*** FLOP *** [Qc Jh Qd]
Velbor107: bets $3
ELSUPREMO999: calls $3
*** TURN *** [Qc Jh Qd] [7h]
Velbor107: bets $6
ELSUPREMO999: raises $6 to $12
Velbor107: calls $6
*** RIVER *** [Qc Jh Qd 7h] [7d]
Velbor107: checks
ELSUPREMO999: bets $6
Velbor107: calls $6
*** SHOW DOWN ***
ELSUPREMO999: shows [8s Qh] (a full house, Queens full of Sevens)
Velbor107: mucks hand
ELSUPREMO999 collected $53.50 from pot
*** SUMMARY ***
Total pot $54 | Rake $0.50
Board [Qc Jh Qd 7h 7d]
Seat 1: Velbor107 (big blind) mucked
Seat 2: ELSUPREMO999 (button) (small blind) showed [8s Qh] and won ($53.50) with a full house, Queens full of Sevens


