PokerStars Hand #159711102519:  Hold'em Limit ($3/$6 USD) - 2016/10/09 17:17:38 ET
Table 'Vinifera' 6-max Seat #1 is the button
Seat 1: Zubasa07 ($500 in chips)
Seat 5: jrisaacnet ($75.14 in chips)
Zubasa07: posts small blind $1
jrisaacnet: posts big blind $3
*** HOLE CARDS ***
Zubasa07: raises $3 to $6
jrisaacnet: calls $3
*** FLOP *** [Ah Th 9c]
jrisaacnet: checks
Zubasa07: bets $3
jrisaacnet: calls $3
*** TURN *** [Ah Th 9c] [3h]
jrisaacnet: checks
Zubasa07: bets $6
jrisaacnet: calls $6
*** RIVER *** [Ah Th 9c 3h] [4c]
jrisaacnet: checks
Zubasa07: bets $6
jrisaacnet: folds
Uncalled bet ($6) returned to Zubasa07
Zubasa07 collected $29.50 from pot
Zubasa07: doesn't show hand
*** SUMMARY ***
Total pot $30 | Rake $0.50
Board [Ah Th 9c 3h 4c]
Seat 1: Zubasa07 (button) (small blind) collected ($29.50)
Seat 5: jrisaacnet (big blind) folded on the River


PokerStars Hand #159711140754:  Hold'em Limit ($3/$6 USD) - 2016/10/09 17:18:19 ET
Table 'Vinifera' 6-max Seat #1 is the button
Seat 1: Zubasa07 ($511.50 in chips)
Seat 5: jrisaacnet ($63.14 in chips)
Zubasa07: posts small blind $1
jrisaacnet: posts big blind $3
*** HOLE CARDS ***
Zubasa07: folds
Uncalled bet ($2) returned to jrisaacnet
jrisaacnet collected $2 from pot
jrisaacnet: doesn't show hand
*** SUMMARY ***
Total pot $2 | Rake $0
Seat 1: Zubasa07 (button) (small blind) folded before Flop
Seat 5: jrisaacnet (big blind) collected ($2)


PokerStars Hand #159711132993:  Hold'em Limit ($3/$6 USD) - 2016/10/09 17:18:11 ET
Table 'Vinifera' 6-max Seat #5 is the button
Seat 1: Zubasa07 ($514.50 in chips)
Seat 5: jrisaacnet ($60.14 in chips)
jrisaacnet: posts small blind $1
Zubasa07: posts big blind $3
*** HOLE CARDS ***
jrisaacnet: raises $3 to $6
Zubasa07: folds
Uncalled bet ($3) returned to jrisaacnet
jrisaacnet collected $6 from pot
jrisaacnet: doesn't show hand
*** SUMMARY ***
Total pot $6 | Rake $0
Seat 1: Zubasa07 (big blind) folded before Flop
Seat 5: jrisaacnet (button) (small blind) collected ($6)


PokerStars Hand #159711184776:  Hold'em Limit ($3/$6 USD) - 2016/10/09 17:19:06 ET
Table 'Vinifera' 6-max Seat #1 is the button
Seat 1: Zubasa07 ($534.88 in chips)
Seat 5: jrisaacnet ($39.14 in chips)
Zubasa07: posts small blind $1
jrisaacnet: posts big blind $3
*** HOLE CARDS ***
Zubasa07: folds
Uncalled bet ($2) returned to jrisaacnet
jrisaacnet collected $2 from pot
jrisaacnet: doesn't show hand
*** SUMMARY ***
Total pot $2 | Rake $0
Seat 1: Zubasa07 (button) (small blind) folded before Flop
Seat 5: jrisaacnet (big blind) collected ($2)


PokerStars Hand #159711173450:  Hold'em Limit ($3/$6 USD) - 2016/10/09 17:18:54 ET
Table 'Vinifera' 6-max Seat #5 is the button
Seat 1: Zubasa07 ($532 in chips)
Seat 5: jrisaacnet ($42.14 in chips)
jrisaacnet: posts small blind $1
Zubasa07: posts big blind $3
*** HOLE CARDS ***
jrisaacnet: calls $2
Zubasa07: checks
*** FLOP *** [2s 7h Qh]
Zubasa07: bets $3
jrisaacnet: folds
Uncalled bet ($3) returned to Zubasa07
Zubasa07 collected $5.88 from pot
Zubasa07: doesn't show hand
*** SUMMARY ***
Total pot $6 | Rake $0.12
Board [2s 7h Qh]
Seat 1: Zubasa07 (big blind) collected ($5.88)
Seat 5: jrisaacnet (button) (small blind) folded on the Flop


PokerStars Hand #159711151024:  Hold'em Limit ($3/$6 USD) - 2016/10/09 17:18:30 ET
Table 'Vinifera' 6-max Seat #1 is the button
Seat 1: Zubasa07 ($511.50 in chips)
Seat 5: jrisaacnet ($63.14 in chips)
Zubasa07: posts small blind $1
jrisaacnet: posts big blind $3
*** HOLE CARDS ***
Zubasa07: raises $3 to $6
jrisaacnet: calls $3
*** FLOP *** [Ts Jc 4s]
jrisaacnet: bets $3
Zubasa07: calls $3
*** TURN *** [Ts Jc 4s] [6s]
jrisaacnet: bets $6
Zubasa07: calls $6
*** RIVER *** [Ts Jc 4s 6s] [9d]
jrisaacnet: bets $6
Zubasa07: raises $6 to $12
jrisaacnet: folds
Uncalled bet ($6) returned to Zubasa07
Zubasa07 collected $41.50 from pot
Zubasa07: doesn't show hand
*** SUMMARY ***
Total pot $42 | Rake $0.50
Board [Ts Jc 4s 6s 9d]
Seat 1: Zubasa07 (button) (small blind) collected ($41.50)
Seat 5: jrisaacnet (big blind) folded on the River


PokerStars Hand #159711145216:  Hold'em Limit ($3/$6 USD) - 2016/10/09 17:18:24 ET
Table 'Vinifera' 6-max Seat #5 is the button
Seat 1: Zubasa07 ($510.50 in chips)
Seat 5: jrisaacnet ($64.14 in chips)
jrisaacnet: posts small blind $1
Zubasa07: posts big blind $3
*** HOLE CARDS ***
jrisaacnet: folds
Uncalled bet ($2) returned to Zubasa07
Zubasa07 collected $2 from pot
Zubasa07: doesn't show hand
*** SUMMARY ***
Total pot $2 | Rake $0
Seat 1: Zubasa07 (big blind) collected ($2)
Seat 5: jrisaacnet (button) (small blind) folded before Flop


PokerStars Hand #159711216148:  Hold'em Limit ($3/$6 USD) - 2016/10/09 17:19:40 ET
Table 'Vinifera' 6-max Seat #1 is the button
Seat 1: Zubasa07 ($542.52 in chips)
Seat 5: jrisaacnet ($31.14 in chips)
Zubasa07: posts small blind $1
jrisaacnet: posts big blind $3
*** HOLE CARDS ***
Zubasa07: raises $3 to $6
jrisaacnet: calls $3
*** FLOP *** [Kc Qs 4d]
jrisaacnet: checks
Zubasa07: checks
*** TURN *** [Kc Qs 4d] [6d]
jrisaacnet: bets $6
Zubasa07: calls $6
*** RIVER *** [Kc Qs 4d 6d] [9d]
jrisaacnet: bets $6
Zubasa07: calls $6
*** SHOW DOWN ***
jrisaacnet: shows [6s 8c] (a pair of Sixes)
Zubasa07: shows [Qc 2s] (a pair of Queens)
Zubasa07 collected $35.50 from pot
*** SUMMARY ***
Total pot $36 | Rake $0.50
Board [Kc Qs 4d 6d 9d]
Seat 1: Zubasa07 (button) (small blind) showed [Qc 2s] and won ($35.50) with a pair of Queens
Seat 5: jrisaacnet (big blind) showed [6s 8c] and lost with a pair of Sixes


PokerStars Hand #159711189839:  Hold'em Limit ($3/$6 USD) - 2016/10/09 17:19:12 ET
Table 'Vinifera' 6-max Seat #5 is the button
Seat 1: Zubasa07 ($533.88 in chips)
Seat 5: jrisaacnet ($40.14 in chips)
jrisaacnet: posts small blind $1
Zubasa07: posts big blind $3
*** HOLE CARDS ***
jrisaacnet: raises $3 to $6
Zubasa07: calls $3
*** FLOP *** [Jd Qc 9d]
Zubasa07: checks
jrisaacnet: bets $3
Zubasa07: raises $3 to $6
jrisaacnet: folds
Uncalled bet ($3) returned to Zubasa07
Zubasa07 collected $17.64 from pot
Zubasa07: doesn't show hand
*** SUMMARY ***
Total pot $18 | Rake $0.36
Board [Jd Qc 9d]
Seat 1: Zubasa07 (big blind) collected ($17.64)
Seat 5: jrisaacnet (button) (small blind) folded on the Flop


PokerStars Hand #159711292838:  Hold'em Limit ($3/$6 USD) - 2016/10/09 17:21:04 ET
Table 'Vinifera' 6-max Seat #5 is the button
Seat 1: Zubasa07 ($555.52 in chips)
Seat 5: jrisaacnet ($16.78 in chips)
jrisaacnet: posts small blind $1
Zubasa07: posts big blind $3
*** HOLE CARDS ***
jrisaacnet: calls $2
Zubasa07: raises $3 to $6
jrisaacnet: raises $3 to $9
Zubasa07: raises $3 to $12
Betting is capped
jrisaacnet: calls $3
*** FLOP *** [Jc 5d 2h]
Zubasa07: bets $3
jrisaacnet: raises $1.78 to $4.78 and is all-in
Zubasa07: calls $1.78
*** TURN *** [Jc 5d 2h] [6h]
*** RIVER *** [Jc 5d 2h 6h] [2d]
*** SHOW DOWN ***
Zubasa07: shows [5s 5c] (a full house, Fives full of Deuces)
jrisaacnet: shows [Js Kh] (two pair, Jacks and Deuces)
Zubasa07 collected $33.06 from pot
*** SUMMARY ***
Total pot $33.56 | Rake $0.50
Board [Jc 5d 2h 6h 2d]
Seat 1: Zubasa07 (big blind) showed [5s 5c] and won ($33.06) with a full house, Fives full of Deuces
Seat 5: jrisaacnet (button) (small blind) showed [Js Kh] and lost with two pair, Jacks and Deuces


PokerStars Hand #159711274449:  Hold'em Limit ($3/$6 USD) - 2016/10/09 17:20:44 ET
Table 'Vinifera' 6-max Seat #1 is the button
Seat 1: Zubasa07 ($546.88 in chips)
Seat 5: jrisaacnet ($25.78 in chips)
Zubasa07: posts small blind $1
jrisaacnet: posts big blind $3
*** HOLE CARDS ***
Zubasa07: raises $3 to $6
jrisaacnet: calls $3
*** FLOP *** [4h 9h Th]
jrisaacnet: checks
Zubasa07: bets $3
jrisaacnet: calls $3
*** TURN *** [4h 9h Th] [Kd]
jrisaacnet: checks
Zubasa07: bets $6
jrisaacnet: folds
Uncalled bet ($6) returned to Zubasa07
Zubasa07 collected $17.64 from pot
Zubasa07: doesn't show hand
*** SUMMARY ***
Total pot $18 | Rake $0.36
Board [4h 9h Th Kd]
Seat 1: Zubasa07 (button) (small blind) collected ($17.64)
Seat 5: jrisaacnet (big blind) folded on the Turn


