PokerStars Hand #153792565812:  Hold'em Limit ($3/$6 USD) - 2016/05/24 16:44:51 ET
Table 'Vinifera II' 6-max Seat #4 is the button
Seat 3: igmade ($119 in chips)
Seat 4: Actionni13 ($151 in chips)
Actionni13: posts small blind $1
igmade: posts big blind $3
*** HOLE CARDS ***
tomte999 joins the table at seat #5
Actionni13: raises $3 to $6
igmade: calls $3
*** FLOP *** [Td 8c 4d]
igmade: checks
Actionni13: bets $3
igmade: calls $3
*** TURN *** [Td 8c 4d] [3c]
igmade: checks
Actionni13: bets $6
igmade: calls $6
*** RIVER *** [Td 8c 4d 3c] [9h]
igmade: checks
Actionni13: checks
*** SHOW DOWN ***
igmade: shows [9s 7h] (a pair of Nines)
Actionni13: mucks hand
igmade collected $29.50 from pot
*** SUMMARY ***
Total pot $30 | Rake $0.50
Board [Td 8c 4d 3c 9h]
Seat 3: igmade (big blind) showed [9s 7h] and won ($29.50) with a pair of Nines
Seat 4: Actionni13 (button) (small blind) mucked


PokerStars Hand #153792598703:  Hold'em Limit ($3/$6 USD) - 2016/05/24 16:45:28 ET
Table 'Vinifera II' 6-max Seat #3 is the button
Seat 3: igmade ($133.50 in chips)
Seat 4: Actionni13 ($150 in chips)
igmade: posts small blind $1
Actionni13: posts big blind $3
*** HOLE CARDS ***
igmade: raises $3 to $6
Actionni13: calls $3
*** FLOP *** [Jh 9d 3s]
Actionni13: checks
igmade: bets $3
Actionni13: raises $3 to $6
igmade: calls $3
*** TURN *** [Jh 9d 3s] [4s]
Actionni13: bets $6
igmade: calls $6
*** RIVER *** [Jh 9d 3s 4s] [4h]
Actionni13: bets $6
igmade: raises $6 to $12
Actionni13: calls $6
*** SHOW DOWN ***
igmade: shows [As 4c] (three of a kind, Fours)
Actionni13: mucks hand
igmade collected $59.50 from pot
*** SUMMARY ***
Total pot $60 | Rake $0.50
Board [Jh 9d 3s 4s 4h]
Seat 3: igmade (button) (small blind) showed [As 4c] and won ($59.50) with three of a kind, Fours
Seat 4: Actionni13 (big blind) mucked


PokerStars Hand #153796485056:  Hold'em Limit ($3/$6 USD) - 2016/05/24 18:00:25 ET
Table 'Vinifera II' 6-max Seat #4 is the button
Seat 3: igmade ($251.84 in chips)
Seat 4: Velbor107 ($169.94 in chips)
Velbor107: posts small blind $1
ValeryRon: is sitting out
vestimokrec: is sitting out
igmade: posts big blind $3
*** HOLE CARDS ***
Velbor107: raises $3 to $6
igmade: raises $3 to $9
Velbor107: calls $3
*** FLOP *** [Ah 3h 3c]
vestimokrec leaves the table
igmade: bets $3
Velbor107: folds
Uncalled bet ($3) returned to igmade
igmade collected $17.64 from pot
igmade: doesn't show hand
*** SUMMARY ***
Total pot $18 | Rake $0.36
Board [Ah 3h 3c]
Seat 3: igmade (big blind) collected ($17.64)
Seat 4: Velbor107 (button) (small blind) folded on the Flop


PokerStars Hand #153796498145:  Hold'em Limit ($3/$6 USD) - 2016/05/24 18:00:44 ET
Table 'Vinifera II' 6-max Seat #4 is the button
Seat 3: igmade ($266.24 in chips)
Seat 4: Velbor107 ($154.94 in chips)
Velbor107: posts small blind $1
igmade: posts big blind $3
*** HOLE CARDS ***
Velbor107: folds
Uncalled bet ($2) returned to igmade
igmade collected $2 from pot
igmade: doesn't show hand
*** SUMMARY ***
Total pot $2 | Rake $0
Seat 3: igmade (big blind) collected ($2)
Seat 4: Velbor107 (button) (small blind) folded before Flop


PokerStars Hand #153796491690:  Hold'em Limit ($3/$6 USD) - 2016/05/24 18:00:35 ET
Table 'Vinifera II' 6-max Seat #3 is the button
Seat 3: igmade ($260.48 in chips)
Seat 4: Velbor107 ($160.94 in chips)
igmade: posts small blind $1
Velbor107: posts big blind $3
*** HOLE CARDS ***
igmade: raises $3 to $6
Velbor107: calls $3
*** FLOP *** [Ah Qc Kd]
Velbor107: checks
igmade: bets $3
Velbor107: folds
Uncalled bet ($3) returned to igmade
igmade collected $11.76 from pot
igmade: doesn't show hand
*** SUMMARY ***
Total pot $12 | Rake $0.24
Board [Ah Qc Kd]
Seat 3: igmade (button) (small blind) collected ($11.76)
Seat 4: Velbor107 (big blind) folded on the Flop


PokerStars Hand #153796501618:  Hold'em Limit ($3/$6 USD) - 2016/05/24 18:00:49 ET
Table 'Vinifera II' 6-max Seat #3 is the button
Seat 3: igmade ($267.24 in chips)
Seat 4: Velbor107 ($153.94 in chips)
igmade: posts small blind $1
Velbor107: posts big blind $3
*** HOLE CARDS ***
ValeryRon leaves the table
igmade: raises $3 to $6
Velbor107: folds
Uncalled bet ($3) returned to igmade
ThePredator9 joins the table at seat #2
igmade collected $6 from pot
igmade: doesn't show hand
*** SUMMARY ***
Total pot $6 | Rake $0
Seat 3: igmade (button) (small blind) collected ($6)
Seat 4: Velbor107 (big blind) folded before Flop


PokerStars Hand #153797115021:  Hold'em Limit ($3/$6 USD) - 2016/05/24 18:14:08 ET
Table 'Vinifera II' 6-max Seat #2 is the button
Seat 2: ThePredator9 ($221.35 in chips)
Seat 6: Kikken ($114.52 in chips)
ThePredator9: posts small blind $1
Kikken: posts big blind $3
*** HOLE CARDS ***
ThePredator9: folds
Uncalled bet ($2) returned to Kikken
Kikken collected $2 from pot
Kikken: doesn't show hand
*** SUMMARY ***
Total pot $2 | Rake $0
Seat 2: ThePredator9 (button) (small blind) folded before Flop
Seat 6: Kikken (big blind) collected ($2)


PokerStars Hand #153797110952:  Hold'em Limit ($3/$6 USD) - 2016/05/24 18:14:03 ET
Table 'Vinifera II' 6-max Seat #6 is the button
Seat 2: ThePredator9 ($220.35 in chips)
Seat 6: Kikken ($115.52 in chips)
Kikken: posts small blind $1
ThePredator9: posts big blind $3
*** HOLE CARDS ***
Kikken: folds
Uncalled bet ($2) returned to ThePredator9
ThePredator9 collected $2 from pot
ThePredator9: doesn't show hand
*** SUMMARY ***
Total pot $2 | Rake $0
Seat 2: ThePredator9 (big blind) collected ($2)
Seat 6: Kikken (button) (small blind) folded before Flop


PokerStars Hand #153797107336:  Hold'em Limit ($3/$6 USD) - 2016/05/24 18:13:58 ET
Table 'Vinifera II' 6-max Seat #2 is the button
Seat 2: ThePredator9 ($221.35 in chips)
Seat 6: Kikken ($114.52 in chips)
ThePredator9: posts small blind $1
Kikken: posts big blind $3
*** HOLE CARDS ***
ThePredator9: folds
Uncalled bet ($2) returned to Kikken
Kikken collected $2 from pot
Kikken: doesn't show hand
*** SUMMARY ***
Total pot $2 | Rake $0
Seat 2: ThePredator9 (button) (small blind) folded before Flop
Seat 6: Kikken (big blind) collected ($2)


PokerStars Hand #153797118535:  Hold'em Limit ($3/$6 USD) - 2016/05/24 18:14:13 ET
Table 'Vinifera II' 6-max Seat #6 is the button
Seat 2: ThePredator9 ($220.35 in chips)
Seat 6: Kikken ($115.52 in chips)
Kikken: posts small blind $1
ThePredator9: posts big blind $3
*** HOLE CARDS ***
Kikken: raises $3 to $6
ThePredator9: calls $3
*** FLOP *** [As Td 5s]
ThePredator9: checks
Kikken: bets $3
ThePredator9: calls $3
*** TURN *** [As Td 5s] [Kh]
ThePredator9: checks
Kikken: bets $6
ThePredator9: folds
Uncalled bet ($6) returned to Kikken
Kikken collected $17.64 from pot
Kikken: doesn't show hand
*** SUMMARY ***
Total pot $18 | Rake $0.36
Board [As Td 5s Kh]
Seat 2: ThePredator9 (big blind) folded on the Turn
Seat 6: Kikken (button) (small blind) collected ($17.64)


PokerStars Hand #153797134067:  Hold'em Limit ($3/$6 USD) - 2016/05/24 18:14:34 ET
Table 'Vinifera II' 6-max Seat #2 is the button
Seat 2: ThePredator9 ($211.35 in chips)
Seat 6: Kikken ($124.16 in chips)
ThePredator9: posts small blind $1
Kikken: posts big blind $3
*** HOLE CARDS ***
ThePredator9: raises $3 to $6
Kikken: calls $3
*** FLOP *** [Jc Ts 4c]
Kikken: checks
ThePredator9: bets $3
Kikken: folds
Uncalled bet ($3) returned to ThePredator9
ThePredator9 collected $11.76 from pot
ThePredator9: doesn't show hand
Big_M joins the table at seat #3
*** SUMMARY ***
Total pot $12 | Rake $0.24
Board [Jc Ts 4c]
Seat 2: ThePredator9 (button) (small blind) collected ($11.76)
Seat 6: Kikken (big blind) folded on the Flop


PokerStars Hand #153797141695:  Hold'em Limit ($3/$6 USD) - 2016/05/24 18:14:44 ET
Table 'Vinifera II' 6-max Seat #6 is the button
Seat 2: ThePredator9 ($217.11 in chips)
Seat 6: Kikken ($118.16 in chips)
Kikken: posts small blind $1
ThePredator9: posts big blind $3
*** HOLE CARDS ***
Kikken: folds
Uncalled bet ($2) returned to ThePredator9
ThePredator9 collected $2 from pot
ThePredator9: doesn't show hand
*** SUMMARY ***
Total pot $2 | Rake $0
Seat 2: ThePredator9 (big blind) collected ($2)
Seat 6: Kikken (button) (small blind) folded before Flop


PokerStars Hand #153798515064:  Hold'em Limit ($3/$6 USD) - 2016/05/24 18:46:03 ET
Table 'Vinifera II' 6-max Seat #3 is the button
Seat 3: xcgxcg2005 ($85.61 in chips)
Seat 4: Actionni13 ($150 in chips)
xcgxcg2005: posts small blind $1
Actionni13: posts big blind $3
*** HOLE CARDS ***
xcgxcg2005: raises $3 to $6
Actionni13: calls $3
*** FLOP *** [9h 3d Jc]
Actionni13: checks
xcgxcg2005: bets $3
diogo123pim leaves the table
Actionni13: calls $3
*** TURN *** [9h 3d Jc] [8c]
Actionni13: checks
xcgxcg2005: checks
*** RIVER *** [9h 3d Jc 8c] [4h]
Actionni13: bets $6
xcgxcg2005: calls $6
*** SHOW DOWN ***
Actionni13: shows [Qh 8h] (a pair of Eights)
xcgxcg2005: mucks hand
Actionni13 collected $29.50 from pot
*** SUMMARY ***
Total pot $30 | Rake $0.50
Board [9h 3d Jc 8c 4h]
Seat 3: xcgxcg2005 (button) (small blind) mucked
Seat 4: Actionni13 (big blind) showed [Qh 8h] and won ($29.50) with a pair of Eights


PokerStars Hand #153798736177:  Hold'em Limit ($3/$6 USD) - 2016/05/24 18:51:31 ET
Table 'Vinifera II' 6-max Seat #1 is the button
Seat 1: 123ok ($108 in chips)
Seat 4: Actionni13 ($176.02 in chips)
123ok: posts small blind $1
Actionni13: posts big blind $3
*** HOLE CARDS ***
123ok: calls $2
Actionni13: checks
*** FLOP *** [8h Ac Jd]
vestimokrec joins the table at seat #2
Actionni13: checks
123ok: bets $3
Actionni13: folds
Uncalled bet ($3) returned to 123ok
123ok collected $5.88 from pot
*** SUMMARY ***
Total pot $6 | Rake $0.12
Board [8h Ac Jd]
Seat 1: 123ok (button) (small blind) collected ($5.88)
Seat 4: Actionni13 (big blind) folded on the Flop


PokerStars Hand #153798720769:  Hold'em Limit ($3/$6 USD) - 2016/05/24 18:51:08 ET
Table 'Vinifera II' 6-max Seat #4 is the button
Seat 1: 123ok ($120 in chips)
Seat 4: Actionni13 ($164.50 in chips)
Actionni13: posts small blind $1
123ok: posts big blind $3
*** HOLE CARDS ***
Actionni13: raises $3 to $6
123ok: calls $3
*** FLOP *** [3h 8c Jh]
123ok: checks
Actionni13: checks
*** TURN *** [3h 8c Jh] [7d]
123ok: checks
Actionni13: checks
*** RIVER *** [3h 8c Jh 7d] [5c]
123ok: checks
Actionni13: bets $6
123ok: calls $6
*** SHOW DOWN ***
Actionni13: shows [Qs 5d] (a pair of Fives)
123ok: mucks hand
Actionni13 collected $23.52 from pot
*** SUMMARY ***
Total pot $24 | Rake $0.48
Board [3h 8c Jh 7d 5c]
Seat 1: 123ok (big blind) mucked
Seat 4: Actionni13 (button) (small blind) showed [Qs 5d] and won ($23.52) with a pair of Fives


PokerStars Hand #153798795808:  Hold'em Limit ($3/$6 USD) - 2016/05/24 18:52:59 ET
Table 'Vinifera II' 6-max Seat #1 is the button
Seat 1: 123ok ($119.28 in chips)
Seat 4: Actionni13 ($163.78 in chips)
123ok: posts small blind $1
Actionni13: posts big blind $3
*** HOLE CARDS ***
123ok: folds
Uncalled bet ($2) returned to Actionni13
Actionni13 collected $2 from pot
Actionni13: doesn't show hand
*** SUMMARY ***
Total pot $2 | Rake $0
Seat 1: 123ok (button) (small blind) folded before Flop
Seat 4: Actionni13 (big blind) collected ($2)


PokerStars Hand #153798778866:  Hold'em Limit ($3/$6 USD) - 2016/05/24 18:52:34 ET
Table 'Vinifera II' 6-max Seat #4 is the button
Seat 1: 123ok ($125.28 in chips)
Seat 4: Actionni13 ($158.02 in chips)
Actionni13: posts small blind $1
123ok: posts big blind $3
*** HOLE CARDS ***
Actionni13: raises $3 to $6
123ok: calls $3
*** FLOP *** [Th Kh Ts]
123ok: checks
Actionni13: bets $3
123ok: folds
Uncalled bet ($3) returned to Actionni13
Actionni13 collected $11.76 from pot
Actionni13: doesn't show hand
*** SUMMARY ***
Total pot $12 | Rake $0.24
Board [Th Kh Ts]
Seat 1: 123ok (big blind) folded on the Flop
Seat 4: Actionni13 (button) (small blind) collected ($11.76)


PokerStars Hand #153798769327:  Hold'em Limit ($3/$6 USD) - 2016/05/24 18:52:20 ET
Table 'Vinifera II' 6-max Seat #1 is the button
Seat 1: 123ok ($122.40 in chips)
Seat 4: Actionni13 ($161.02 in chips)
123ok: posts small blind $1
Actionni13: posts big blind $3
*** HOLE CARDS ***
123ok: calls $2
Actionni13: checks
*** FLOP *** [Ac 9h Tc]
Actionni13: checks
123ok: bets $3
Actionni13: folds
Uncalled bet ($3) returned to 123ok
123ok collected $5.88 from pot
*** SUMMARY ***
Total pot $6 | Rake $0.12
Board [Ac 9h Tc]
Seat 1: 123ok (button) (small blind) collected ($5.88)
Seat 4: Actionni13 (big blind) folded on the Flop


PokerStars Hand #153798746141:  Hold'em Limit ($3/$6 USD) - 2016/05/24 18:51:45 ET
Table 'Vinifera II' 6-max Seat #4 is the button
Seat 1: 123ok ($110.88 in chips)
Seat 4: Actionni13 ($173.02 in chips)
Actionni13: posts small blind $1
123ok: posts big blind $3
*** HOLE CARDS ***
Actionni13: raises $3 to $6
123ok: calls $3
*** FLOP *** [6d Td 5s]
123ok: checks
Actionni13: bets $3
123ok: raises $3 to $6
Actionni13: calls $3
*** TURN *** [6d Td 5s] [2d]
123ok: bets $6
Actionni13: folds
Uncalled bet ($6) returned to 123ok
123ok collected $23.52 from pot
*** SUMMARY ***
Total pot $24 | Rake $0.48
Board [6d Td 5s 2d]
Seat 1: 123ok (big blind) collected ($23.52)
Seat 4: Actionni13 (button) (small blind) folded on the Turn


PokerStars Hand #153798799200:  Hold'em Limit ($3/$6 USD) - 2016/05/24 18:53:04 ET
Table 'Vinifera II' 6-max Seat #4 is the button
Seat 1: 123ok ($118.28 in chips)
Seat 4: Actionni13 ($164.78 in chips)
Actionni13: posts small blind $1
123ok: posts big blind $3
*** HOLE CARDS ***
Actionni13: raises $3 to $6
123ok: calls $3
*** FLOP *** [Ks 2c 7d]
123ok: checks
Actionni13: bets $3
123ok: calls $3
*** TURN *** [Ks 2c 7d] [9c]
123ok: checks
Actionni13: checks
*** RIVER *** [Ks 2c 7d 9c] [Qs]
123ok: checks
Actionni13: checks
*** SHOW DOWN ***
123ok: shows [Qc 8d] (a pair of Queens)
Actionni13: mucks hand
123ok collected $17.64 from pot
*** SUMMARY ***
Total pot $18 | Rake $0.36
Board [Ks 2c 7d 9c Qs]
Seat 1: 123ok (big blind) showed [Qc 8d] and won ($17.64) with a pair of Queens
Seat 4: Actionni13 (button) (small blind) mucked


