PokerStars Hand #149161896000:  Hold'em Limit ($3/$6 USD) - 2016/02/21 3:47:25 ET
Table 'Viola' 6-max Seat #3 is the button
Seat 3: Andredias950 ($108 in chips)
Seat 4: Agrotait ($83.64 in chips)
Andredias950: posts small blind $1
Agrotait: posts big blind $3
*** HOLE CARDS ***
Andredias950: folds
Uncalled bet ($2) returned to Agrotait
Agrotait collected $2 from pot
Agrotait: doesn't show hand
*** SUMMARY ***
Total pot $2 | Rake $0
Seat 3: Andredias950 (button) (small blind) folded before Flop
Seat 4: Agrotait (big blind) collected ($2)


PokerStars Hand #149161893295:  Hold'em Limit ($3/$6 USD) - 2016/02/21 3:47:19 ET
Table 'Viola' 6-max Seat #4 is the button
Seat 3: Andredias950 ($111 in chips)
Seat 4: Agrotait ($80.64 in chips)
Agrotait: posts small blind $1
Andredias950: posts big blind $3
*** HOLE CARDS ***
RockKillerTY joins the table at seat #5
Agrotait: raises $3 to $6
Andredias950: folds
Uncalled bet ($3) returned to Agrotait
Agrotait collected $6 from pot
Agrotait: doesn't show hand
*** SUMMARY ***
Total pot $6 | Rake $0
Seat 3: Andredias950 (big blind) folded before Flop
Seat 4: Agrotait (button) (small blind) collected ($6)


PokerStars Hand #149161863711:  Hold'em Limit ($3/$6 USD) - 2016/02/21 3:46:09 ET
Table 'Viola' 6-max Seat #3 is the button
Seat 3: Andredias950 ($120 in chips)
Seat 4: Agrotait ($72 in chips)
Andredias950: posts small blind $1
Agrotait: posts big blind $3
*** HOLE CARDS ***
Andredias950: raises $3 to $6
Agrotait: calls $3
*** FLOP *** [Ts 3c 2h]
Agrotait: checks
Andredias950: bets $3
Agrotait: calls $3
*** TURN *** [Ts 3c 2h] [4d]
Agrotait: checks
Andredias950: checks
*** RIVER *** [Ts 3c 2h 4d] [6d]
Agrotait: checks
Andredias950: checks
*** SHOW DOWN ***
Agrotait: shows [As 6h] (a pair of Sixes)
Andredias950: mucks hand
Agrotait collected $17.64 from pot
*** SUMMARY ***
Total pot $18 | Rake $0.36
Board [Ts 3c 2h 4d 6d]
Seat 3: Andredias950 (button) (small blind) mucked
Seat 4: Agrotait (big blind) showed [As 6h] and won ($17.64) with a pair of Sixes


PokerStars Hand #149163885482:  Hold'em Limit ($3/$6 USD) - 2016/02/21 4:56:42 ET
Table 'Viola' 6-max Seat #1 is the button
Seat 1: Harry River ($280.93 in chips)
Seat 6: jazh0le ($106.48 in chips)
Harry River: posts small blind $1
Kajind: is sitting out
Andredias950: is sitting out
RockKillerTY: is sitting out
jazh0le: posts big blind $3
*** HOLE CARDS ***
Kajind leaves the table
kolaz03 joins the table at seat #2
Harry River: calls $2
jazh0le: raises $3 to $6
Andredias950 leaves the table
Harry River: calls $3
*** FLOP *** [Ks 4h 5s]
jazh0le: bets $3
Harry River: calls $3
*** TURN *** [Ks 4h 5s] [2h]
Big Wints joins the table at seat #3
jazh0le: bets $6
Harry River: raises $6 to $12
jazh0le: calls $6
*** RIVER *** [Ks 4h 5s 2h] [Qh]
jazh0le: checks
Harry River: bets $6
jazh0le: raises $6 to $12
Harry River: calls $6
*** SHOW DOWN ***
jazh0le: shows [Ah 7h] (a flush, Ace high)
Harry River: mucks hand
jazh0le collected $65.50 from pot
*** SUMMARY ***
Total pot $66 | Rake $0.50
Board [Ks 4h 5s 2h Qh]
Seat 1: Harry River (button) (small blind) mucked
Seat 6: jazh0le (big blind) showed [Ah 7h] and won ($65.50) with a flush, Ace high


PokerStars Hand #149163911617:  Hold'em Limit ($3/$6 USD) - 2016/02/21 4:57:36 ET
Table 'Viola' 6-max Seat #6 is the button
Seat 1: Harry River ($247.93 in chips)
Seat 6: jazh0le ($138.98 in chips)
jazh0le: posts small blind $1
Harry River: posts big blind $3
*** HOLE CARDS ***
RockKillerTY leaves the table
jazh0le: raises $3 to $6
Harry River: folds
Uncalled bet ($3) returned to jazh0le
jazh0le collected $6 from pot
*** SUMMARY ***
Total pot $6 | Rake $0
Seat 1: Harry River (big blind) folded before Flop
Seat 6: jazh0le (button) (small blind) collected ($6)


PokerStars Hand #149163985325:  Hold'em Limit ($3/$6 USD) - 2016/02/21 4:59:44 ET
Table 'Viola' 6-max Seat #3 is the button
Seat 2: kolaz03 ($74.43 in chips)
Seat 3: Big Wints ($93.57 in chips)
Big Wints: posts small blind $1
Harry River: is sitting out
kolaz03: posts big blind $3
*** HOLE CARDS ***
Big Wints: raises $3 to $6
kolaz03: calls $3
*** FLOP *** [7d 2d 9d]
Harry River leaves the table
kolaz03: checks
Big Wints: bets $3
kolaz03: raises $3 to $6
Big Wints: calls $3
*** TURN *** [7d 2d 9d] [5s]
kolaz03: bets $6
Big Wints: folds
Uncalled bet ($6) returned to kolaz03
kolaz03 collected $23.52 from pot
kolaz03: doesn't show hand
*** SUMMARY ***
Total pot $24 | Rake $0.48
Board [7d 2d 9d 5s]
Seat 2: kolaz03 (big blind) collected ($23.52)
Seat 3: Big Wints (button) (small blind) folded on the Turn


