PokerStars Hand #169744673147:  Hold'em Limit ($3/$6 USD) - 2017/04/29 22:56:06 ET
Table 'Viola' 6-max Seat #3 is the button
Seat 3: shampBTgogo ($27 in chips)
Seat 5: RaisemyNut$ ($416.97 in chips)
shampBTgogo: posts small blind $1
RaisemyNut$: posts big blind $3
*** HOLE CARDS ***
shampBTgogo: folds
Uncalled bet ($2) returned to RaisemyNut$
RaisemyNut$ collected $2 from pot
RaisemyNut$: doesn't show hand
*** SUMMARY ***
Total pot $2 | Rake $0
Seat 3: shampBTgogo (button) (small blind) folded before Flop
Seat 5: RaisemyNut$ (big blind) collected ($2)


PokerStars Hand #169744669767:  Hold'em Limit ($3/$6 USD) - 2017/04/29 22:55:54 ET
Table 'Viola' 6-max Seat #5 is the button
Seat 3: shampBTgogo ($30 in chips)
Seat 5: RaisemyNut$ ($413.97 in chips)
RaisemyNut$: posts small blind $1
shampBTgogo: posts big blind $3
*** HOLE CARDS ***
RaisemyNut$: raises $3 to $6
shampBTgogo: folds
Uncalled bet ($3) returned to RaisemyNut$
RaisemyNut$ collected $6 from pot
RaisemyNut$: doesn't show hand
*** SUMMARY ***
Total pot $6 | Rake $0
Seat 3: shampBTgogo (big blind) folded before Flop
Seat 5: RaisemyNut$ (button) (small blind) collected ($6)


PokerStars Hand #169744664980:  Hold'em Limit ($3/$6 USD) - 2017/04/29 22:55:38 ET
Table 'Viola' 6-max Seat #1 is the button
Seat 1: kiwi/mike ($217.17 in chips)
Seat 5: RaisemyNut$ ($412.97 in chips)
kiwi/mike: posts small blind $1
RaisemyNut$: posts big blind $3
*** HOLE CARDS ***
kiwi/mike: folds
Uncalled bet ($2) returned to RaisemyNut$
RaisemyNut$ collected $2 from pot
RaisemyNut$: doesn't show hand
*** SUMMARY ***
Total pot $2 | Rake $0
Seat 1: kiwi/mike (button) (small blind) folded before Flop
Seat 5: RaisemyNut$ (big blind) collected ($2)


PokerStars Hand #169744674643:  Hold'em Limit ($3/$6 USD) - 2017/04/29 22:56:10 ET
Table 'Viola' 6-max Seat #5 is the button
Seat 3: shampBTgogo ($26 in chips)
Seat 5: RaisemyNut$ ($417.97 in chips)
RaisemyNut$: posts small blind $1
shampBTgogo: posts big blind $3
*** HOLE CARDS ***
RaisemyNut$: raises $3 to $6
shampBTgogo: calls $3
*** FLOP *** [Qc Js Ad]
shampBTgogo: checks
RaisemyNut$: bets $3
shampBTgogo: calls $3
*** TURN *** [Qc Js Ad] [5h]
shampBTgogo: checks
RaisemyNut$: bets $6
shampBTgogo: calls $6
*** RIVER *** [Qc Js Ad 5h] [Kc]
shampBTgogo: checks
RaisemyNut$: bets $6
shampBTgogo: calls $6
*** SHOW DOWN ***
RaisemyNut$: shows [Tc 8s] (a straight, Ten to Ace)
shampBTgogo: mucks hand
RaisemyNut$ collected $41.50 from pot
*** SUMMARY ***
Total pot $42 | Rake $0.50
Board [Qc Js Ad 5h Kc]
Seat 3: shampBTgogo (big blind) mucked
Seat 5: RaisemyNut$ (button) (small blind) showed [Tc 8s] and won ($41.50) with a straight, Ten to Ace


PokerStars Hand #169744684194:  Hold'em Limit ($3/$6 USD) - 2017/04/29 22:56:42 ET
Table 'Viola' 6-max Seat #3 is the button
Seat 3: shampBTgogo ($5 in chips)
Seat 5: RaisemyNut$ ($438.47 in chips)
shampBTgogo: posts small blind $1
RaisemyNut$: posts big blind $3
*** HOLE CARDS ***
shampBTgogo: calls $2
RaisemyNut$: raises $3 to $6
shampBTgogo: calls $2 and is all-in
Uncalled bet ($1) returned to RaisemyNut$
*** FLOP *** [2d 4s 8h]
*** TURN *** [2d 4s 8h] [9d]
*** RIVER *** [2d 4s 8h 9d] [2c]
*** SHOW DOWN ***
RaisemyNut$: shows [As 2h] (three of a kind, Deuces)
shampBTgogo: shows [5s 3s] (a pair of Deuces)
RaisemyNut$ collected $9.80 from pot
*** SUMMARY ***
Total pot $10 | Rake $0.20
Board [2d 4s 8h 9d 2c]
Seat 3: shampBTgogo (button) (small blind) showed [5s 3s] and lost with a pair of Deuces
Seat 5: RaisemyNut$ (big blind) showed [As 2h] and won ($9.80) with three of a kind, Deuces


PokerStars Hand #169744776198:  Hold'em Limit ($3/$6 USD) - 2017/04/29 23:01:44 ET
Table 'Viola' 6-max Seat #6 is the button
Seat 5: RaisemyNut$ ($434.27 in chips)
Seat 6: Humtum81 ($38.64 in chips)
Humtum81: posts small blind $1
RaisemyNut$: posts big blind $3
*** HOLE CARDS ***
Humtum81: raises $3 to $6
RaisemyNut$: folds
Uncalled bet ($3) returned to Humtum81
Humtum81 collected $6 from pot
Humtum81: doesn't show hand
*** SUMMARY ***
Total pot $6 | Rake $0
Seat 5: RaisemyNut$ (big blind) folded before Flop
Seat 6: Humtum81 (button) (small blind) collected ($6)


PokerStars Hand #169744773996:  Hold'em Limit ($3/$6 USD) - 2017/04/29 23:01:38 ET
Table 'Viola' 6-max Seat #5 is the button
Seat 5: RaisemyNut$ ($435.27 in chips)
Seat 6: Humtum81 ($37.64 in chips)
RaisemyNut$: posts small blind $1
Humtum81: posts big blind $3
*** HOLE CARDS ***
RaisemyNut$: folds
Uncalled bet ($2) returned to Humtum81
Humtum81 collected $2 from pot
Humtum81: doesn't show hand
*** SUMMARY ***
Total pot $2 | Rake $0
Seat 5: RaisemyNut$ (button) (small blind) folded before Flop
Seat 6: Humtum81 (big blind) collected ($2)


PokerStars Hand #169744771861:  Hold'em Limit ($3/$6 USD) - 2017/04/29 23:01:31 ET
Table 'Viola' 6-max Seat #6 is the button
Seat 5: RaisemyNut$ ($434.27 in chips)
Seat 6: Humtum81 ($38.64 in chips)
Humtum81: posts small blind $1
RaisemyNut$: posts big blind $3
*** HOLE CARDS ***
Humtum81: folds
Uncalled bet ($2) returned to RaisemyNut$
RaisemyNut$ collected $2 from pot
RaisemyNut$: doesn't show hand
*** SUMMARY ***
Total pot $2 | Rake $0
Seat 5: RaisemyNut$ (big blind) collected ($2)
Seat 6: Humtum81 (button) (small blind) folded before Flop


