PokerStars Hand #160243528224:  Hold'em Limit ($3/$6 USD) - 2016/10/21 14:22:06 ET
Table 'Virginia' 6-max Seat #4 is the button
Seat 1: loretta849 ($75.25 in chips)
Seat 4: assitoni ($95.50 in chips)
assitoni: posts small blind $1
loretta849: posts big blind $3
*** HOLE CARDS ***
assitoni: folds
Uncalled bet ($2) returned to loretta849
loretta849 collected $2 from pot
loretta849: doesn't show hand
*** SUMMARY ***
Total pot $2 | Rake $0
Seat 1: loretta849 (big blind) collected ($2)
Seat 4: assitoni (button) (small blind) folded before Flop


PokerStars Hand #160243488724:  Hold'em Limit ($3/$6 USD) - 2016/10/21 14:21:16 ET
Table 'Virginia' 6-max Seat #1 is the button
Seat 1: loretta849 ($99.25 in chips)
Seat 4: assitoni ($72 in chips)
loretta849: posts small blind $1
assitoni: posts big blind $3
*** HOLE CARDS ***
loretta849: raises $3 to $6
assitoni: raises $3 to $9
loretta849: calls $3
*** FLOP *** [9c Jc Kd]
assitoni: bets $3
loretta849: calls $3
*** TURN *** [9c Jc Kd] [Tc]
assitoni: bets $6
loretta849: calls $6
*** RIVER *** [9c Jc Kd Tc] [Js]
assitoni: bets $6
loretta849: calls $6
*** SHOW DOWN ***
assitoni: shows [Qd 9h] (a straight, Nine to King)
loretta849: mucks hand
assitoni collected $47.50 from pot
*** SUMMARY ***
Total pot $48 | Rake $0.50
Board [9c Jc Kd Tc Js]
Seat 1: loretta849 (button) (small blind) mucked
Seat 4: assitoni (big blind) showed [Qd 9h] and won ($47.50) with a straight, Nine to King


PokerStars Hand #160243536216:  Hold'em Limit ($3/$6 USD) - 2016/10/21 14:22:16 ET
Table 'Virginia' 6-max Seat #1 is the button
Seat 1: loretta849 ($76.25 in chips)
Seat 4: assitoni ($94.50 in chips)
loretta849: posts small blind $1
assitoni: posts big blind $3
*** HOLE CARDS ***
loretta849: raises $3 to $6
assitoni: calls $3
*** FLOP *** [Td Ah 7c]
assitoni: checks
loretta849: bets $3
assitoni: folds
Uncalled bet ($3) returned to loretta849
loretta849 collected $11.76 from pot
loretta849: doesn't show hand
*** SUMMARY ***
Total pot $12 | Rake $0.24
Board [Td Ah 7c]
Seat 1: loretta849 (button) (small blind) collected ($11.76)
Seat 4: assitoni (big blind) folded on the Flop


PokerStars Hand #160243602521:  Hold'em Limit ($3/$6 USD) - 2016/10/21 14:23:40 ET
Table 'Virginia' 6-max Seat #1 is the button
Seat 1: loretta849 ($99.51 in chips)
Seat 4: assitoni ($72 in chips)
loretta849: posts small blind $1
assitoni: posts big blind $3
*** HOLE CARDS ***
loretta849: folds
Uncalled bet ($2) returned to assitoni
assitoni collected $2 from pot
assitoni: doesn't show hand
*** SUMMARY ***
Total pot $2 | Rake $0
Seat 1: loretta849 (button) (small blind) folded before Flop
Seat 4: assitoni (big blind) collected ($2)


PokerStars Hand #160243556916:  Hold'em Limit ($3/$6 USD) - 2016/10/21 14:22:42 ET
Table 'Virginia' 6-max Seat #4 is the button
Seat 1: loretta849 ($82.01 in chips)
Seat 4: assitoni ($88.50 in chips)
assitoni: posts small blind $1
loretta849: posts big blind $3
*** HOLE CARDS ***
assitoni: raises $3 to $6
loretta849: calls $3
*** FLOP *** [5s 4s 9s]
loretta849: checks
assitoni: bets $3
loretta849: raises $3 to $6
assitoni: calls $3
*** TURN *** [5s 4s 9s] [Ad]
loretta849: checks
assitoni: checks
*** RIVER *** [5s 4s 9s Ad] [Qs]
loretta849: bets $6
assitoni: calls $6
*** SHOW DOWN ***
loretta849: shows [Ks 4h] (a flush, King high)
assitoni: mucks hand
loretta849 collected $35.50 from pot
*** SUMMARY ***
Total pot $36 | Rake $0.50
Board [5s 4s 9s Ad Qs]
Seat 1: loretta849 (big blind) showed [Ks 4h] and won ($35.50) with a flush, King high
Seat 4: assitoni (button) (small blind) mucked


PokerStars Hand #160243606997:  Hold'em Limit ($3/$6 USD) - 2016/10/21 14:23:45 ET
Table 'Virginia' 6-max Seat #4 is the button
Seat 1: loretta849 ($98.51 in chips)
Seat 4: assitoni ($73 in chips)
assitoni: posts small blind $1
loretta849: posts big blind $3
*** HOLE CARDS ***
assitoni: raises $3 to $6
loretta849: raises $3 to $9
assitoni: calls $3
*** FLOP *** [Ad 9c Qd]
loretta849: bets $3
assitoni: calls $3
*** TURN *** [Ad 9c Qd] [5s]
loretta849: checks
assitoni: bets $6
loretta849: folds
Uncalled bet ($6) returned to assitoni
assitoni collected $23.52 from pot
assitoni: doesn't show hand
*** SUMMARY ***
Total pot $24 | Rake $0.48
Board [Ad 9c Qd 5s]
Seat 1: loretta849 (big blind) folded on the Turn
Seat 4: assitoni (button) (small blind) collected ($23.52)


PokerStars Hand #160243635944:  Hold'em Limit ($3/$6 USD) - 2016/10/21 14:24:22 ET
Table 'Virginia' 6-max Seat #1 is the button
Seat 1: loretta849 ($86.51 in chips)
Seat 4: assitoni ($84.52 in chips)
loretta849: posts small blind $1
assitoni: posts big blind $3
*** HOLE CARDS ***
loretta849: raises $3 to $6
assitoni: folds
Uncalled bet ($3) returned to loretta849
loretta849 collected $6 from pot
loretta849: doesn't show hand
*** SUMMARY ***
Total pot $6 | Rake $0
Seat 1: loretta849 (button) (small blind) collected ($6)
Seat 4: assitoni (big blind) folded before Flop


PokerStars Hand #160243648490:  Hold'em Limit ($3/$6 USD) - 2016/10/21 14:24:38 ET
Table 'Virginia' 6-max Seat #4 is the button
Seat 1: loretta849 ($89.51 in chips)
Seat 4: assitoni ($81.52 in chips)
assitoni: posts small blind $1
loretta849: posts big blind $3
*** HOLE CARDS ***
assitoni: raises $3 to $6
loretta849: calls $3
*** FLOP *** [8s Ah Kh]
loretta849: checks
carmello774 joins the table at seat #2
assitoni: bets $3
loretta849: calls $3
*** TURN *** [8s Ah Kh] [2h]
loretta849: checks
7superpoker joins the table at seat #3
assitoni: bets $6
loretta849: calls $6
*** RIVER *** [8s Ah Kh 2h] [8c]
loretta849: checks
assitoni: bets $6
loretta849: calls $6
*** SHOW DOWN ***
assitoni: shows [Ac 2c] (two pair, Aces and Eights)
loretta849: shows [7d Ad] (two pair, Aces and Eights)
loretta849 collected $20.75 from pot
assitoni collected $20.75 from pot
*** SUMMARY ***
Total pot $42 | Rake $0.50
Board [8s Ah Kh 2h 8c]
Seat 1: loretta849 (big blind) showed [7d Ad] and won ($20.75) with two pair, Aces and Eights
Seat 4: assitoni (button) (small blind) showed [Ac 2c] and won ($20.75) with two pair, Aces and Eights


PokerStars Hand #160246032276:  Hold'em Limit ($3/$6 USD) - 2016/10/21 15:14:30 ET
Table 'Virginia' 6-max Seat #6 is the button
Seat 5: lappmail ($105.63 in chips)
Seat 6: Luanto 14 ($393.30 in chips)
Luanto 14: posts small blind $1
flynny1111: is sitting out
lappmail: posts big blind $3
*** HOLE CARDS ***
Luanto 14: raises $3 to $6
flynny1111 leaves the table
lappmail: folds
Uncalled bet ($3) returned to Luanto 14
Luanto 14 collected $6 from pot
Luanto 14: doesn't show hand
*** SUMMARY ***
Total pot $6 | Rake $0
Seat 5: lappmail (big blind) folded before Flop
Seat 6: Luanto 14 (button) (small blind) collected ($6)


