PokerStars Hand #165442246231:  Hold'em Limit ($3/$6 USD) - 2017/01/31 1:37:46 ET
Table 'Virginia' 6-max Seat #4 is the button
Seat 3: habari786 ($59 in chips)
Seat 4: Agrotait ($73 in chips)
Agrotait: posts small blind $1
habari786: posts big blind $3
*** HOLE CARDS ***
Agrotait: raises $3 to $6
habari786: raises $3 to $9
Agrotait: raises $3 to $12
Betting is capped
habari786: calls $3
*** FLOP *** [5h 5d As]
habari786: checks
Agrotait: bets $3
habari786: calls $3
*** TURN *** [5h 5d As] [Kd]
habari786: checks
Agrotait: checks
*** RIVER *** [5h 5d As Kd] [9c]
habari786: bets $6
Agrotait: calls $6
*** SHOW DOWN ***
habari786: shows [Qh Qd] (two pair, Queens and Fives)
Agrotait: mucks hand
habari786 collected $41.50 from pot
*** SUMMARY ***
Total pot $42 | Rake $0.50
Board [5h 5d As Kd 9c]
Seat 3: habari786 (big blind) showed [Qh Qd] and won ($41.50) with two pair, Queens and Fives
Seat 4: Agrotait (button) (small blind) mucked


PokerStars Hand #165442242649:  Hold'em Limit ($3/$6 USD) - 2017/01/31 1:37:33 ET
Table 'Virginia' 6-max Seat #3 is the button
Seat 3: habari786 ($60 in chips)
Seat 4: Agrotait ($72 in chips)
habari786: posts small blind $1
Agrotait: posts big blind $3
*** HOLE CARDS ***
habari786: folds
Uncalled bet ($2) returned to Agrotait
Agrotait collected $2 from pot
Agrotait: doesn't show hand
*** SUMMARY ***
Total pot $2 | Rake $0
Seat 3: habari786 (button) (small blind) folded before Flop
Seat 4: Agrotait (big blind) collected ($2)


PokerStars Hand #165442252895:  Hold'em Limit ($3/$6 USD) - 2017/01/31 1:38:11 ET
Table 'Virginia' 6-max Seat #3 is the button
Seat 3: habari786 ($79.50 in chips)
Seat 4: Agrotait ($72 in chips)
habari786: posts small blind $1
Agrotait: posts big blind $3
*** HOLE CARDS ***
habari786: raises $3 to $6
Agrotait: raises $3 to $9
habari786: raises $3 to $12
Betting is capped
Agrotait: calls $3
*** FLOP *** [3s 5s 4c]
Agrotait: checks
habari786: bets $3
Agrotait: raises $3 to $6
habari786: calls $3
*** TURN *** [3s 5s 4c] [3d]
Agrotait: checks
habari786: checks
*** RIVER *** [3s 5s 4c 3d] [9h]
Agrotait: checks
habari786: checks
*** SHOW DOWN ***
Agrotait: shows [6c Qc] (a pair of Threes)
habari786: shows [Jh Ah] (a pair of Threes - Ace kicker)
habari786 collected $35.50 from pot
*** SUMMARY ***
Total pot $36 | Rake $0.50
Board [3s 5s 4c 3d 9h]
Seat 3: habari786 (button) (small blind) showed [Jh Ah] and won ($35.50) with a pair of Threes
Seat 4: Agrotait (big blind) showed [6c Qc] and lost with a pair of Threes


PokerStars Hand #165442272198:  Hold'em Limit ($3/$6 USD) - 2017/01/31 1:39:24 ET
Table 'Virginia' 6-max Seat #3 is the button
Seat 3: habari786 ($76 in chips)
Seat 4: Agrotait ($92.50 in chips)
habari786: posts small blind $1
Agrotait: posts big blind $3
*** HOLE CARDS ***
habari786: folds
Uncalled bet ($2) returned to Agrotait
Agrotait collected $2 from pot
Agrotait: doesn't show hand
*** SUMMARY ***
Total pot $2 | Rake $0
Seat 3: habari786 (button) (small blind) folded before Flop
Seat 4: Agrotait (big blind) collected ($2)


PokerStars Hand #165442261624:  Hold'em Limit ($3/$6 USD) - 2017/01/31 1:38:44 ET
Table 'Virginia' 6-max Seat #4 is the button
Seat 3: habari786 ($97 in chips)
Seat 4: Agrotait ($72 in chips)
Agrotait: posts small blind $1
habari786: posts big blind $3
*** HOLE CARDS ***
Agrotait: raises $3 to $6
habari786: calls $3
*** FLOP *** [Td Qh 6d]
habari786: checks
Rainbow Rag joins the table at seat #1
Agrotait: bets $3
habari786: calls $3
*** TURN *** [Td Qh 6d] [7c]
habari786: checks
Agrotait: bets $6
habari786: calls $6
*** RIVER *** [Td Qh 6d 7c] [6s]
habari786: checks
Agrotait: bets $6
habari786: calls $6
*** SHOW DOWN ***
Agrotait: shows [Qd Kh] (two pair, Queens and Sixes)
habari786: mucks hand
Agrotait collected $41.50 from pot
*** SUMMARY ***
Total pot $42 | Rake $0.50
Board [Td Qh 6d 7c 6s]
Seat 3: habari786 (big blind) mucked
Seat 4: Agrotait (button) (small blind) showed [Qd Kh] and won ($41.50) with two pair, Queens and Sixes


PokerStars Hand #165442334156:  Hold'em Limit ($3/$6 USD) - 2017/01/31 1:43:19 ET
Table 'Virginia' 6-max Seat #1 is the button
Seat 1: Rainbow Rag ($89.61 in chips)
Seat 4: Agrotait ($67.75 in chips)
Rainbow Rag: posts small blind $1
Agrotait: posts big blind $3
*** HOLE CARDS ***
Rainbow Rag: folds
Uncalled bet ($2) returned to Agrotait
Agrotait collected $2 from pot
Agrotait: doesn't show hand
*** SUMMARY ***
Total pot $2 | Rake $0
Seat 1: Rainbow Rag (button) (small blind) folded before Flop
Seat 4: Agrotait (big blind) collected ($2)


PokerStars Hand #165442335938:  Hold'em Limit ($3/$6 USD) - 2017/01/31 1:43:26 ET
Table 'Virginia' 6-max Seat #4 is the button
Seat 1: Rainbow Rag ($88.61 in chips)
Seat 4: Agrotait ($68.75 in chips)
Agrotait: posts small blind $1
Rainbow Rag: posts big blind $3
*** HOLE CARDS ***
habari786 is disconnected
Agrotait: raises $3 to $6
Rainbow Rag: calls $3
*** FLOP *** [3s Th 8s]
Rainbow Rag: checks
Agrotait: bets $3
Rainbow Rag: calls $3
*** TURN *** [3s Th 8s] [7s]
Rainbow Rag: checks
Agrotait: bets $6
Rainbow Rag: raises $6 to $12
Agrotait: calls $6
*** RIVER *** [3s Th 8s 7s] [Jd]
Rainbow Rag: bets $6
Agrotait: calls $6
*** SHOW DOWN ***
Rainbow Rag: shows [Kc 6h] (high card King)
Agrotait: shows [Qs Qd] (a pair of Queens)
Agrotait collected $53.50 from pot
*** SUMMARY ***
Total pot $54 | Rake $0.50
Board [3s Th 8s 7s Jd]
Seat 1: Rainbow Rag (big blind) showed [Kc 6h] and lost with high card King
Seat 4: Agrotait (button) (small blind) showed [Qs Qd] and won ($53.50) with a pair of Queens


PokerStars Hand #165442347401:  Hold'em Limit ($3/$6 USD) - 2017/01/31 1:44:10 ET
Table 'Virginia' 6-max Seat #1 is the button
Seat 1: Rainbow Rag ($61.61 in chips)
Seat 4: Agrotait ($95.25 in chips)
Rainbow Rag: posts small blind $1
Agrotait: posts big blind $3
*** HOLE CARDS ***
Rainbow Rag: raises $3 to $6
Agrotait: calls $3
*** FLOP *** [4h 3s 7h]
Agrotait: checks
Rainbow Rag: bets $3
Agrotait: raises $3 to $6
Rainbow Rag: calls $3
*** TURN *** [4h 3s 7h] [Ah]
Agrotait: checks
Rainbow Rag: bets $6
Agrotait: calls $6
*** RIVER *** [4h 3s 7h Ah] [Jd]
Agrotait: checks
Rainbow Rag: bets $6
Agrotait: raises $6 to $12
Rainbow Rag: calls $6
*** SHOW DOWN ***
Agrotait: shows [Jc 4c] (two pair, Jacks and Fours)
Rainbow Rag: mucks hand
Agrotait collected $59.50 from pot
*** SUMMARY ***
Total pot $60 | Rake $0.50
Board [4h 3s 7h Ah Jd]
Seat 1: Rainbow Rag (button) (small blind) mucked
Seat 4: Agrotait (big blind) showed [Jc 4c] and won ($59.50) with two pair, Jacks and Fours


PokerStars Hand #165442375356:  Hold'em Limit ($3/$6 USD) - 2017/01/31 1:45:55 ET
Table 'Virginia' 6-max Seat #3 is the button
Seat 3: habari786 ($113.65 in chips)
Seat 4: Agrotait ($122.64 in chips)
habari786: posts small blind $1
Agrotait: posts big blind $3
*** HOLE CARDS ***
habari786: folds
Uncalled bet ($2) returned to Agrotait
Agrotait collected $2 from pot
Agrotait: doesn't show hand
*** SUMMARY ***
Total pot $2 | Rake $0
Seat 3: habari786 (button) (small blind) folded before Flop
Seat 4: Agrotait (big blind) collected ($2)


PokerStars Hand #165442356347:  Hold'em Limit ($3/$6 USD) - 2017/01/31 1:44:44 ET
Table 'Virginia' 6-max Seat #4 is the button
Seat 1: Rainbow Rag ($31.61 in chips)
Seat 4: Agrotait ($124.75 in chips)
Agrotait: posts small blind $1
Rainbow Rag: posts big blind $3
*** HOLE CARDS ***
Agrotait: raises $3 to $6
Rainbow Rag: raises $3 to $9
Agrotait: calls $3
*** FLOP *** [2c 9d Qh]
Rainbow Rag: bets $3
Agrotait: calls $3
*** TURN *** [2c 9d Qh] [Td]
Rainbow Rag: bets $6
Agrotait: calls $6
*** RIVER *** [2c 9d Qh Td] [4h]
Rainbow Rag: bets $6
Agrotait: calls $6
*** SHOW DOWN ***
Rainbow Rag: shows [Kd Ac] (high card Ace)
Agrotait: shows [Tc As] (a pair of Tens)
Agrotait collected $47.50 from pot
*** SUMMARY ***
Total pot $48 | Rake $0.50
Board [2c 9d Qh Td 4h]
Seat 1: Rainbow Rag (big blind) showed [Kd Ac] and lost with high card Ace
Seat 4: Agrotait (button) (small blind) showed [Tc As] and won ($47.50) with a pair of Tens


PokerStars Hand #165442376623:  Hold'em Limit ($3/$6 USD) - 2017/01/31 1:46:00 ET
Table 'Virginia' 6-max Seat #4 is the button
Seat 3: habari786 ($112.65 in chips)
Seat 4: Agrotait ($123.64 in chips)
Agrotait: posts small blind $1
habari786: posts big blind $3
*** HOLE CARDS ***
Rainbow Rag leaves the table
Agrotait: raises $3 to $6
habari786: calls $3
*** FLOP *** [Jd 7s Kh]
habari786: checks
Agrotait: bets $3
habari786: calls $3
*** TURN *** [Jd 7s Kh] [4c]
habari786: checks
Agrotait: bets $6
habari786: folds
Uncalled bet ($6) returned to Agrotait
Agrotait collected $17.64 from pot
Agrotait: doesn't show hand
*** SUMMARY ***
Total pot $18 | Rake $0.36
Board [Jd 7s Kh 4c]
Seat 3: habari786 (big blind) folded on the Turn
Seat 4: Agrotait (button) (small blind) collected ($17.64)


PokerStars Hand #165442388283:  Hold'em Limit ($3/$6 USD) - 2017/01/31 1:46:44 ET
Table 'Virginia' 6-max Seat #4 is the button
Seat 3: habari786 ($106.65 in chips)
Seat 4: Agrotait ($129.28 in chips)
Agrotait: posts small blind $1
habari786: posts big blind $3
*** HOLE CARDS ***
Agrotait: raises $3 to $6
habari786: calls $3
*** FLOP *** [4d Ah Js]
habari786: checks
Agrotait: bets $3
habari786: calls $3
*** TURN *** [4d Ah Js] [Tc]
habari786: checks
Agrotait: checks
*** RIVER *** [4d Ah Js Tc] [4s]
habari786: bets $6
Agrotait: folds
Uncalled bet ($6) returned to habari786
habari786 collected $17.64 from pot
habari786: doesn't show hand
*** SUMMARY ***
Total pot $18 | Rake $0.36
Board [4d Ah Js Tc 4s]
Seat 3: habari786 (big blind) collected ($17.64)
Seat 4: Agrotait (button) (small blind) folded on the River


PokerStars Hand #165442385840:  Hold'em Limit ($3/$6 USD) - 2017/01/31 1:46:35 ET
Table 'Virginia' 6-max Seat #3 is the button
Seat 3: habari786 ($103.65 in chips)
Seat 4: Agrotait ($132.28 in chips)
habari786: posts small blind $1
Agrotait: posts big blind $3
*** HOLE CARDS ***
habari786: raises $3 to $6
Agrotait: folds
Uncalled bet ($3) returned to habari786
habari786 collected $6 from pot
habari786: doesn't show hand
*** SUMMARY ***
Total pot $6 | Rake $0
Seat 3: habari786 (button) (small blind) collected ($6)
Seat 4: Agrotait (big blind) folded before Flop


PokerStars Hand #165442396208:  Hold'em Limit ($3/$6 USD) - 2017/01/31 1:47:14 ET
Table 'Virginia' 6-max Seat #3 is the button
Seat 3: habari786 ($115.29 in chips)
Seat 4: Agrotait ($120.28 in chips)
habari786: posts small blind $1
Agrotait: posts big blind $3
*** HOLE CARDS ***
habari786: raises $3 to $6
Agrotait: folds
Uncalled bet ($3) returned to habari786
habari786 collected $6 from pot
habari786: doesn't show hand
*** SUMMARY ***
Total pot $6 | Rake $0
Seat 3: habari786 (button) (small blind) collected ($6)
Seat 4: Agrotait (big blind) folded before Flop


PokerStars Hand #165442398863:  Hold'em Limit ($3/$6 USD) - 2017/01/31 1:47:24 ET
Table 'Virginia' 6-max Seat #4 is the button
Seat 3: habari786 ($118.29 in chips)
Seat 4: Agrotait ($117.28 in chips)
Agrotait: posts small blind $1
habari786: posts big blind $3
*** HOLE CARDS ***
Agrotait: raises $3 to $6
habari786: raises $3 to $9
Agrotait: calls $3
*** FLOP *** [6s Qs Td]
habari786: checks
Agrotait: checks
*** TURN *** [6s Qs Td] [Ad]
habari786: checks
Agrotait: checks
*** RIVER *** [6s Qs Td Ad] [9s]
habari786: bets $6
Agrotait: folds
Uncalled bet ($6) returned to habari786
habari786 collected $17.64 from pot
habari786: doesn't show hand
*** SUMMARY ***
Total pot $18 | Rake $0.36
Board [6s Qs Td Ad 9s]
Seat 3: habari786 (big blind) collected ($17.64)
Seat 4: Agrotait (button) (small blind) folded on the River


PokerStars Hand #165442424077:  Hold'em Limit ($3/$6 USD) - 2017/01/31 1:48:59 ET
Table 'Virginia' 6-max Seat #3 is the button
Seat 3: habari786 ($95.57 in chips)
Seat 4: Agrotait ($138.78 in chips)
habari786: posts small blind $1
Agrotait: posts big blind $3
*** HOLE CARDS ***
habari786: folds
Uncalled bet ($2) returned to Agrotait
Agrotait collected $2 from pot
Agrotait: doesn't show hand
*** SUMMARY ***
Total pot $2 | Rake $0
Seat 3: habari786 (button) (small blind) folded before Flop
Seat 4: Agrotait (big blind) collected ($2)


PokerStars Hand #165442419431:  Hold'em Limit ($3/$6 USD) - 2017/01/31 1:48:41 ET
Table 'Virginia' 6-max Seat #4 is the button
Seat 3: habari786 ($86.93 in chips)
Seat 4: Agrotait ($147.78 in chips)
Agrotait: posts small blind $1
habari786: posts big blind $3
*** HOLE CARDS ***
Agrotait: raises $3 to $6
habari786: raises $3 to $9
Agrotait: calls $3
*** FLOP *** [Qc 5h 6c]
habari786: bets $3
Agrotait: folds
Uncalled bet ($3) returned to habari786
habari786 collected $17.64 from pot
habari786: doesn't show hand
*** SUMMARY ***
Total pot $18 | Rake $0.36
Board [Qc 5h 6c]
Seat 3: habari786 (big blind) collected ($17.64)
Seat 4: Agrotait (button) (small blind) folded on the Flop


PokerStars Hand #165442418114:  Hold'em Limit ($3/$6 USD) - 2017/01/31 1:48:36 ET
Table 'Virginia' 6-max Seat #3 is the button
Seat 3: habari786 ($87.93 in chips)
Seat 4: Agrotait ($146.78 in chips)
habari786: posts small blind $1
Agrotait: posts big blind $3
*** HOLE CARDS ***
habari786: folds
Uncalled bet ($2) returned to Agrotait
Agrotait collected $2 from pot
Agrotait: doesn't show hand
*** SUMMARY ***
Total pot $2 | Rake $0
Seat 3: habari786 (button) (small blind) folded before Flop
Seat 4: Agrotait (big blind) collected ($2)


PokerStars Hand #165442416490:  Hold'em Limit ($3/$6 USD) - 2017/01/31 1:48:30 ET
Table 'Virginia' 6-max Seat #4 is the button
Seat 3: habari786 ($90.93 in chips)
Seat 4: Agrotait ($143.78 in chips)
Agrotait: posts small blind $1
habari786: posts big blind $3
*** HOLE CARDS ***
Agrotait: raises $3 to $6
habari786: folds
Uncalled bet ($3) returned to Agrotait
Agrotait collected $6 from pot
Agrotait: doesn't show hand
*** SUMMARY ***
Total pot $6 | Rake $0
Seat 3: habari786 (big blind) folded before Flop
Seat 4: Agrotait (button) (small blind) collected ($6)


PokerStars Hand #165442405260:  Hold'em Limit ($3/$6 USD) - 2017/01/31 1:47:48 ET
Table 'Virginia' 6-max Seat #3 is the button
Seat 3: habari786 ($126.93 in chips)
Seat 4: Agrotait ($108.28 in chips)
habari786: posts small blind $1
Agrotait: posts big blind $3
*** HOLE CARDS ***
habari786: raises $3 to $6
Agrotait: raises $3 to $9
habari786: calls $3
*** FLOP *** [Qc Td 6h]
Agrotait: bets $3
habari786: calls $3
*** TURN *** [Qc Td 6h] [3d]
Agrotait: checks
habari786: bets $6
Agrotait: raises $6 to $12
habari786: calls $6
*** RIVER *** [Qc Td 6h 3d] [9h]
Agrotait: bets $6
habari786: raises $6 to $12
Agrotait: calls $6
*** SHOW DOWN ***
habari786: shows [9d 9s] (three of a kind, Nines)
Agrotait: shows [Th Tc] (three of a kind, Tens)
Agrotait collected $71.50 from pot
*** SUMMARY ***
Total pot $72 | Rake $0.50
Board [Qc Td 6h 3d 9h]
Seat 3: habari786 (button) (small blind) showed [9d 9s] and lost with three of a kind, Nines
Seat 4: Agrotait (big blind) showed [Th Tc] and won ($71.50) with three of a kind, Tens


PokerStars Hand #165442425504:  Hold'em Limit ($3/$6 USD) - 2017/01/31 1:49:04 ET
Table 'Virginia' 6-max Seat #4 is the button
Seat 3: habari786 ($94.57 in chips)
Seat 4: Agrotait ($139.78 in chips)
Agrotait: posts small blind $1
habari786: posts big blind $3
*** HOLE CARDS ***
Agrotait: raises $3 to $6
habari786: calls $3
*** FLOP *** [6s 4d 2c]
habari786: checks
Agrotait: bets $3
habari786: raises $3 to $6
Agrotait: calls $3
*** TURN *** [6s 4d 2c] [8h]
habari786: bets $6
Agrotait: calls $6
*** RIVER *** [6s 4d 2c 8h] [2s]
habari786: bets $6
Agrotait: calls $6
*** SHOW DOWN ***
habari786: shows [2h 4h] (a full house, Deuces full of Fours)
Agrotait: mucks hand
habari786 collected $47.50 from pot
*** SUMMARY ***
Total pot $48 | Rake $0.50
Board [6s 4d 2c 8h 2s]
Seat 3: habari786 (big blind) showed [2h 4h] and won ($47.50) with a full house, Deuces full of Fours
Seat 4: Agrotait (button) (small blind) mucked


PokerStars Hand #165442449814:  Hold'em Limit ($3/$6 USD) - 2017/01/31 1:50:35 ET
Table 'Virginia' 6-max Seat #4 is the button
Seat 3: habari786 ($132.57 in chips)
Seat 4: Agrotait ($100.78 in chips)
Agrotait: posts small blind $1
habari786: posts big blind $3
*** HOLE CARDS ***
Agrotait: raises $3 to $6
habari786: calls $3
*** FLOP *** [5h Ks 4d]
habari786: checks
Agrotait: bets $3
habari786: raises $3 to $6
Agrotait: calls $3
*** TURN *** [5h Ks 4d] [2c]
habari786: checks
Agrotait: checks
*** RIVER *** [5h Ks 4d 2c] [2h]
habari786: bets $6
Agrotait: folds
Uncalled bet ($6) returned to habari786
habari786 collected $23.52 from pot
habari786: doesn't show hand
*** SUMMARY ***
Total pot $24 | Rake $0.48
Board [5h Ks 4d 2c 2h]
Seat 3: habari786 (big blind) collected ($23.52)
Seat 4: Agrotait (button) (small blind) folded on the River


PokerStars Hand #165442448591:  Hold'em Limit ($3/$6 USD) - 2017/01/31 1:50:30 ET
Table 'Virginia' 6-max Seat #3 is the button
Seat 3: habari786 ($133.57 in chips)
Seat 4: Agrotait ($99.78 in chips)
habari786: posts small blind $1
Agrotait: posts big blind $3
*** HOLE CARDS ***
habari786: folds
Uncalled bet ($2) returned to Agrotait
Agrotait collected $2 from pot
Agrotait: doesn't show hand
*** SUMMARY ***
Total pot $2 | Rake $0
Seat 3: habari786 (button) (small blind) folded before Flop
Seat 4: Agrotait (big blind) collected ($2)


PokerStars Hand #165442447123:  Hold'em Limit ($3/$6 USD) - 2017/01/31 1:50:25 ET
Table 'Virginia' 6-max Seat #4 is the button
Seat 3: habari786 ($132.57 in chips)
Seat 4: Agrotait ($100.78 in chips)
Agrotait: posts small blind $1
habari786: posts big blind $3
*** HOLE CARDS ***
Agrotait: folds
Uncalled bet ($2) returned to habari786
habari786 collected $2 from pot
habari786: doesn't show hand
*** SUMMARY ***
Total pot $2 | Rake $0
Seat 3: habari786 (big blind) collected ($2)
Seat 4: Agrotait (button) (small blind) folded before Flop


PokerStars Hand #165442432105:  Hold'em Limit ($3/$6 USD) - 2017/01/31 1:49:29 ET
Table 'Virginia' 6-max Seat #3 is the button
Seat 3: habari786 ($118.07 in chips)
Seat 4: Agrotait ($115.78 in chips)
habari786: posts small blind $1
Agrotait: posts big blind $3
*** HOLE CARDS ***
habari786: raises $3 to $6
Agrotait: calls $3
*** FLOP *** [5d 8c Qs]
Agrotait: bets $3
habari786: calls $3
*** TURN *** [5d 8c Qs] [8d]
Agrotait: bets $6
habari786: calls $6
*** RIVER *** [5d 8c Qs 8d] [5h]
Agrotait: checks
habari786: bets $6
Agrotait: folds
Uncalled bet ($6) returned to habari786
habari786 collected $29.50 from pot
habari786: doesn't show hand
*** SUMMARY ***
Total pot $30 | Rake $0.50
Board [5d 8c Qs 8d 5h]
Seat 3: habari786 (button) (small blind) collected ($29.50)
Seat 4: Agrotait (big blind) folded on the River


PokerStars Hand #165442467577:  Hold'em Limit ($3/$6 USD) - 2017/01/31 1:51:42 ET
Table 'Virginia' 6-max Seat #4 is the button
Seat 3: habari786 ($157.59 in chips)
Seat 4: Agrotait ($74.78 in chips)
Agrotait: posts small blind $1
habari786: posts big blind $3
*** HOLE CARDS ***
Agrotait: raises $3 to $6
habari786: calls $3
*** FLOP *** [Kd 9h 6h]
habari786: checks
Agrotait: bets $3
habari786: calls $3
*** TURN *** [Kd 9h 6h] [9d]
habari786: checks
Agrotait: bets $6
habari786: calls $6
*** RIVER *** [Kd 9h 6h 9d] [7s]
habari786: bets $6
Agrotait: folds
Uncalled bet ($6) returned to habari786
habari786 collected $29.50 from pot
habari786: doesn't show hand
*** SUMMARY ***
Total pot $30 | Rake $0.50
Board [Kd 9h 6h 9d 7s]
Seat 3: habari786 (big blind) collected ($29.50)
Seat 4: Agrotait (button) (small blind) folded on the River


PokerStars Hand #165442465949:  Hold'em Limit ($3/$6 USD) - 2017/01/31 1:51:36 ET
Table 'Virginia' 6-max Seat #3 is the button
Seat 3: habari786 ($158.59 in chips)
Seat 4: Agrotait ($73.78 in chips)
habari786: posts small blind $1
Agrotait: posts big blind $3
*** HOLE CARDS ***
habari786: folds
Uncalled bet ($2) returned to Agrotait
Agrotait collected $2 from pot
Agrotait: doesn't show hand
*** SUMMARY ***
Total pot $2 | Rake $0
Seat 3: habari786 (button) (small blind) folded before Flop
Seat 4: Agrotait (big blind) collected ($2)


PokerStars Hand #165442464235:  Hold'em Limit ($3/$6 USD) - 2017/01/31 1:51:29 ET
Table 'Virginia' 6-max Seat #4 is the button
Seat 3: habari786 ($161.59 in chips)
Seat 4: Agrotait ($70.78 in chips)
Agrotait: posts small blind $1
habari786: posts big blind $3
*** HOLE CARDS ***
Agrotait: raises $3 to $6
habari786: folds
Uncalled bet ($3) returned to Agrotait
Agrotait collected $6 from pot
Agrotait: doesn't show hand
*** SUMMARY ***
Total pot $6 | Rake $0
Seat 3: habari786 (big blind) folded before Flop
Seat 4: Agrotait (button) (small blind) collected ($6)


PokerStars Hand #165442459189:  Hold'em Limit ($3/$6 USD) - 2017/01/31 1:51:10 ET
Table 'Virginia' 6-max Seat #3 is the button
Seat 3: habari786 ($144.09 in chips)
Seat 4: Agrotait ($88.78 in chips)
habari786: posts small blind $1
Agrotait: posts big blind $3
*** HOLE CARDS ***
habari786: raises $3 to $6
Agrotait: calls $3
*** FLOP *** [3s 7h 5s]
Agrotait: checks
habari786: checks
*** TURN *** [3s 7h 5s] [9c]
Agrotait: bets $6
habari786: calls $6
*** RIVER *** [3s 7h 5s 9c] [5c]
Agrotait: bets $6
habari786: calls $6
*** SHOW DOWN ***
Agrotait: shows [6d Tc] (a pair of Fives)
habari786: shows [Qh 9d] (two pair, Nines and Fives)
habari786 collected $35.50 from pot
*** SUMMARY ***
Total pot $36 | Rake $0.50
Board [3s 7h 5s 9c 5c]
Seat 3: habari786 (button) (small blind) showed [Qh 9d] and won ($35.50) with two pair, Nines and Fives
Seat 4: Agrotait (big blind) showed [6d Tc] and lost with a pair of Fives


