PokerStars Hand #146313467459:  Hold'em Limit ($3/$6 USD) - 2016/01/02 3:39:31 ET
Table 'Virgo II' 6-max Seat #1 is the button
Seat 1: VolkovDmitri ($120 in chips)
Seat 3: YtgJoniKgtY ($120 in chips)
VolkovDmitri: posts small blind $1
YtgJoniKgtY: posts big blind $3
*** HOLE CARDS ***
VolkovDmitri: raises $3 to $6
YtgJoniKgtY: calls $3
*** FLOP *** [Ad 5h Qc]
YtgJoniKgtY: checks
VolkovDmitri: bets $3
YtgJoniKgtY: raises $3 to $6
VolkovDmitri: calls $3
*** TURN *** [Ad 5h Qc] [Qh]
YtgJoniKgtY: bets $6
VolkovDmitri: calls $6
*** RIVER *** [Ad 5h Qc Qh] [6s]
YtgJoniKgtY: bets $6
VolkovDmitri: calls $6
*** SHOW DOWN ***
YtgJoniKgtY: shows [6h Ks] (two pair, Queens and Sixes)
VolkovDmitri: shows [Td Ah] (two pair, Aces and Queens)
VolkovDmitri collected $47.50 from pot
*** SUMMARY ***
Total pot $48 | Rake $0.50
Board [Ad 5h Qc Qh 6s]
Seat 1: VolkovDmitri (button) (small blind) showed [Td Ah] and won ($47.50) with two pair, Aces and Queens
Seat 3: YtgJoniKgtY (big blind) showed [6h Ks] and lost with two pair, Queens and Sixes


PokerStars Hand #146313480362:  Hold'em Limit ($3/$6 USD) - 2016/01/02 3:40:06 ET
Table 'Virgo II' 6-max Seat #3 is the button
Seat 1: VolkovDmitri ($143.50 in chips)
Seat 3: YtgJoniKgtY ($96 in chips)
YtgJoniKgtY: posts small blind $1
VolkovDmitri: posts big blind $3
*** HOLE CARDS ***
YtgJoniKgtY: raises $3 to $6
VolkovDmitri: calls $3
*** FLOP *** [2c Ts 3d]
VolkovDmitri: checks
YtgJoniKgtY: bets $3
VolkovDmitri: calls $3
*** TURN *** [2c Ts 3d] [Jd]
VolkovDmitri: checks
YtgJoniKgtY: bets $6
VolkovDmitri: raises $6 to $12
YtgJoniKgtY: folds
Uncalled bet ($6) returned to VolkovDmitri
VolkovDmitri collected $29.50 from pot
VolkovDmitri: doesn't show hand
*** SUMMARY ***
Total pot $30 | Rake $0.50
Board [2c Ts 3d Jd]
Seat 1: VolkovDmitri (big blind) collected ($29.50)
Seat 3: YtgJoniKgtY (button) (small blind) folded on the Turn


PokerStars Hand #146313487162:  Hold'em Limit ($3/$6 USD) - 2016/01/02 3:40:24 ET
Table 'Virgo II' 6-max Seat #1 is the button
Seat 1: VolkovDmitri ($158 in chips)
Seat 3: YtgJoniKgtY ($81 in chips)
VolkovDmitri: posts small blind $1
YtgJoniKgtY: posts big blind $3
*** HOLE CARDS ***
VolkovDmitri: raises $3 to $6
YtgJoniKgtY: calls $3
*** FLOP *** [4s 3s 6c]
YtgJoniKgtY: checks
VolkovDmitri: bets $3
YtgJoniKgtY: calls $3
*** TURN *** [4s 3s 6c] [Tc]
YtgJoniKgtY: checks
VolkovDmitri: checks
*** RIVER *** [4s 3s 6c Tc] [8c]
YtgJoniKgtY: checks
VolkovDmitri: checks
*** SHOW DOWN ***
YtgJoniKgtY: shows [9c 7d] (a straight, Six to Ten)
VolkovDmitri: mucks hand
YtgJoniKgtY collected $17.64 from pot
*** SUMMARY ***
Total pot $18 | Rake $0.36
Board [4s 3s 6c Tc 8c]
Seat 1: VolkovDmitri (button) (small blind) mucked
Seat 3: YtgJoniKgtY (big blind) showed [9c 7d] and won ($17.64) with a straight, Six to Ten


PokerStars Hand #146313498925:  Hold'em Limit ($3/$6 USD) - 2016/01/02 3:40:55 ET
Table 'Virgo II' 6-max Seat #3 is the button
Seat 1: VolkovDmitri ($149 in chips)
Seat 3: YtgJoniKgtY ($89.64 in chips)
YtgJoniKgtY: posts small blind $1
VolkovDmitri: posts big blind $3
*** HOLE CARDS ***
YtgJoniKgtY: raises $3 to $6
VolkovDmitri: raises $3 to $9
YtgJoniKgtY: calls $3
*** FLOP *** [2s 5h 7h]
VolkovDmitri: bets $3
YtgJoniKgtY: raises $3 to $6
VolkovDmitri: calls $3
*** TURN *** [2s 5h 7h] [2c]
VolkovDmitri: checks
YtgJoniKgtY: bets $6
VolkovDmitri: calls $6
*** RIVER *** [2s 5h 7h 2c] [9h]
VolkovDmitri: checks
YtgJoniKgtY: bets $6
VolkovDmitri: calls $6
*** SHOW DOWN ***
YtgJoniKgtY: shows [7c Jh] (two pair, Sevens and Deuces)
VolkovDmitri: mucks hand
YtgJoniKgtY collected $53.50 from pot
*** SUMMARY ***
Total pot $54 | Rake $0.50
Board [2s 5h 7h 2c 9h]
Seat 1: VolkovDmitri (big blind) mucked
Seat 3: YtgJoniKgtY (button) (small blind) showed [7c Jh] and won ($53.50) with two pair, Sevens and Deuces


PokerStars Hand #146313508613:  Hold'em Limit ($3/$6 USD) - 2016/01/02 3:41:22 ET
Table 'Virgo II' 6-max Seat #1 is the button
Seat 1: VolkovDmitri ($122 in chips)
Seat 3: YtgJoniKgtY ($116.14 in chips)
VolkovDmitri: posts small blind $1
YtgJoniKgtY: posts big blind $3
*** HOLE CARDS ***
VolkovDmitri: raises $3 to $6
YtgJoniKgtY: calls $3
*** FLOP *** [Ts 8d 4c]
YtgJoniKgtY: checks
VolkovDmitri: bets $3
YtgJoniKgtY: folds
Uncalled bet ($3) returned to VolkovDmitri
VolkovDmitri collected $11.76 from pot
VolkovDmitri: doesn't show hand
*** SUMMARY ***
Total pot $12 | Rake $0.24
Board [Ts 8d 4c]
Seat 1: VolkovDmitri (button) (small blind) collected ($11.76)
Seat 3: YtgJoniKgtY (big blind) folded on the Flop


PokerStars Hand #146313512481:  Hold'em Limit ($3/$6 USD) - 2016/01/02 3:41:32 ET
Table 'Virgo II' 6-max Seat #3 is the button
Seat 1: VolkovDmitri ($127.76 in chips)
Seat 3: YtgJoniKgtY ($110.14 in chips)
YtgJoniKgtY: posts small blind $1
VolkovDmitri: posts big blind $3
*** HOLE CARDS ***
YtgJoniKgtY: raises $3 to $6
VolkovDmitri: calls $3
*** FLOP *** [Qs 4s 2c]
VolkovDmitri: checks
YtgJoniKgtY: bets $3
VolkovDmitri: raises $3 to $6
YtgJoniKgtY: calls $3
*** TURN *** [Qs 4s 2c] [7s]
VolkovDmitri: bets $6
YtgJoniKgtY: calls $6
*** RIVER *** [Qs 4s 2c 7s] [9d]
VolkovDmitri: bets $6
YtgJoniKgtY: calls $6
*** SHOW DOWN ***
VolkovDmitri: shows [Qh 2d] (two pair, Queens and Deuces)
YtgJoniKgtY: mucks hand
VolkovDmitri collected $47.50 from pot
*** SUMMARY ***
Total pot $48 | Rake $0.50
Board [Qs 4s 2c 7s 9d]
Seat 1: VolkovDmitri (big blind) showed [Qh 2d] and won ($47.50) with two pair, Queens and Deuces
Seat 3: YtgJoniKgtY (button) (small blind) mucked


PokerStars Hand #146313520651:  Hold'em Limit ($3/$6 USD) - 2016/01/02 3:41:54 ET
Table 'Virgo II' 6-max Seat #1 is the button
Seat 1: VolkovDmitri ($151.26 in chips)
Seat 3: YtgJoniKgtY ($86.14 in chips)
VolkovDmitri: posts small blind $1
YtgJoniKgtY: posts big blind $3
*** HOLE CARDS ***
VolkovDmitri: raises $3 to $6
YtgJoniKgtY: calls $3
*** FLOP *** [3d 5c 6s]
YtgJoniKgtY: checks
VolkovDmitri: checks
*** TURN *** [3d 5c 6s] [8c]
YtgJoniKgtY: bets $6
VolkovDmitri: calls $6
*** RIVER *** [3d 5c 6s 8c] [Th]
YtgJoniKgtY: bets $6
VolkovDmitri: raises $6 to $12
YtgJoniKgtY: folds
Uncalled bet ($6) returned to VolkovDmitri
VolkovDmitri collected $35.50 from pot
VolkovDmitri: doesn't show hand
*** SUMMARY ***
Total pot $36 | Rake $0.50
Board [3d 5c 6s 8c Th]
Seat 1: VolkovDmitri (button) (small blind) collected ($35.50)
Seat 3: YtgJoniKgtY (big blind) folded on the River


PokerStars Hand #146313534237:  Hold'em Limit ($3/$6 USD) - 2016/01/02 3:42:31 ET
Table 'Virgo II' 6-max Seat #3 is the button
Seat 1: VolkovDmitri ($168.76 in chips)
Seat 3: YtgJoniKgtY ($68.14 in chips)
YtgJoniKgtY: posts small blind $1
VolkovDmitri: posts big blind $3
*** HOLE CARDS ***
YtgJoniKgtY: folds
Uncalled bet ($2) returned to VolkovDmitri
VolkovDmitri collected $2 from pot
VolkovDmitri: doesn't show hand
*** SUMMARY ***
Total pot $2 | Rake $0
Seat 1: VolkovDmitri (big blind) collected ($2)
Seat 3: YtgJoniKgtY (button) (small blind) folded before Flop


PokerStars Hand #146313535905:  Hold'em Limit ($3/$6 USD) - 2016/01/02 3:42:35 ET
Table 'Virgo II' 6-max Seat #1 is the button
Seat 1: VolkovDmitri ($169.76 in chips)
Seat 3: YtgJoniKgtY ($67.14 in chips)
VolkovDmitri: posts small blind $1
YtgJoniKgtY: posts big blind $3
*** HOLE CARDS ***
VolkovDmitri: raises $3 to $6
YtgJoniKgtY: calls $3
*** FLOP *** [Ks Qc 8s]
YtgJoniKgtY: checks
VolkovDmitri: bets $3
YtgJoniKgtY: folds
Uncalled bet ($3) returned to VolkovDmitri
VolkovDmitri collected $11.76 from pot
VolkovDmitri: doesn't show hand
*** SUMMARY ***
Total pot $12 | Rake $0.24
Board [Ks Qc 8s]
Seat 1: VolkovDmitri (button) (small blind) collected ($11.76)
Seat 3: YtgJoniKgtY (big blind) folded on the Flop


PokerStars Hand #146313541404:  Hold'em Limit ($3/$6 USD) - 2016/01/02 3:42:50 ET
Table 'Virgo II' 6-max Seat #3 is the button
Seat 1: VolkovDmitri ($175.52 in chips)
Seat 3: YtgJoniKgtY ($91.37 in chips)
YtgJoniKgtY: posts small blind $1
VolkovDmitri: posts big blind $3
*** HOLE CARDS ***
YtgJoniKgtY: raises $3 to $6
VolkovDmitri: folds
Uncalled bet ($3) returned to YtgJoniKgtY
YtgJoniKgtY collected $6 from pot
YtgJoniKgtY: doesn't show hand
*** SUMMARY ***
Total pot $6 | Rake $0
Seat 1: VolkovDmitri (big blind) folded before Flop
Seat 3: YtgJoniKgtY (button) (small blind) collected ($6)


PokerStars Hand #146313544233:  Hold'em Limit ($3/$6 USD) - 2016/01/02 3:42:57 ET
Table 'Virgo II' 6-max Seat #1 is the button
Seat 1: VolkovDmitri ($172.52 in chips)
Seat 3: YtgJoniKgtY ($94.37 in chips)
VolkovDmitri: posts small blind $1
YtgJoniKgtY: posts big blind $3
*** HOLE CARDS ***
VolkovDmitri: raises $3 to $6
YtgJoniKgtY: raises $3 to $9
VolkovDmitri: calls $3
*** FLOP *** [9c Js 9h]
YtgJoniKgtY: bets $3
VolkovDmitri: calls $3
*** TURN *** [9c Js 9h] [4h]
YtgJoniKgtY: bets $6
VolkovDmitri: raises $6 to $12
YtgJoniKgtY: calls $6
*** RIVER *** [9c Js 9h 4h] [Jh]
YtgJoniKgtY: checks
VolkovDmitri: bets $6
YtgJoniKgtY: calls $6
*** SHOW DOWN ***
VolkovDmitri: shows [9s 4d] (a full house, Nines full of Jacks)
YtgJoniKgtY: mucks hand
VolkovDmitri collected $59.50 from pot
*** SUMMARY ***
Total pot $60 | Rake $0.50
Board [9c Js 9h 4h Jh]
Seat 1: VolkovDmitri (button) (small blind) showed [9s 4d] and won ($59.50) with a full house, Nines full of Jacks
Seat 3: YtgJoniKgtY (big blind) mucked


PokerStars Hand #146313553724:  Hold'em Limit ($3/$6 USD) - 2016/01/02 3:43:23 ET
Table 'Virgo II' 6-max Seat #3 is the button
Seat 1: VolkovDmitri ($202.02 in chips)
Seat 3: YtgJoniKgtY ($64.37 in chips)
YtgJoniKgtY: posts small blind $1
VolkovDmitri: posts big blind $3
*** HOLE CARDS ***
YtgJoniKgtY: raises $3 to $6
VolkovDmitri: calls $3
*** FLOP *** [8c 4h Ad]
VolkovDmitri: checks
YtgJoniKgtY: bets $3
VolkovDmitri: raises $3 to $6
YtgJoniKgtY: calls $3
*** TURN *** [8c 4h Ad] [5c]
VolkovDmitri: bets $6
YtgJoniKgtY: folds
Uncalled bet ($6) returned to VolkovDmitri
VolkovDmitri collected $23.52 from pot
VolkovDmitri: doesn't show hand
*** SUMMARY ***
Total pot $24 | Rake $0.48
Board [8c 4h Ad 5c]
Seat 1: VolkovDmitri (big blind) collected ($23.52)
Seat 3: YtgJoniKgtY (button) (small blind) folded on the Turn


PokerStars Hand #146313559731:  Hold'em Limit ($3/$6 USD) - 2016/01/02 3:43:39 ET
Table 'Virgo II' 6-max Seat #1 is the button
Seat 1: VolkovDmitri ($213.54 in chips)
Seat 3: YtgJoniKgtY ($52.37 in chips)
VolkovDmitri: posts small blind $1
YtgJoniKgtY: posts big blind $3
*** HOLE CARDS ***
VolkovDmitri: raises $3 to $6
YtgJoniKgtY: calls $3
*** FLOP *** [Kh 3h 2d]
YtgJoniKgtY: checks
VolkovDmitri: bets $3
YtgJoniKgtY: folds
Uncalled bet ($3) returned to VolkovDmitri
VolkovDmitri collected $11.76 from pot
VolkovDmitri: doesn't show hand
*** SUMMARY ***
Total pot $12 | Rake $0.24
Board [Kh 3h 2d]
Seat 1: VolkovDmitri (button) (small blind) collected ($11.76)
Seat 3: YtgJoniKgtY (big blind) folded on the Flop


PokerStars Hand #146313563558:  Hold'em Limit ($3/$6 USD) - 2016/01/02 3:43:49 ET
Table 'Virgo II' 6-max Seat #3 is the button
Seat 1: VolkovDmitri ($219.30 in chips)
Seat 3: YtgJoniKgtY ($46.37 in chips)
YtgJoniKgtY: posts small blind $1
VolkovDmitri: posts big blind $3
*** HOLE CARDS ***
YtgJoniKgtY: raises $3 to $6
VolkovDmitri: calls $3
*** FLOP *** [9h 6s 2h]
VolkovDmitri: checks
YtgJoniKgtY: bets $3
VolkovDmitri: calls $3
*** TURN *** [9h 6s 2h] [Kd]
VolkovDmitri: checks
YtgJoniKgtY: checks
*** RIVER *** [9h 6s 2h Kd] [Jh]
VolkovDmitri: bets $6
YtgJoniKgtY: folds
Uncalled bet ($6) returned to VolkovDmitri
VolkovDmitri collected $17.64 from pot
VolkovDmitri: doesn't show hand
*** SUMMARY ***
Total pot $18 | Rake $0.36
Board [9h 6s 2h Kd Jh]
Seat 1: VolkovDmitri (big blind) collected ($17.64)
Seat 3: YtgJoniKgtY (button) (small blind) folded on the River


PokerStars Hand #146313589700:  Hold'em Limit ($3/$6 USD) - 2016/01/02 3:44:59 ET
Table 'Virgo II' 6-max Seat #1 is the button
Seat 1: VolkovDmitri ($250.44 in chips)
Seat 3: YtgJoniKgtY ($14.37 in chips)
VolkovDmitri: posts small blind $1
YtgJoniKgtY: posts big blind $3
*** HOLE CARDS ***
VolkovDmitri: raises $3 to $6
YtgJoniKgtY: raises $3 to $9
Mullern joins the table at seat #4
VolkovDmitri: raises $3 to $12
Betting is capped
YtgJoniKgtY: calls $3
*** FLOP *** [7c 3s 8s]
YtgJoniKgtY: bets $2.37 and is all-in
VolkovDmitri: calls $2.37
*** TURN *** [7c 3s 8s] [5c]
*** RIVER *** [7c 3s 8s 5c] [Kd]
*** SHOW DOWN ***
YtgJoniKgtY: shows [4d Kc] (a pair of Kings)
VolkovDmitri: shows [Td Jc] (high card King)
YtgJoniKgtY collected $28.24 from pot
*** SUMMARY ***
Total pot $28.74 | Rake $0.50
Board [7c 3s 8s 5c Kd]
Seat 1: VolkovDmitri (button) (small blind) showed [Td Jc] and lost with high card King
Seat 3: YtgJoniKgtY (big blind) showed [4d Kc] and won ($28.24) with a pair of Kings


PokerStars Hand #146313575912:  Hold'em Limit ($3/$6 USD) - 2016/01/02 3:44:22 ET
Table 'Virgo II' 6-max Seat #3 is the button
Seat 1: VolkovDmitri ($230.94 in chips)
Seat 3: YtgJoniKgtY ($34.37 in chips)
YtgJoniKgtY: posts small blind $1
VolkovDmitri: posts big blind $3
*** HOLE CARDS ***
YtgJoniKgtY: folds
Uncalled bet ($2) returned to VolkovDmitri
VolkovDmitri collected $2 from pot
VolkovDmitri: doesn't show hand
*** SUMMARY ***
Total pot $2 | Rake $0
Seat 1: VolkovDmitri (big blind) collected ($2)
Seat 3: YtgJoniKgtY (button) (small blind) folded before Flop


PokerStars Hand #146313570831:  Hold'em Limit ($3/$6 USD) - 2016/01/02 3:44:09 ET
Table 'Virgo II' 6-max Seat #1 is the button
Seat 1: VolkovDmitri ($227.94 in chips)
Seat 3: YtgJoniKgtY ($37.37 in chips)
VolkovDmitri: posts small blind $1
YtgJoniKgtY: posts big blind $3
*** HOLE CARDS ***
VolkovDmitri: raises $3 to $6
YtgJoniKgtY: folds
Uncalled bet ($3) returned to VolkovDmitri
VolkovDmitri collected $6 from pot
VolkovDmitri: doesn't show hand
*** SUMMARY ***
Total pot $6 | Rake $0
Seat 1: VolkovDmitri (button) (small blind) collected ($6)
Seat 3: YtgJoniKgtY (big blind) folded before Flop


PokerStars Hand #146313587904:  Hold'em Limit ($3/$6 USD) - 2016/01/02 3:44:54 ET
Table 'Virgo II' 6-max Seat #3 is the button
Seat 1: VolkovDmitri ($249.44 in chips)
Seat 3: YtgJoniKgtY ($15.37 in chips)
YtgJoniKgtY: posts small blind $1
VolkovDmitri: posts big blind $3
*** HOLE CARDS ***
YtgJoniKgtY: folds
Uncalled bet ($2) returned to VolkovDmitri
VolkovDmitri collected $2 from pot
VolkovDmitri: doesn't show hand
*** SUMMARY ***
Total pot $2 | Rake $0
Seat 1: VolkovDmitri (big blind) collected ($2)
Seat 3: YtgJoniKgtY (button) (small blind) folded before Flop


PokerStars Hand #146313577668:  Hold'em Limit ($3/$6 USD) - 2016/01/02 3:44:27 ET
Table 'Virgo II' 6-max Seat #1 is the button
Seat 1: VolkovDmitri ($231.94 in chips)
Seat 3: YtgJoniKgtY ($33.37 in chips)
VolkovDmitri: posts small blind $1
YtgJoniKgtY: posts big blind $3
*** HOLE CARDS ***
VolkovDmitri: raises $3 to $6
YtgJoniKgtY: raises $3 to $9
VolkovDmitri: calls $3
*** FLOP *** [Tc Jh 7h]
YtgJoniKgtY: bets $3
VolkovDmitri: calls $3
*** TURN *** [Tc Jh 7h] [5s]
YtgJoniKgtY: bets $6
VolkovDmitri: calls $6
*** RIVER *** [Tc Jh 7h 5s] [8s]
YtgJoniKgtY: checks
VolkovDmitri: bets $6
YtgJoniKgtY: folds
Uncalled bet ($6) returned to VolkovDmitri
VolkovDmitri collected $35.50 from pot
VolkovDmitri: doesn't show hand
*** SUMMARY ***
Total pot $36 | Rake $0.50
Board [Tc Jh 7h 5s 8s]
Seat 1: VolkovDmitri (button) (small blind) collected ($35.50)
Seat 3: YtgJoniKgtY (big blind) folded on the River


PokerStars Hand #146313682856:  Hold'em Limit ($3/$6 USD) - 2016/01/02 3:48:35 ET
Table 'Virgo II' 6-max Seat #4 is the button
Seat 1: VolkovDmitri ($229.33 in chips)
Seat 4: Mullern ($69.49 in chips)
Mullern: posts small blind $1
VolkovDmitri: posts big blind $3
*** HOLE CARDS ***
Mullern: folds
Uncalled bet ($2) returned to VolkovDmitri
VolkovDmitri collected $2 from pot
VolkovDmitri: doesn't show hand
YtgJoniKgtY leaves the table
*** SUMMARY ***
Total pot $2 | Rake $0
Seat 1: VolkovDmitri (big blind) collected ($2)
Seat 4: Mullern (button) (small blind) folded before Flop


