PokerStars Hand #159323571044:  Hold'em Limit ($3/$6 USD) - 2016/10/01 7:00:18 ET
Table 'Virginia' 6-max Seat #1 is the button
Seat 1: Velbor107 ($300 in chips)
Seat 3: Töttöröö94 ($40 in chips)
Velbor107: posts small blind $1
Töttöröö94: posts big blind $3
*** HOLE CARDS ***
Velbor107: raises $3 to $6
Töttöröö94: calls $3
*** FLOP *** [Qh 7c Qd]
Töttöröö94: checks
Velbor107: bets $3
Töttöröö94: raises $3 to $6
Velbor107: calls $3
*** TURN *** [Qh 7c Qd] [3h]
Töttöröö94: bets $6
Velbor107: calls $6
*** RIVER *** [Qh 7c Qd 3h] [Qc]
Töttöröö94: bets $6
Velbor107: calls $6
*** SHOW DOWN ***
Töttöröö94: shows [5d Ks] (three of a kind, Queens)
Velbor107: shows [6c Kc] (three of a kind, Queens)
Töttöröö94 collected $23.75 from pot
Velbor107 collected $23.75 from pot
*** SUMMARY ***
Total pot $48 | Rake $0.50
Board [Qh 7c Qd 3h Qc]
Seat 1: Velbor107 (button) (small blind) showed [6c Kc] and won ($23.75) with three of a kind, Queens
Seat 3: Töttöröö94 (big blind) showed [5d Ks] and won ($23.75) with three of a kind, Queens


PokerStars Hand #159323608554:  Hold'em Limit ($3/$6 USD) - 2016/10/01 7:01:48 ET
Table 'Virginia' 6-max Seat #1 is the button
Seat 1: Velbor107 ($281.39 in chips)
Seat 3: Töttöröö94 ($57.25 in chips)
Velbor107: posts small blind $1
Töttöröö94: posts big blind $3
*** HOLE CARDS ***
Velbor107: raises $3 to $6
Töttöröö94: folds
Uncalled bet ($3) returned to Velbor107
Velbor107 collected $6 from pot
*** SUMMARY ***
Total pot $6 | Rake $0
Seat 1: Velbor107 (button) (small blind) collected ($6)
Seat 3: Töttöröö94 (big blind) folded before Flop


PokerStars Hand #159323603363:  Hold'em Limit ($3/$6 USD) - 2016/10/01 7:01:36 ET
Table 'Virginia' 6-max Seat #3 is the button
Seat 1: Velbor107 ($272.75 in chips)
Seat 3: Töttöröö94 ($66.25 in chips)
Töttöröö94: posts small blind $1
Velbor107: posts big blind $3
*** HOLE CARDS ***
Töttöröö94: raises $3 to $6
Velbor107: calls $3
*** FLOP *** [Ad 7c 9h]
Velbor107: checks
Töttöröö94: bets $3
Velbor107: raises $3 to $6
Töttöröö94: folds
Uncalled bet ($3) returned to Velbor107
Velbor107 collected $17.64 from pot
*** SUMMARY ***
Total pot $18 | Rake $0.36
Board [Ad 7c 9h]
Seat 1: Velbor107 (big blind) collected ($17.64)
Seat 3: Töttöröö94 (button) (small blind) folded on the Flop


PokerStars Hand #159323600431:  Hold'em Limit ($3/$6 USD) - 2016/10/01 7:01:29 ET
Table 'Virginia' 6-max Seat #1 is the button
Seat 1: Velbor107 ($269.75 in chips)
Seat 3: Töttöröö94 ($69.25 in chips)
Velbor107: posts small blind $1
Töttöröö94: posts big blind $3
*** HOLE CARDS ***
Velbor107: raises $3 to $6
Töttöröö94: folds
Uncalled bet ($3) returned to Velbor107
Velbor107 collected $6 from pot
*** SUMMARY ***
Total pot $6 | Rake $0
Seat 1: Velbor107 (button) (small blind) collected ($6)
Seat 3: Töttöröö94 (big blind) folded before Flop


PokerStars Hand #159323584494:  Hold'em Limit ($3/$6 USD) - 2016/10/01 7:00:51 ET
Table 'Virginia' 6-max Seat #3 is the button
Seat 1: Velbor107 ($299.75 in chips)
Seat 3: Töttöröö94 ($39.75 in chips)
Töttöröö94: posts small blind $1
Velbor107: posts big blind $3
*** HOLE CARDS ***
Töttöröö94: raises $3 to $6
Velbor107: calls $3
*** FLOP *** [5c 6h 4c]
Velbor107: checks
Töttöröö94: bets $3
Velbor107: raises $3 to $6
Töttöröö94: calls $3
*** TURN *** [5c 6h 4c] [7c]
Velbor107: bets $6
Töttöröö94: raises $6 to $12
Velbor107: calls $6
*** RIVER *** [5c 6h 4c 7c] [As]
Velbor107: checks
Töttöröö94: bets $6
Velbor107: calls $6
*** SHOW DOWN ***
Töttöröö94: shows [Ks 3d] (a straight, Three to Seven)
Velbor107: mucks hand
Töttöröö94 collected $59.50 from pot
*** SUMMARY ***
Total pot $60 | Rake $0.50
Board [5c 6h 4c 7c As]
Seat 1: Velbor107 (big blind) mucked
Seat 3: Töttöröö94 (button) (small blind) showed [Ks 3d] and won ($59.50) with a straight, Three to Seven


PokerStars Hand #159323629356:  Hold'em Limit ($3/$6 USD) - 2016/10/01 7:02:36 ET
Table 'Virginia' 6-max Seat #3 is the button
Seat 1: Velbor107 ($247.39 in chips)
Seat 3: Töttöröö94 ($90.75 in chips)
Töttöröö94: posts small blind $1
Velbor107: posts big blind $3
*** HOLE CARDS ***
Töttöröö94: raises $3 to $6
Velbor107: calls $3
*** FLOP *** [5s Ac Jc]
Velbor107: checks
Töttöröö94: bets $3
Velbor107: folds
Uncalled bet ($3) returned to Töttöröö94
Töttöröö94 collected $11.76 from pot
*** SUMMARY ***
Total pot $12 | Rake $0.24
Board [5s Ac Jc]
Seat 1: Velbor107 (big blind) folded on the Flop
Seat 3: Töttöröö94 (button) (small blind) collected ($11.76)


PokerStars Hand #159323627182:  Hold'em Limit ($3/$6 USD) - 2016/10/01 7:02:31 ET
Table 'Virginia' 6-max Seat #1 is the button
Seat 1: Velbor107 ($248.39 in chips)
Seat 3: Töttöröö94 ($89.75 in chips)
Velbor107: posts small blind $1
Töttöröö94: posts big blind $3
*** HOLE CARDS ***
Velbor107: folds
Uncalled bet ($2) returned to Töttöröö94
Töttöröö94 collected $2 from pot
*** SUMMARY ***
Total pot $2 | Rake $0
Seat 1: Velbor107 (button) (small blind) folded before Flop
Seat 3: Töttöröö94 (big blind) collected ($2)


PokerStars Hand #159323625222:  Hold'em Limit ($3/$6 USD) - 2016/10/01 7:02:27 ET
Table 'Virginia' 6-max Seat #3 is the button
Seat 1: Velbor107 ($247.39 in chips)
Seat 3: Töttöröö94 ($90.75 in chips)
Töttöröö94: posts small blind $1
Velbor107: posts big blind $3
*** HOLE CARDS ***
Töttöröö94: folds
Uncalled bet ($2) returned to Velbor107
Velbor107 collected $2 from pot
*** SUMMARY ***
Total pot $2 | Rake $0
Seat 1: Velbor107 (big blind) collected ($2)
Seat 3: Töttöröö94 (button) (small blind) folded before Flop


PokerStars Hand #159323623198:  Hold'em Limit ($3/$6 USD) - 2016/10/01 7:02:22 ET
Table 'Virginia' 6-max Seat #1 is the button
Seat 1: Velbor107 ($248.39 in chips)
Seat 3: Töttöröö94 ($89.75 in chips)
Velbor107: posts small blind $1
Töttöröö94: posts big blind $3
*** HOLE CARDS ***
Velbor107: folds
Uncalled bet ($2) returned to Töttöröö94
Töttöröö94 collected $2 from pot
*** SUMMARY ***
Total pot $2 | Rake $0
Seat 1: Velbor107 (button) (small blind) folded before Flop
Seat 3: Töttöröö94 (big blind) collected ($2)


PokerStars Hand #159323611461:  Hold'em Limit ($3/$6 USD) - 2016/10/01 7:01:55 ET
Table 'Virginia' 6-max Seat #3 is the button
Seat 1: Velbor107 ($284.39 in chips)
Seat 3: Töttöröö94 ($54.25 in chips)
Töttöröö94: posts small blind $1
Velbor107: posts big blind $3
*** HOLE CARDS ***
Töttöröö94: raises $3 to $6
Velbor107: raises $3 to $9
Töttöröö94: calls $3
*** FLOP *** [2s Tc 2h]
Velbor107: bets $3
Töttöröö94: calls $3
*** TURN *** [2s Tc 2h] [Jc]
Velbor107: bets $6
Töttöröö94: raises $6 to $12
Velbor107: raises $6 to $18
Töttöröö94: raises $6 to $24
Betting is capped
Velbor107: calls $6
*** RIVER *** [2s Tc 2h Jc] [Qc]
Velbor107: checks
Töttöröö94: bets $6
Velbor107: folds
Uncalled bet ($6) returned to Töttöröö94
Töttöröö94 collected $71.50 from pot
*** SUMMARY ***
Total pot $72 | Rake $0.50
Board [2s Tc 2h Jc Qc]
Seat 1: Velbor107 (big blind) folded on the River
Seat 3: Töttöröö94 (button) (small blind) collected ($71.50)


PokerStars Hand #159323664010:  Hold'em Limit ($3/$6 USD) - 2016/10/01 7:03:56 ET
Table 'Virginia' 6-max Seat #3 is the button
Seat 1: Velbor107 ($229.39 in chips)
Seat 3: Töttöröö94 ($108.03 in chips)
Töttöröö94: posts small blind $1
Velbor107: posts big blind $3
*** HOLE CARDS ***
Töttöröö94: raises $3 to $6
Velbor107: folds
Uncalled bet ($3) returned to Töttöröö94
Töttöröö94 collected $6 from pot
*** SUMMARY ***
Total pot $6 | Rake $0
Seat 1: Velbor107 (big blind) folded before Flop
Seat 3: Töttöröö94 (button) (small blind) collected ($6)


PokerStars Hand #159323636354:  Hold'em Limit ($3/$6 USD) - 2016/10/01 7:02:52 ET
Table 'Virginia' 6-max Seat #1 is the button
Seat 1: Velbor107 ($241.39 in chips)
Seat 3: Töttöröö94 ($96.51 in chips)
Velbor107: posts small blind $1
Töttöröö94: posts big blind $3
*** HOLE CARDS ***
Velbor107: raises $3 to $6
Töttöröö94: raises $3 to $9
Velbor107: calls $3
*** FLOP *** [4c 7h 3s]
Töttöröö94: bets $3
Velbor107: calls $3
*** TURN *** [4c 7h 3s] [8s]
Töttöröö94: bets $6
Velbor107: folds
Uncalled bet ($6) returned to Töttöröö94
Töttöröö94 collected $23.52 from pot
*** SUMMARY ***
Total pot $24 | Rake $0.48
Board [4c 7h 3s 8s]
Seat 1: Velbor107 (button) (small blind) folded on the Turn
Seat 3: Töttöröö94 (big blind) collected ($23.52)


PokerStars Hand #159323686023:  Hold'em Limit ($3/$6 USD) - 2016/10/01 7:04:26 ET
Table 'Virginia' 6-max Seat #3 is the button
Seat 1: Velbor107 ($246.89 in chips)
Seat 3: Töttöröö94 ($90.03 in chips)
Töttöröö94: posts small blind $1
Velbor107: posts big blind $3
*** HOLE CARDS ***
Töttöröö94: raises $3 to $6
Velbor107: calls $3
*** FLOP *** [Kd Ts 8s]
Velbor107: checks
Töttöröö94: checks
*** TURN *** [Kd Ts 8s] [Kc]
Velbor107: checks
Töttöröö94: bets $6
Velbor107: calls $6
*** RIVER *** [Kd Ts 8s Kc] [3h]
Velbor107: checks
Töttöröö94: bets $6
Velbor107: calls $6
*** SHOW DOWN ***
Töttöröö94: shows [4c Tc] (two pair, Kings and Tens)
Velbor107: mucks hand
Töttöröö94 collected $35.50 from pot
*** SUMMARY ***
Total pot $36 | Rake $0.50
Board [Kd Ts 8s Kc 3h]
Seat 1: Velbor107 (big blind) mucked
Seat 3: Töttöröö94 (button) (small blind) showed [4c Tc] and won ($35.50) with two pair, Kings and Tens


PokerStars Hand #159323698293:  Hold'em Limit ($3/$6 USD) - 2016/10/01 7:04:45 ET
Table 'Virginia' 6-max Seat #1 is the button
Seat 1: Velbor107 ($228.89 in chips)
Seat 3: Töttöröö94 ($107.53 in chips)
Velbor107: posts small blind $1
Töttöröö94: posts big blind $3
*** HOLE CARDS ***
Velbor107: raises $3 to $6
Töttöröö94: raises $3 to $9
Velbor107: calls $3
*** FLOP *** [Kd 5c Tc]
Töttöröö94: checks
Velbor107: checks
*** TURN *** [Kd 5c Tc] [Ac]
Töttöröö94: bets $6
Velbor107: folds
Uncalled bet ($6) returned to Töttöröö94
Töttöröö94 collected $17.64 from pot
*** SUMMARY ***
Total pot $18 | Rake $0.36
Board [Kd 5c Tc Ac]
Seat 1: Velbor107 (button) (small blind) folded on the Turn
Seat 3: Töttöröö94 (big blind) collected ($17.64)


PokerStars Hand #159323666231:  Hold'em Limit ($3/$6 USD) - 2016/10/01 7:04:01 ET
Table 'Virginia' 6-max Seat #1 is the button
Seat 1: Velbor107 ($226.39 in chips)
Seat 3: Töttöröö94 ($111.03 in chips)
Velbor107: posts small blind $1
Töttöröö94: posts big blind $3
*** HOLE CARDS ***
Velbor107: raises $3 to $6
Töttöröö94: calls $3
*** FLOP *** [Ad Jh 3c]
Töttöröö94: checks
Velbor107: bets $3
Töttöröö94: calls $3
*** TURN *** [Ad Jh 3c] [9c]
Töttöröö94: checks
Velbor107: bets $6
Töttöröö94: calls $6
*** RIVER *** [Ad Jh 3c 9c] [8d]
Töttöröö94: checks
Velbor107: bets $6
Töttöröö94: calls $6
*** SHOW DOWN ***
Velbor107: shows [Jd Qc] (a pair of Jacks)
Töttöröö94: mucks hand
Velbor107 collected $41.50 from pot
*** SUMMARY ***
Total pot $42 | Rake $0.50
Board [Ad Jh 3c 9c 8d]
Seat 1: Velbor107 (button) (small blind) showed [Jd Qc] and won ($41.50) with a pair of Jacks
Seat 3: Töttöröö94 (big blind) mucked


PokerStars Hand #159323714267:  Hold'em Limit ($3/$6 USD) - 2016/10/01 7:05:02 ET
Table 'Virginia' 6-max Seat #3 is the button
Seat 1: Velbor107 ($219.89 in chips)
Seat 3: Töttöröö94 ($116.17 in chips)
Töttöröö94: posts small blind $1
Velbor107: posts big blind $3
*** HOLE CARDS ***
Töttöröö94: raises $3 to $6
Velbor107: calls $3
*** FLOP *** [Jc 7c Qh]
Velbor107: checks
Töttöröö94: bets $3
Velbor107: raises $3 to $6
Töttöröö94: calls $3
*** TURN *** [Jc 7c Qh] [8c]
Velbor107: bets $6
Töttöröö94: calls $6
*** RIVER *** [Jc 7c Qh 8c] [8d]
Velbor107: bets $6
Töttöröö94: calls $6
*** SHOW DOWN ***
Velbor107: shows [6c 2c] (a flush, Jack high)
Töttöröö94: mucks hand
Velbor107 collected $47.50 from pot
*** SUMMARY ***
Total pot $48 | Rake $0.50
Board [Jc 7c Qh 8c 8d]
Seat 1: Velbor107 (big blind) showed [6c 2c] and won ($47.50) with a flush, Jack high
Seat 3: Töttöröö94 (button) (small blind) mucked


PokerStars Hand #159323740990:  Hold'em Limit ($3/$6 USD) - 2016/10/01 7:05:36 ET
Table 'Virginia' 6-max Seat #1 is the button
Seat 1: Velbor107 ($243.39 in chips)
Seat 3: Töttöröö94 ($92.17 in chips)
Velbor107: posts small blind $1
Töttöröö94: posts big blind $3
*** HOLE CARDS ***
Velbor107: raises $3 to $6
Töttöröö94: raises $3 to $9
Velbor107: calls $3
*** FLOP *** [4d 5h 8d]
Töttöröö94: bets $3
Velbor107: calls $3
*** TURN *** [4d 5h 8d] [Qs]
Töttöröö94: bets $6
Velbor107: calls $6
*** RIVER *** [4d 5h 8d Qs] [4s]
Töttöröö94: bets $6
Velbor107: folds
Uncalled bet ($6) returned to Töttöröö94
Töttöröö94 collected $35.50 from pot
*** SUMMARY ***
Total pot $36 | Rake $0.50
Board [4d 5h 8d Qs 4s]
Seat 1: Velbor107 (button) (small blind) folded on the River
Seat 3: Töttöröö94 (big blind) collected ($35.50)


PokerStars Hand #159323751402:  Hold'em Limit ($3/$6 USD) - 2016/10/01 7:06:00 ET
Table 'Virginia' 6-max Seat #3 is the button
Seat 1: Velbor107 ($225.39 in chips)
Seat 3: Töttöröö94 ($109.67 in chips)
Töttöröö94: posts small blind $1
Velbor107: posts big blind $3
*** HOLE CARDS ***
Töttöröö94: raises $3 to $6
Velbor107: calls $3
*** FLOP *** [7d Js 6c]
Velbor107: checks
Töttöröö94: checks
*** TURN *** [7d Js 6c] [6d]
Velbor107: checks
Töttöröö94: bets $6
Velbor107: raises $6 to $12
Töttöröö94: folds
Uncalled bet ($6) returned to Velbor107
Velbor107 collected $23.52 from pot
*** SUMMARY ***
Total pot $24 | Rake $0.48
Board [7d Js 6c 6d]
Seat 1: Velbor107 (big blind) collected ($23.52)
Seat 3: Töttöröö94 (button) (small blind) folded on the Turn


PokerStars Hand #159323765438:  Hold'em Limit ($3/$6 USD) - 2016/10/01 7:06:18 ET
Table 'Virginia' 6-max Seat #1 is the button
Seat 1: Velbor107 ($236.91 in chips)
Seat 3: Töttöröö94 ($97.67 in chips)
Velbor107: posts small blind $1
Töttöröö94: posts big blind $3
*** HOLE CARDS ***
Velbor107: raises $3 to $6
Töttöröö94: folds
Uncalled bet ($3) returned to Velbor107
Velbor107 collected $6 from pot
*** SUMMARY ***
Total pot $6 | Rake $0
Seat 1: Velbor107 (button) (small blind) collected ($6)
Seat 3: Töttöröö94 (big blind) folded before Flop


PokerStars Hand #159323768463:  Hold'em Limit ($3/$6 USD) - 2016/10/01 7:06:25 ET
Table 'Virginia' 6-max Seat #3 is the button
Seat 1: Velbor107 ($239.91 in chips)
Seat 3: Töttöröö94 ($94.67 in chips)
Töttöröö94: posts small blind $1
Velbor107: posts big blind $3
*** HOLE CARDS ***
Töttöröö94: raises $3 to $6
Velbor107: folds
Uncalled bet ($3) returned to Töttöröö94
Töttöröö94 collected $6 from pot
*** SUMMARY ***
Total pot $6 | Rake $0
Seat 1: Velbor107 (big blind) folded before Flop
Seat 3: Töttöröö94 (button) (small blind) collected ($6)


PokerStars Hand #159323771075:  Hold'em Limit ($3/$6 USD) - 2016/10/01 7:06:31 ET
Table 'Virginia' 6-max Seat #1 is the button
Seat 1: Velbor107 ($236.91 in chips)
Seat 3: Töttöröö94 ($97.67 in chips)
Velbor107: posts small blind $1
Töttöröö94: posts big blind $3
*** HOLE CARDS ***
Velbor107: raises $3 to $6
Töttöröö94: raises $3 to $9
Velbor107: calls $3
*** FLOP *** [3s 4s Kd]
Töttöröö94: bets $3
Velbor107: calls $3
*** TURN *** [3s 4s Kd] [8h]
Töttöröö94: bets $6
Velbor107: folds
Uncalled bet ($6) returned to Töttöröö94
Töttöröö94 collected $23.52 from pot
*** SUMMARY ***
Total pot $24 | Rake $0.48
Board [3s 4s Kd 8h]
Seat 1: Velbor107 (button) (small blind) folded on the Turn
Seat 3: Töttöröö94 (big blind) collected ($23.52)


PokerStars Hand #159323778671:  Hold'em Limit ($3/$6 USD) - 2016/10/01 7:06:49 ET
Table 'Virginia' 6-max Seat #3 is the button
Seat 1: Velbor107 ($224.91 in chips)
Seat 3: Töttöröö94 ($109.19 in chips)
Töttöröö94: posts small blind $1
Velbor107: posts big blind $3
*** HOLE CARDS ***
Töttöröö94: raises $3 to $6
Velbor107: calls $3
*** FLOP *** [5s 5h Jd]
Velbor107: checks
Töttöröö94: bets $3
Velbor107: folds
Uncalled bet ($3) returned to Töttöröö94
Töttöröö94 collected $11.76 from pot
*** SUMMARY ***
Total pot $12 | Rake $0.24
Board [5s 5h Jd]
Seat 1: Velbor107 (big blind) folded on the Flop
Seat 3: Töttöröö94 (button) (small blind) collected ($11.76)


PokerStars Hand #159323790511:  Hold'em Limit ($3/$6 USD) - 2016/10/01 7:07:17 ET
Table 'Virginia' 6-max Seat #1 is the button
Seat 1: Velbor107 ($218.91 in chips)
Seat 3: Töttöröö94 ($114.95 in chips)
Velbor107: posts small blind $1
Töttöröö94: posts big blind $3
*** HOLE CARDS ***
Velbor107: raises $3 to $6
Töttöröö94: folds
Uncalled bet ($3) returned to Velbor107
Velbor107 collected $6 from pot
*** SUMMARY ***
Total pot $6 | Rake $0
Seat 1: Velbor107 (button) (small blind) collected ($6)
Seat 3: Töttöröö94 (big blind) folded before Flop


PokerStars Hand #159323793533:  Hold'em Limit ($3/$6 USD) - 2016/10/01 7:07:24 ET
Table 'Virginia' 6-max Seat #3 is the button
Seat 1: Velbor107 ($221.91 in chips)
Seat 3: Töttöröö94 ($111.95 in chips)
Töttöröö94: posts small blind $1
Velbor107: posts big blind $3
*** HOLE CARDS ***
Töttöröö94: raises $3 to $6
Velbor107: calls $3
*** FLOP *** [6c 7c 6h]
Velbor107: checks
Psynto joins the table at seat #4
Töttöröö94: bets $3
Velbor107: calls $3
*** TURN *** [6c 7c 6h] [Tc]
Velbor107: checks
Töttöröö94: bets $6
Velbor107: folds
Uncalled bet ($6) returned to Töttöröö94
Töttöröö94 collected $17.64 from pot
*** SUMMARY ***
Total pot $18 | Rake $0.36
Board [6c 7c 6h Tc]
Seat 1: Velbor107 (big blind) folded on the Turn
Seat 3: Töttöröö94 (button) (small blind) collected ($17.64)


PokerStars Hand #159323806036:  Hold'em Limit ($3/$6 USD) - 2016/10/01 7:07:52 ET
Table 'Virginia' 6-max Seat #1 is the button
Seat 1: Velbor107 ($212.91 in chips)
Seat 3: Töttöröö94 ($120.59 in chips)
Velbor107: posts small blind $1
Töttöröö94: posts big blind $3
*** HOLE CARDS ***
Velbor107: raises $3 to $6
Töttöröö94: folds
Uncalled bet ($3) returned to Velbor107
Velbor107 collected $6 from pot
*** SUMMARY ***
Total pot $6 | Rake $0
Seat 1: Velbor107 (button) (small blind) collected ($6)
Seat 3: Töttöröö94 (big blind) folded before Flop


PokerStars Hand #159323829110:  Hold'em Limit ($3/$6 USD) - 2016/10/01 7:08:44 ET
Table 'Virginia' 6-max Seat #1 is the button
Seat 1: Velbor107 ($216.91 in chips)
Seat 4: Psynto ($72 in chips)
Velbor107: posts small blind $1
Töttöröö94: is sitting out
Psynto: posts big blind $3
*** HOLE CARDS ***
Velbor107: raises $3 to $6
Psynto: calls $3
*** FLOP *** [7c 3c 5d]
Psynto: checks
Velbor107: checks
*** TURN *** [7c 3c 5d] [6s]
Psynto: bets $6
Velbor107: calls $6
*** RIVER *** [7c 3c 5d 6s] [Ac]
Psynto: checks
Velbor107: checks
*** SHOW DOWN ***
Psynto: shows [2h Qd] (high card Ace)
Velbor107: mucks hand
Psynto collected $23.52 from pot
*** SUMMARY ***
Total pot $24 | Rake $0.48
Board [7c 3c 5d 6s Ac]
Seat 1: Velbor107 (button) (small blind) mucked
Seat 4: Psynto (big blind) showed [2h Qd] and won ($23.52) with high card Ace


PokerStars Hand #159323848966:  Hold'em Limit ($3/$6 USD) - 2016/10/01 7:09:29 ET
Table 'Virginia' 6-max Seat #4 is the button
Seat 1: Velbor107 ($204.91 in chips)
Seat 4: Psynto ($83.52 in chips)
Psynto: posts small blind $1
Velbor107: posts big blind $3
*** HOLE CARDS ***
Psynto: raises $3 to $6
Velbor107: calls $3
*** FLOP *** [4s 3s Qs]
Velbor107: checks
Psynto: bets $3
Velbor107: raises $3 to $6
Psynto: calls $3
*** TURN *** [4s 3s Qs] [3h]
Velbor107: bets $6
Psynto: calls $6
*** RIVER *** [4s 3s Qs 3h] [8s]
Velbor107: bets $6
Psynto: folds
Uncalled bet ($6) returned to Velbor107
Velbor107 collected $35.50 from pot
*** SUMMARY ***
Total pot $36 | Rake $0.50
Board [4s 3s Qs 3h 8s]
Seat 1: Velbor107 (big blind) collected ($35.50)
Seat 4: Psynto (button) (small blind) folded on the River


