PokerStars Hand #150530912142:  Hold'em Limit ($3/$6 USD) - 2016/03/18 6:24:18 ET
Table 'Virgo' 6-max Seat #3 is the button
Seat 3: @92gara42@ ($50.10 in chips)
Seat 4: Agrotait ($72 in chips)
@92gara42@: posts small blind $1
Agrotait: posts big blind $3
*** HOLE CARDS ***
@92gara42@: raises $3 to $6
Agrotait: calls $3
*** FLOP *** [8d 4c 3d]
Agrotait: checks
@92gara42@: bets $3
Agrotait: calls $3
*** TURN *** [8d 4c 3d] [Qh]
Agrotait: checks
@92gara42@: bets $6
Agrotait: calls $6
*** RIVER *** [8d 4c 3d Qh] [Kc]
Agrotait: checks
@92gara42@: bets $6
Headgtboy joins the table at seat #1
Agrotait: calls $6
*** SHOW DOWN ***
@92gara42@: shows [Ah Ad] (a pair of Aces)
Agrotait: mucks hand
@92gara42@ collected $41.50 from pot
*** SUMMARY ***
Total pot $42 | Rake $0.50
Board [8d 4c 3d Qh Kc]
Seat 3: @92gara42@ (button) (small blind) showed [Ah Ad] and won ($41.50) with a pair of Aces
Seat 4: Agrotait (big blind) mucked


PokerStars Hand #150531015932:  Hold'em Limit ($3/$6 USD) - 2016/03/18 6:28:18 ET
Table 'Virgo' 6-max Seat #3 is the button
Seat 3: @92gara42@ ($45.60 in chips)
Seat 4: Agrotait ($103.33 in chips)
@92gara42@: posts small blind $1
Agrotait: posts big blind $3
*** HOLE CARDS ***
@92gara42@: folds
Uncalled bet ($2) returned to Agrotait
Agrotait collected $2 from pot
Agrotait: doesn't show hand
*** SUMMARY ***
Total pot $2 | Rake $0
Seat 3: @92gara42@ (button) (small blind) folded before Flop
Seat 4: Agrotait (big blind) collected ($2)


PokerStars Hand #150531003136:  Hold'em Limit ($3/$6 USD) - 2016/03/18 6:27:49 ET
Table 'Virgo' 6-max Seat #4 is the button
Seat 3: @92gara42@ ($60.60 in chips)
Seat 4: Agrotait ($88.83 in chips)
Agrotait: posts small blind $1
@92gara42@: posts big blind $3
*** HOLE CARDS ***
Agrotait: raises $3 to $6
Headgtboy leaves the table
@92gara42@: calls $3
*** FLOP *** [9s 8d 4d]
krytalex joins the table at seat #5
@92gara42@: checks
Agrotait: bets $3
@92gara42@: calls $3
*** TURN *** [9s 8d 4d] [7s]
@92gara42@: checks
Agrotait: bets $6
@92gara42@: calls $6
*** RIVER *** [9s 8d 4d 7s] [Kh]
@92gara42@: checks
Agrotait: bets $6
@92gara42@: folds
Uncalled bet ($6) returned to Agrotait
Agrotait collected $29.50 from pot
Agrotait: doesn't show hand
*** SUMMARY ***
Total pot $30 | Rake $0.50
Board [9s 8d 4d 7s Kh]
Seat 3: @92gara42@ (big blind) folded on the River
Seat 4: Agrotait (button) (small blind) collected ($29.50)


