PokerStars Hand #150886878490:  Hold'em Limit ($3/$6 USD) - 2016/03/24 23:59:33 ET
Table 'Virgo' 6-max Seat #3 is the button
Seat 3: vanhetpadje ($67.30 in chips)
Seat 4: VolkovDmitri ($120 in chips)
vanhetpadje: posts small blind $1
VolkovDmitri: posts big blind $3
*** HOLE CARDS ***
vanhetpadje: raises $3 to $6
VolkovDmitri: folds
Uncalled bet ($3) returned to vanhetpadje
vanhetpadje collected $6 from pot
vanhetpadje: doesn't show hand
*** SUMMARY ***
Total pot $6 | Rake $0
Seat 3: vanhetpadje (button) (small blind) collected ($6)
Seat 4: VolkovDmitri (big blind) folded before Flop


PokerStars Hand #150886867757:  Hold'em Limit ($3/$6 USD) - 2016/03/24 23:58:55 ET
Table 'Virgo' 6-max Seat #4 is the button
Seat 3: vanhetpadje ($52.80 in chips)
Seat 4: VolkovDmitri ($122.88 in chips)
VolkovDmitri: posts small blind $1
vanhetpadje: posts big blind $3
*** HOLE CARDS ***
VolkovDmitri: raises $3 to $6
vanhetpadje: calls $3
*** FLOP *** [Qc 3h 4h]
vanhetpadje: checks
VolkovDmitri: bets $3
vanhetpadje: calls $3
*** TURN *** [Qc 3h 4h] [Th]
vanhetpadje: checks
VolkovDmitri: checks
*** RIVER *** [Qc 3h 4h Th] [3c]
vanhetpadje: bets $6
VolkovDmitri: calls $6
*** SHOW DOWN ***
vanhetpadje: shows [2c Qs] (two pair, Queens and Threes)
VolkovDmitri: mucks hand
vanhetpadje collected $29.50 from pot
*** SUMMARY ***
Total pot $30 | Rake $0.50
Board [Qc 3h 4h Th 3c]
Seat 3: vanhetpadje (big blind) showed [2c Qs] and won ($29.50) with two pair, Queens and Threes
Seat 4: VolkovDmitri (button) (small blind) mucked


PokerStars Hand #150886880974:  Hold'em Limit ($3/$6 USD) - 2016/03/24 23:59:41 ET
Table 'Virgo' 6-max Seat #4 is the button
Seat 3: vanhetpadje ($70.30 in chips)
Seat 4: VolkovDmitri ($120 in chips)
VolkovDmitri: posts small blind $1
vanhetpadje: posts big blind $3
*** HOLE CARDS ***
VolkovDmitri: raises $3 to $6
vanhetpadje: calls $3
*** FLOP *** [2d 6c 9s]
vanhetpadje: bets $3
VolkovDmitri: raises $3 to $6
vanhetpadje: calls $3
*** TURN *** [2d 6c 9s] [5s]
vanhetpadje: checks
VolkovDmitri: bets $6
vanhetpadje: calls $6
*** RIVER *** [2d 6c 9s 5s] [Jc]
vanhetpadje: checks
VolkovDmitri: bets $6
vanhetpadje: calls $6
*** SHOW DOWN ***
VolkovDmitri: shows [9c 3c] (a pair of Nines)
vanhetpadje: mucks hand
VolkovDmitri collected $47.50 from pot
*** SUMMARY ***
Total pot $48 | Rake $0.50
Board [2d 6c 9s 5s Jc]
Seat 3: vanhetpadje (big blind) mucked
Seat 4: VolkovDmitri (button) (small blind) showed [9c 3c] and won ($47.50) with a pair of Nines


PokerStars Hand #150886890776:  Hold'em Limit ($3/$6 USD) - 2016/03/25 0:00:15 ET
Table 'Virgo' 6-max Seat #3 is the button
Seat 3: vanhetpadje ($46.30 in chips)
Seat 4: VolkovDmitri ($143.50 in chips)
vanhetpadje: posts small blind $1
VolkovDmitri: posts big blind $3
*** HOLE CARDS ***
vanhetpadje: raises $3 to $6
VolkovDmitri: calls $3
*** FLOP *** [9d 2c 3d]
VolkovDmitri: checks
vanhetpadje: bets $3
VolkovDmitri: raises $3 to $6
vanhetpadje: raises $3 to $9
VolkovDmitri: calls $3
*** TURN *** [9d 2c 3d] [As]
VolkovDmitri: checks
vanhetpadje: bets $6
VolkovDmitri: calls $6
*** RIVER *** [9d 2c 3d As] [Kc]
VolkovDmitri: checks
vanhetpadje: bets $6
VolkovDmitri: calls $6
*** SHOW DOWN ***
vanhetpadje: shows [Ks 9c] (two pair, Kings and Nines)
VolkovDmitri: mucks hand
vanhetpadje collected $53.50 from pot
*** SUMMARY ***
Total pot $54 | Rake $0.50
Board [9d 2c 3d As Kc]
Seat 3: vanhetpadje (button) (small blind) showed [Ks 9c] and won ($53.50) with two pair, Kings and Nines
Seat 4: VolkovDmitri (big blind) mucked


PokerStars Hand #150886907532:  Hold'em Limit ($3/$6 USD) - 2016/03/25 0:01:10 ET
Table 'Virgo' 6-max Seat #4 is the button
Seat 3: vanhetpadje ($72.80 in chips)
Seat 4: VolkovDmitri ($120 in chips)
VolkovDmitri: posts small blind $1
vanhetpadje: posts big blind $3
*** HOLE CARDS ***
VolkovDmitri: raises $3 to $6
vanhetpadje: raises $3 to $9
VolkovDmitri: calls $3
*** FLOP *** [4c Th 7c]
vanhetpadje: bets $3
VolkovDmitri: raises $3 to $6
vanhetpadje: calls $3
*** TURN *** [4c Th 7c] [3h]
vanhetpadje: checks
VolkovDmitri: bets $6
vanhetpadje: calls $6
*** RIVER *** [4c Th 7c 3h] [8d]
vanhetpadje: checks
VolkovDmitri: bets $6
vanhetpadje: calls $6
*** SHOW DOWN ***
VolkovDmitri: shows [6c 5c] (a straight, Four to Eight)
vanhetpadje: mucks hand
VolkovDmitri collected $53.50 from pot
*** SUMMARY ***
Total pot $54 | Rake $0.50
Board [4c Th 7c 3h 8d]
Seat 3: vanhetpadje (big blind) mucked
Seat 4: VolkovDmitri (button) (small blind) showed [6c 5c] and won ($53.50) with a straight, Four to Eight


PokerStars Hand #150886938363:  Hold'em Limit ($3/$6 USD) - 2016/03/25 0:02:45 ET
Table 'Virgo' 6-max Seat #4 is the button
Seat 3: vanhetpadje ($24.80 in chips)
Seat 4: VolkovDmitri ($167 in chips)
VolkovDmitri: posts small blind $1
vanhetpadje: posts big blind $3
*** HOLE CARDS ***
VolkovDmitri: folds
Uncalled bet ($2) returned to vanhetpadje
vanhetpadje collected $2 from pot
vanhetpadje: doesn't show hand
*** SUMMARY ***
Total pot $2 | Rake $0
Seat 3: vanhetpadje (big blind) collected ($2)
Seat 4: VolkovDmitri (button) (small blind) folded before Flop


PokerStars Hand #150886919424:  Hold'em Limit ($3/$6 USD) - 2016/03/25 0:01:47 ET
Table 'Virgo' 6-max Seat #3 is the button
Seat 3: vanhetpadje ($45.80 in chips)
Seat 4: VolkovDmitri ($146.50 in chips)
vanhetpadje: posts small blind $1
VolkovDmitri: posts big blind $3
*** HOLE CARDS ***
vanhetpadje: raises $3 to $6
VolkovDmitri: raises $3 to $9
vanhetpadje: calls $3
*** FLOP *** [2s 6c Ac]
VolkovDmitri: bets $3
vanhetpadje: raises $3 to $6
VolkovDmitri: calls $3
*** TURN *** [2s 6c Ac] [Qh]
VolkovDmitri: checks
vanhetpadje: bets $6
VolkovDmitri: calls $6
*** RIVER *** [2s 6c Ac Qh] [Td]
VolkovDmitri: checks
vanhetpadje: checks
*** SHOW DOWN ***
VolkovDmitri: shows [Qd 8d] (a pair of Queens)
vanhetpadje: mucks hand
VolkovDmitri collected $41.50 from pot
*** SUMMARY ***
Total pot $42 | Rake $0.50
Board [2s 6c Ac Qh Td]
Seat 3: vanhetpadje (button) (small blind) mucked
Seat 4: VolkovDmitri (big blind) showed [Qd 8d] and won ($41.50) with a pair of Queens


PokerStars Hand #150886960330:  Hold'em Limit ($3/$6 USD) - 2016/03/25 0:03:51 ET
Table 'Virgo' 6-max Seat #4 is the button
Seat 3: vanhetpadje ($44.96 in chips)
Seat 4: VolkovDmitri ($146 in chips)
VolkovDmitri: posts small blind $1
vanhetpadje: posts big blind $3
*** HOLE CARDS ***
VolkovDmitri: raises $3 to $6
vanhetpadje: calls $3
*** FLOP *** [Qc 8h Jc]
vanhetpadje: checks
pksubban7600 joins the table at seat #1
VolkovDmitri: bets $3
vanhetpadje: calls $3
*** TURN *** [Qc 8h Jc] [Qs]
vanhetpadje: checks
VolkovDmitri: checks
*** RIVER *** [Qc 8h Jc Qs] [4s]
vanhetpadje: bets $6
VolkovDmitri: calls $6
*** SHOW DOWN ***
vanhetpadje: shows [4c Ah] (two pair, Queens and Fours)
VolkovDmitri: mucks hand
vanhetpadje collected $29.50 from pot
*** SUMMARY ***
Total pot $30 | Rake $0.50
Board [Qc 8h Jc Qs 4s]
Seat 3: vanhetpadje (big blind) showed [4c Ah] and won ($29.50) with two pair, Queens and Fours
Seat 4: VolkovDmitri (button) (small blind) mucked


PokerStars Hand #150886958377:  Hold'em Limit ($3/$6 USD) - 2016/03/25 0:03:45 ET
Table 'Virgo' 6-max Seat #3 is the button
Seat 3: vanhetpadje ($45.96 in chips)
Seat 4: VolkovDmitri ($145 in chips)
vanhetpadje: posts small blind $1
VolkovDmitri: posts big blind $3
*** HOLE CARDS ***
vanhetpadje: folds
Uncalled bet ($2) returned to VolkovDmitri
VolkovDmitri collected $2 from pot
VolkovDmitri: doesn't show hand
*** SUMMARY ***
Total pot $2 | Rake $0
Seat 3: vanhetpadje (button) (small blind) folded before Flop
Seat 4: VolkovDmitri (big blind) collected ($2)


PokerStars Hand #150886946398:  Hold'em Limit ($3/$6 USD) - 2016/03/25 0:03:09 ET
Table 'Virgo' 6-max Seat #4 is the button
Seat 3: vanhetpadje ($34.44 in chips)
Seat 4: VolkovDmitri ($157 in chips)
VolkovDmitri: posts small blind $1
vanhetpadje: posts big blind $3
*** HOLE CARDS ***
VolkovDmitri: raises $3 to $6
vanhetpadje: raises $3 to $9
VolkovDmitri: calls $3
*** FLOP *** [Jh Th Ah]
vanhetpadje: bets $3
VolkovDmitri: calls $3
*** TURN *** [Jh Th Ah] [2h]
vanhetpadje: bets $6
VolkovDmitri: folds
Uncalled bet ($6) returned to vanhetpadje
vanhetpadje collected $23.52 from pot
vanhetpadje: doesn't show hand
*** SUMMARY ***
Total pot $24 | Rake $0.48
Board [Jh Th Ah 2h]
Seat 3: vanhetpadje (big blind) collected ($23.52)
Seat 4: VolkovDmitri (button) (small blind) folded on the Turn


PokerStars Hand #150886971239:  Hold'em Limit ($3/$6 USD) - 2016/03/25 0:04:25 ET
Table 'Virgo' 6-max Seat #3 is the button
Seat 3: vanhetpadje ($59.46 in chips)
Seat 4: VolkovDmitri ($131 in chips)
vanhetpadje: posts small blind $1
VolkovDmitri: posts big blind $3
*** HOLE CARDS ***
vanhetpadje: calls $2
VolkovDmitri: checks
*** FLOP *** [5h Td Qh]
VolkovDmitri: bets $3
vanhetpadje: calls $3
*** TURN *** [5h Td Qh] [Js]
VolkovDmitri: bets $6
vanhetpadje: calls $6
*** RIVER *** [5h Td Qh Js] [Qc]
VolkovDmitri: checks
vanhetpadje: bets $6
VolkovDmitri: calls $6
*** SHOW DOWN ***
vanhetpadje: shows [8d 5c] (two pair, Queens and Fives)
VolkovDmitri: shows [Tc 4s] (two pair, Queens and Tens)
VolkovDmitri collected $35.50 from pot
*** SUMMARY ***
Total pot $36 | Rake $0.50
Board [5h Td Qh Js Qc]
Seat 3: vanhetpadje (button) (small blind) showed [8d 5c] and lost with two pair, Queens and Fives
Seat 4: VolkovDmitri (big blind) showed [Tc 4s] and won ($35.50) with two pair, Queens and Tens


PokerStars Hand #150887016009:  Hold'em Limit ($3/$6 USD) - 2016/03/25 0:06:42 ET
Table 'Virgo' 6-max Seat #4 is the button
Seat 3: vanhetpadje ($63.99 in chips)
Seat 4: VolkovDmitri ($165.39 in chips)
VolkovDmitri: posts small blind $1
vanhetpadje: posts big blind $3
*** HOLE CARDS ***
VolkovDmitri: raises $3 to $6
vanhetpadje: folds
Uncalled bet ($3) returned to VolkovDmitri
VolkovDmitri collected $6 from pot
VolkovDmitri: doesn't show hand
*** SUMMARY ***
Total pot $6 | Rake $0
Seat 3: vanhetpadje (big blind) folded before Flop
Seat 4: VolkovDmitri (button) (small blind) collected ($6)


PokerStars Hand #150887045902:  Hold'em Limit ($3/$6 USD) - 2016/03/25 0:08:05 ET
Table 'Virgo' 6-max Seat #4 is the button
Seat 3: vanhetpadje ($51.99 in chips)
Seat 4: VolkovDmitri ($177.03 in chips)
VolkovDmitri: posts small blind $1
vanhetpadje: posts big blind $3
*** HOLE CARDS ***
VolkovDmitri: raises $3 to $6
vanhetpadje: raises $3 to $9
VolkovDmitri: calls $3
*** FLOP *** [Qh 8d 4s]
vanhetpadje: bets $3
VolkovDmitri: calls $3
*** TURN *** [Qh 8d 4s] [Ac]
vanhetpadje: bets $6
VolkovDmitri: raises $6 to $12
vanhetpadje: raises $6 to $18
VolkovDmitri: calls $6
*** RIVER *** [Qh 8d 4s Ac] [4h]
vanhetpadje: bets $6
VolkovDmitri: calls $6
*** SHOW DOWN ***
vanhetpadje: shows [8h 8s] (a full house, Eights full of Fours)
VolkovDmitri: mucks hand
vanhetpadje collected $71.50 from pot
*** SUMMARY ***
Total pot $72 | Rake $0.50
Board [Qh 8d 4s Ac 4h]
Seat 3: vanhetpadje (big blind) showed [8h 8s] and won ($71.50) with a full house, Eights full of Fours
Seat 4: VolkovDmitri (button) (small blind) mucked


PokerStars Hand #150887026969:  Hold'em Limit ($3/$6 USD) - 2016/03/25 0:07:06 ET
Table 'Virgo' 6-max Seat #3 is the button
Seat 3: vanhetpadje ($60.99 in chips)
Seat 4: VolkovDmitri ($168.39 in chips)
vanhetpadje: posts small blind $1
VolkovDmitri: posts big blind $3
*** HOLE CARDS ***
vanhetpadje: calls $2
pksubban7600 leaves the table
VolkovDmitri: raises $3 to $6
vanhetpadje: calls $3
*** FLOP *** [2s Qh 5d]
VolkovDmitri: bets $3
vanhetpadje: calls $3
*** TURN *** [2s Qh 5d] [5c]
VolkovDmitri: checks
vanhetpadje: checks
*** RIVER *** [2s Qh 5d 5c] [5h]
VolkovDmitri: bets $6
vanhetpadje: folds
Uncalled bet ($6) returned to VolkovDmitri
VolkovDmitri collected $17.64 from pot
VolkovDmitri: doesn't show hand
*** SUMMARY ***
Total pot $18 | Rake $0.36
Board [2s Qh 5d 5c 5h]
Seat 3: vanhetpadje (button) (small blind) folded on the River
Seat 4: VolkovDmitri (big blind) collected ($17.64)


PokerStars Hand #150887058707:  Hold'em Limit ($3/$6 USD) - 2016/03/25 0:08:45 ET
Table 'Virgo' 6-max Seat #4 is the button
Seat 3: vanhetpadje ($90.49 in chips)
Seat 4: VolkovDmitri ($138.03 in chips)
VolkovDmitri: posts small blind $1
vanhetpadje: posts big blind $3
*** HOLE CARDS ***
Drago201666 joins the table at seat #6
VolkovDmitri: raises $3 to $6
vanhetpadje: calls $3
*** FLOP *** [3s Tc Qc]
vanhetpadje: checks
VolkovDmitri: bets $3
vanhetpadje: folds
Uncalled bet ($3) returned to VolkovDmitri
VolkovDmitri collected $11.76 from pot
VolkovDmitri: doesn't show hand
*** SUMMARY ***
Total pot $12 | Rake $0.24
Board [3s Tc Qc]
Seat 3: vanhetpadje (big blind) folded on the Flop
Seat 4: VolkovDmitri (button) (small blind) collected ($11.76)


PokerStars Hand #150887069664:  Hold'em Limit ($3/$6 USD) - 2016/03/25 0:09:20 ET
Table 'Virgo' 6-max Seat #3 is the button
Seat 3: vanhetpadje ($84.49 in chips)
Seat 4: VolkovDmitri ($143.79 in chips)
vanhetpadje: posts small blind $1
VolkovDmitri: posts big blind $3
*** HOLE CARDS ***
vanhetpadje: raises $3 to $6
VolkovDmitri: calls $3
*** FLOP *** [9s 2c 2h]
VolkovDmitri: checks
vanhetpadje: checks
*** TURN *** [9s 2c 2h] [7d]
VolkovDmitri: checks
vanhetpadje: bets $6
VolkovDmitri: folds
Uncalled bet ($6) returned to vanhetpadje
vanhetpadje collected $11.76 from pot
vanhetpadje: doesn't show hand
*** SUMMARY ***
Total pot $12 | Rake $0.24
Board [9s 2c 2h 7d]
Seat 3: vanhetpadje (button) (small blind) collected ($11.76)
Seat 4: VolkovDmitri (big blind) folded on the Turn


PokerStars Hand #150887521024:  Hold'em Limit ($3/$6 USD) - 2016/03/25 0:32:54 ET
Table 'Virgo' 6-max Seat #1 is the button
Seat 1: saldanhacida ($17.30 in chips)
Seat 4: VolkovDmitri ($250.77 in chips)
saldanhacida: posts small blind $1
MissEKAmouse: is sitting out
VolkovDmitri: posts big blind $3
*** HOLE CARDS ***
saldanhacida: folds
Uncalled bet ($2) returned to VolkovDmitri
VolkovDmitri collected $2 from pot
VolkovDmitri: doesn't show hand
*** SUMMARY ***
Total pot $2 | Rake $0
Seat 1: saldanhacida (button) (small blind) folded before Flop
Seat 4: VolkovDmitri (big blind) collected ($2)


