PokerStars Hand #147792725534:  Hold'em Limit ($3/$6 USD) - 2016/01/27 18:19:55 ET
Table 'Virgo II' 6-max Seat #5 is the button
Seat 4: AzureCaper ($72 in chips)
Seat 5: Dennis410 ($31 in chips)
Dennis410: posts small blind $1
AzureCaper: posts big blind $3
*** HOLE CARDS ***
Dennis410: calls $2
AzureCaper: checks
*** FLOP *** [3d Qd 4h]
AzureCaper: checks
Dennis410: checks
*** TURN *** [3d Qd 4h] [Jc]
AzureCaper: checks
Dennis410: checks
*** RIVER *** [3d Qd 4h Jc] [3c]
AzureCaper: checks
Dennis410: bets $6
AzureCaper: folds
Uncalled bet ($6) returned to Dennis410
Dennis410 collected $5.88 from pot
*** SUMMARY ***
Total pot $6 | Rake $0.12
Board [3d Qd 4h Jc 3c]
Seat 4: AzureCaper (big blind) folded on the River
Seat 5: Dennis410 (button) (small blind) collected ($5.88)


PokerStars Hand #147792739626:  Hold'em Limit ($3/$6 USD) - 2016/01/27 18:20:11 ET
Table 'Virgo II' 6-max Seat #4 is the button
Seat 4: AzureCaper ($72 in chips)
Seat 5: Dennis410 ($33.88 in chips)
AzureCaper: posts small blind $1
Dennis410: posts big blind $3
*** HOLE CARDS ***
AzureCaper: folds
Uncalled bet ($2) returned to Dennis410
Dennis410 collected $2 from pot
*** SUMMARY ***
Total pot $2 | Rake $0
Seat 4: AzureCaper (button) (small blind) folded before Flop
Seat 5: Dennis410 (big blind) collected ($2)


PokerStars Hand #147792779751:  Hold'em Limit ($3/$6 USD) - 2016/01/27 18:20:59 ET
Table 'Virgo II' 6-max Seat #4 is the button
Seat 4: AzureCaper ($85.50 in chips)
Seat 5: Dennis410 ($20.64 in chips)
AzureCaper: posts small blind $1
Dennis410: posts big blind $3
*** HOLE CARDS ***
AzureCaper: raises $3 to $6
Dennis410: folds
Uncalled bet ($3) returned to AzureCaper
AzureCaper collected $6 from pot
AzureCaper: doesn't show hand
*** SUMMARY ***
Total pot $6 | Rake $0
Seat 4: AzureCaper (button) (small blind) collected ($6)
Seat 5: Dennis410 (big blind) folded before Flop


PokerStars Hand #147792784370:  Hold'em Limit ($3/$6 USD) - 2016/01/27 18:21:04 ET
Table 'Virgo II' 6-max Seat #5 is the button
Seat 4: AzureCaper ($88.50 in chips)
Seat 5: Dennis410 ($17.64 in chips)
Dennis410: posts small blind $1
AzureCaper: posts big blind $3
*** HOLE CARDS ***
Dennis410: raises $3 to $6
AzureCaper: calls $3
*** FLOP *** [7d 9c 7h]
AzureCaper: checks
Dennis410: bets $3
AzureCaper: calls $3
*** TURN *** [7d 9c 7h] [Tc]
AzureCaper: checks
Dennis410: bets $6
AzureCaper: raises $6 to $12
Dennis410: calls $2.64 and is all-in
Uncalled bet ($3.36) returned to AzureCaper
*** RIVER *** [7d 9c 7h Tc] [2d]
*** SHOW DOWN ***
AzureCaper: shows [Kd 7c] (three of a kind, Sevens)
Dennis410: shows [Ks Kh] (two pair, Kings and Sevens)
AzureCaper collected $34.78 from pot
*** SUMMARY ***
Total pot $35.28 | Rake $0.50
Board [7d 9c 7h Tc 2d]
Seat 4: AzureCaper (big blind) showed [Kd 7c] and won ($34.78) with three of a kind, Sevens
Seat 5: Dennis410 (button) (small blind) showed [Ks Kh] and lost with two pair, Kings and Sevens


PokerStars Hand #147792764407:  Hold'em Limit ($3/$6 USD) - 2016/01/27 18:20:41 ET
Table 'Virgo II' 6-max Seat #4 is the button
Seat 4: AzureCaper ($92.50 in chips)
Seat 5: Dennis410 ($13.88 in chips)
AzureCaper: posts small blind $1
Dennis410: posts big blind $3
*** HOLE CARDS ***
AzureCaper: folds
Uncalled bet ($2) returned to Dennis410
Dennis410 collected $2 from pot
*** SUMMARY ***
Total pot $2 | Rake $0
Seat 4: AzureCaper (button) (small blind) folded before Flop
Seat 5: Dennis410 (big blind) collected ($2)


PokerStars Hand #147792743606:  Hold'em Limit ($3/$6 USD) - 2016/01/27 18:20:16 ET
Table 'Virgo II' 6-max Seat #5 is the button
Seat 4: AzureCaper ($72 in chips)
Seat 5: Dennis410 ($34.88 in chips)
Dennis410: posts small blind $1
AzureCaper: posts big blind $3
*** HOLE CARDS ***
Dennis410: raises $3 to $6
AzureCaper: calls $3
*** FLOP *** [8d Td Kh]
AzureCaper: checks
Dennis410: bets $3
AzureCaper: calls $3
*** TURN *** [8d Td Kh] [6h]
AzureCaper: checks
Dennis410: bets $6
AzureCaper: calls $6
*** RIVER *** [8d Td Kh 6h] [Kc]
AzureCaper: checks
Dennis410: bets $6
AzureCaper: calls $6
*** SHOW DOWN ***
Dennis410: shows [7c 7h] (two pair, Kings and Sevens)
AzureCaper: shows [8s Qd] (two pair, Kings and Eights)
AzureCaper collected $41.50 from pot
*** SUMMARY ***
Total pot $42 | Rake $0.50
Board [8d Td Kh 6h Kc]
Seat 4: AzureCaper (big blind) showed [8s Qd] and won ($41.50) with two pair, Kings and Eights
Seat 5: Dennis410 (button) (small blind) showed [7c 7h] and lost with two pair, Kings and Sevens


PokerStars Hand #147792883813:  Hold'em Limit ($3/$6 USD) - 2016/01/27 18:23:03 ET
Table 'Virgo II' 6-max Seat #6 is the button
Seat 3: wiezel0172 ($100 in chips)
Seat 6: harrydonkey ($120 in chips)
harrydonkey: posts small blind $1
wiezel0172: posts big blind $3
*** HOLE CARDS ***
harrydonkey: raises $3 to $6
wiezel0172: calls $3
*** FLOP *** [Jc Ks 3d]
wiezel0172: checks
harrydonkey: bets $3
wiezel0172: folds
Uncalled bet ($3) returned to harrydonkey
harrydonkey collected $11.76 from pot
*** SUMMARY ***
Total pot $12 | Rake $0.24
Board [Jc Ks 3d]
Seat 3: wiezel0172 (big blind) folded on the Flop
Seat 6: harrydonkey (button) (small blind) collected ($11.76)


