PokerStars Hand #147390404102:  Hold'em Limit ($3/$6 USD) - 2016/01/20 17:09:07 ET
Table 'Virtus' 6-max Seat #3 is the button
Seat 3: NAUTJE1337 ($92.14 in chips)
Seat 4: AzureCaper ($72 in chips)
NAUTJE1337: posts small blind $1
AzureCaper: posts big blind $3
*** HOLE CARDS ***
NAUTJE1337: raises $3 to $6
AzureCaper: calls $3
*** FLOP *** [Ts 9s 2c]
AzureCaper: checks
NAUTJE1337: bets $3
AzureCaper: folds
Uncalled bet ($3) returned to NAUTJE1337
NAUTJE1337 collected $11.76 from pot
*** SUMMARY ***
Total pot $12 | Rake $0.24
Board [Ts 9s 2c]
Seat 3: NAUTJE1337 (button) (small blind) collected ($11.76)
Seat 4: AzureCaper (big blind) folded on the Flop


PokerStars Hand #147390359656:  Hold'em Limit ($3/$6 USD) - 2016/01/20 17:08:23 ET
Table 'Virtus' 6-max Seat #4 is the button
Seat 3: NAUTJE1337 ($62.64 in chips)
Seat 4: AzureCaper ($72 in chips)
AzureCaper: posts small blind $1
NAUTJE1337: posts big blind $3
*** HOLE CARDS ***
AzureCaper: raises $3 to $6
NAUTJE1337: raises $3 to $9
AzureCaper: calls $3
*** FLOP *** [Qd 8h 9d]
NAUTJE1337: bets $3
AzureCaper: calls $3
*** TURN *** [Qd 8h 9d] [Qh]
NAUTJE1337: bets $6
AzureCaper: calls $6
*** RIVER *** [Qd 8h 9d Qh] [Jd]
NAUTJE1337: bets $6
AzureCaper: raises $6 to $12
NAUTJE1337: raises $6 to $18
AzureCaper: folds
Uncalled bet ($6) returned to NAUTJE1337
NAUTJE1337 collected $59.50 from pot
*** SUMMARY ***
Total pot $60 | Rake $0.50
Board [Qd 8h 9d Qh Jd]
Seat 3: NAUTJE1337 (big blind) collected ($59.50)
Seat 4: AzureCaper (button) (small blind) folded on the River


