PokerStars Hand #170540850932:  Hold'em Limit ($3/$6 USD) - 2017/05/17 11:36:02 ET
Table 'Virton' 6-max Seat #3 is the button
Seat 1: B_loJkl ($260.18 in chips)
Seat 3: kikiriki ($136.63 in chips)
kikiriki: posts small blind $1
VolkovDmitri: is sitting out
Homasapien: is sitting out
B_loJkl: posts big blind $3
*** HOLE CARDS ***
kikiriki: raises $3 to $6
VolkovDmitri leaves the table
B_loJkl: calls $3
*** FLOP *** [6s 5c 5d]
B_loJkl: checks
kikiriki: checks
*** TURN *** [6s 5c 5d] [8s]
B_loJkl: checks
kikiriki: checks
*** RIVER *** [6s 5c 5d 8s] [As]
B_loJkl: checks
kikiriki: bets $6
B_loJkl: folds
Uncalled bet ($6) returned to kikiriki
kikiriki collected $11.76 from pot
kikiriki: doesn't show hand
*** SUMMARY ***
Total pot $12 | Rake $0.24
Board [6s 5c 5d 8s As]
Seat 1: B_loJkl (big blind) folded on the River
Seat 3: kikiriki (button) (small blind) collected ($11.76)


PokerStars Hand #170540882070:  Hold'em Limit ($3/$6 USD) - 2017/05/17 11:36:52 ET
Table 'Virton' 6-max Seat #1 is the button
Seat 1: B_loJkl ($254.18 in chips)
Seat 3: kikiriki ($142.39 in chips)
B_loJkl: posts small blind $1
kikiriki: posts big blind $3
*** HOLE CARDS ***
B_loJkl: raises $3 to $6
kikiriki: calls $3
*** FLOP *** [5s Th 2h]
kikiriki: checks
B_loJkl: bets $3
kikiriki: calls $3
*** TURN *** [5s Th 2h] [Qs]
kikiriki: checks
B_loJkl: checks
*** RIVER *** [5s Th 2h Qs] [Kh]
kikiriki: checks
B_loJkl: bets $6
kikiriki: folds
Uncalled bet ($6) returned to B_loJkl
B_loJkl collected $17.64 from pot
B_loJkl: doesn't show hand
*** SUMMARY ***
Total pot $18 | Rake $0.36
Board [5s Th 2h Qs Kh]
Seat 1: B_loJkl (button) (small blind) collected ($17.64)
Seat 3: kikiriki (big blind) folded on the River


