PokerStars Hand #169552710915:  Hold'em Limit ($3/$6 USD) - 2017/04/25 15:59:17 ET
Table 'Virtus' 6-max Seat #3 is the button
Seat 1: Chessnok ($86.64 in chips)
Seat 3: artecris ($253.59 in chips)
artecris: posts small blind $1
Chessnok: posts big blind $3
*** HOLE CARDS ***
artecris: folds
Uncalled bet ($2) returned to Chessnok
jackRizzar joins the table at seat #5
Chessnok collected $2 from pot
Chessnok: doesn't show hand
*** SUMMARY ***
Total pot $2 | Rake $0
Seat 1: Chessnok (big blind) collected ($2)
Seat 3: artecris (button) (small blind) folded before Flop


PokerStars Hand #169552698917:  Hold'em Limit ($3/$6 USD) - 2017/04/25 15:59:01 ET
Table 'Virtus' 6-max Seat #1 is the button
Seat 1: Chessnok ($78 in chips)
Seat 3: artecris ($262.59 in chips)
Chessnok: posts small blind $1
artecris: posts big blind $3
*** HOLE CARDS ***
Chessnok: raises $3 to $6
artecris: calls $3
*** FLOP *** [6d Ac 5c]
artecris: checks
Chessnok: bets $3
artecris: calls $3
*** TURN *** [6d Ac 5c] [Ad]
artecris: checks
Chessnok: bets $6
artecris: folds
Uncalled bet ($6) returned to Chessnok
xxRGx joins the table at seat #2
Chessnok collected $17.64 from pot
Chessnok: doesn't show hand
*** SUMMARY ***
Total pot $18 | Rake $0.36
Board [6d Ac 5c Ad]
Seat 1: Chessnok (button) (small blind) collected ($17.64)
Seat 3: artecris (big blind) folded on the Turn


