PokerStars Hand #173952804376:  Hold'em Limit ($3/$6 USD) - 2017/08/05 11:52:12 ET
Table 'Virton' 6-max Seat #3 is the button
Seat 1: Velbor107 ($323.50 in chips)
Seat 3: Mailley ($21.02 in chips)
Mailley: posts small blind $1
Velbor107: posts big blind $3
*** HOLE CARDS ***
Mailley: raises $3 to $6
Velbor107: folds
Uncalled bet ($3) returned to Mailley
Mailley collected $6 from pot
Mailley: doesn't show hand
*** SUMMARY ***
Total pot $6 | Rake $0
Seat 1: Velbor107 (big blind) folded before Flop
Seat 3: Mailley (button) (small blind) collected ($6)


PokerStars Hand #173952773857:  Hold'em Limit ($3/$6 USD) - 2017/08/05 11:51:20 ET
Table 'Virton' 6-max Seat #1 is the button
Seat 1: Velbor107 ($300 in chips)
Seat 3: Mailley ($45.02 in chips)
Velbor107: posts small blind $1
Mailley: posts big blind $3
*** HOLE CARDS ***
Velbor107: raises $3 to $6
Mailley: raises $3 to $9
Velbor107: calls $3
*** FLOP *** [Ks Jd 6h]
Mailley: bets $3
Velbor107: calls $3
*** TURN *** [Ks Jd 6h] [5c]
Mailley: bets $6
Velbor107: calls $6
*** RIVER *** [Ks Jd 6h 5c] [Jc]
Mailley: bets $6
Velbor107: calls $6
*** SHOW DOWN ***
Mailley: shows [Td 7d] (a pair of Jacks)
Velbor107: shows [As Qs] (a pair of Jacks - Ace kicker)
Velbor107 collected $47.50 from pot
*** SUMMARY ***
Total pot $48 | Rake $0.50
Board [Ks Jd 6h 5c Jc]
Seat 1: Velbor107 (button) (small blind) showed [As Qs] and won ($47.50) with a pair of Jacks
Seat 3: Mailley (big blind) showed [Td 7d] and lost with a pair of Jacks


PokerStars Hand #173952809351:  Hold'em Limit ($3/$6 USD) - 2017/08/05 11:52:20 ET
Table 'Virton' 6-max Seat #1 is the button
Seat 1: Velbor107 ($320.50 in chips)
Seat 3: Mailley ($24.02 in chips)
Velbor107: posts small blind $1
Mailley: posts big blind $3
*** HOLE CARDS ***
Velbor107: raises $3 to $6
Mailley: raises $3 to $9
Velbor107: calls $3
*** FLOP *** [8c 2d 6h]
Mailley: bets $3
Fetish73 joins the table at seat #4
Velbor107: calls $3
*** TURN *** [8c 2d 6h] [9s]
Mailley: bets $6
Velbor107: calls $6
*** RIVER *** [8c 2d 6h 9s] [8h]
Mailley: bets $6
Velbor107: folds
Uncalled bet ($6) returned to Mailley
Mailley collected $35.50 from pot
Mailley: doesn't show hand
*** SUMMARY ***
Total pot $36 | Rake $0.50
Board [8c 2d 6h 9s 8h]
Seat 1: Velbor107 (button) (small blind) folded on the River
Seat 3: Mailley (big blind) collected ($35.50)


PokerStars Hand #173952919758:  Hold'em Limit ($3/$6 USD) - 2017/08/05 11:55:34 ET
Table 'Virton' 6-max Seat #1 is the button
Seat 1: Velbor107 ($298.42 in chips)
Seat 4: Fetish73 ($103.92 in chips)
Velbor107: posts small blind $1
Fetish73: posts big blind $3
*** HOLE CARDS ***
Velbor107: folds
Uncalled bet ($2) returned to Fetish73
Fetish73 collected $2 from pot
*** SUMMARY ***
Total pot $2 | Rake $0
Seat 1: Velbor107 (button) (small blind) folded before Flop
Seat 4: Fetish73 (big blind) collected ($2)


PokerStars Hand #173953671279:  Hold'em Limit ($3/$6 USD) - 2017/08/05 12:17:15 ET
Table 'Virton' 6-max Seat #1 is the button
Seat 1: Velbor107 ($300 in chips)
Seat 3: BAKU7777777 ($50 in chips)
Velbor107: posts small blind $1
BAKU7777777: posts big blind $3
*** HOLE CARDS ***
Velbor107: raises $3 to $6
BAKU7777777: calls $3
*** FLOP *** [2h 5d 6d]
BAKU7777777: checks
Velbor107: bets $3
BAKU7777777: calls $3
*** TURN *** [2h 5d 6d] [Ac]
BAKU7777777: checks
Velbor107: bets $6
BAKU7777777: calls $6
*** RIVER *** [2h 5d 6d Ac] [8s]
BAKU7777777: checks
Velbor107: bets $6
BAKU7777777: folds
Uncalled bet ($6) returned to Velbor107
Velbor107 collected $29.50 from pot
*** SUMMARY ***
Total pot $30 | Rake $0.50
Board [2h 5d 6d Ac 8s]
Seat 1: Velbor107 (button) (small blind) collected ($29.50)
Seat 3: BAKU7777777 (big blind) folded on the River


PokerStars Hand #173953688122:  Hold'em Limit ($3/$6 USD) - 2017/08/05 12:17:42 ET
Table 'Virton' 6-max Seat #3 is the button
Seat 1: Velbor107 ($314.50 in chips)
Seat 3: BAKU7777777 ($35 in chips)
BAKU7777777: posts small blind $1
Velbor107: posts big blind $3
*** HOLE CARDS ***
BAKU7777777: raises $3 to $6
Velbor107: calls $3
*** FLOP *** [Jc Qs Kc]
Velbor107: checks
BAKU7777777: bets $3
Velbor107: calls $3
*** TURN *** [Jc Qs Kc] [8s]
Velbor107: checks
BAKU7777777: bets $6
Velbor107: calls $6
*** RIVER *** [Jc Qs Kc 8s] [3c]
Velbor107: checks
BAKU7777777: bets $6
Velbor107: folds
Uncalled bet ($6) returned to BAKU7777777
BAKU7777777 collected $29.50 from pot
BAKU7777777: doesn't show hand
*** SUMMARY ***
Total pot $30 | Rake $0.50
Board [Jc Qs Kc 8s 3c]
Seat 1: Velbor107 (big blind) folded on the River
Seat 3: BAKU7777777 (button) (small blind) collected ($29.50)


PokerStars Hand #173953720454:  Hold'em Limit ($3/$6 USD) - 2017/08/05 12:18:36 ET
Table 'Virton' 6-max Seat #3 is the button
Seat 1: Velbor107 ($311.02 in chips)
Seat 3: BAKU7777777 ($37.50 in chips)
BAKU7777777: posts small blind $1
Velbor107: posts big blind $3
*** HOLE CARDS ***
BAKU7777777: calls $2
Velbor107: checks
*** FLOP *** [Th 6d Qd]
Velbor107: checks
BAKU7777777: bets $3
Velbor107: folds
Uncalled bet ($3) returned to BAKU7777777
BAKU7777777 collected $5.88 from pot
BAKU7777777: doesn't show hand
*** SUMMARY ***
Total pot $6 | Rake $0.12
Board [Th 6d Qd]
Seat 1: Velbor107 (big blind) folded on the Flop
Seat 3: BAKU7777777 (button) (small blind) collected ($5.88)


PokerStars Hand #173953708740:  Hold'em Limit ($3/$6 USD) - 2017/08/05 12:18:17 ET
Table 'Virton' 6-max Seat #1 is the button
Seat 1: Velbor107 ($299.50 in chips)
Seat 3: BAKU7777777 ($49.50 in chips)
Velbor107: posts small blind $1
BAKU7777777: posts big blind $3
*** HOLE CARDS ***
Velbor107: raises $3 to $6
BAKU7777777: calls $3
*** FLOP *** [7s Ac 2s]
BAKU7777777: checks
Velbor107: checks
*** TURN *** [7s Ac 2s] [8s]
BAKU7777777: checks
Velbor107: bets $6
BAKU7777777: calls $6
*** RIVER *** [7s Ac 2s 8s] [Kh]
BAKU7777777: checks
Velbor107: bets $6
BAKU7777777: folds
Uncalled bet ($6) returned to Velbor107
Velbor107 collected $23.52 from pot
*** SUMMARY ***
Total pot $24 | Rake $0.48
Board [7s Ac 2s 8s Kh]
Seat 1: Velbor107 (button) (small blind) collected ($23.52)
Seat 3: BAKU7777777 (big blind) folded on the River


PokerStars Hand #173953742101:  Hold'em Limit ($3/$6 USD) - 2017/08/05 12:19:12 ET
Table 'Virton' 6-max Seat #1 is the button
Seat 1: Velbor107 ($308.02 in chips)
Seat 3: BAKU7777777 ($40.38 in chips)
Velbor107: posts small blind $1
BAKU7777777: posts big blind $3
*** HOLE CARDS ***
Velbor107: raises $3 to $6
BAKU7777777: calls $3
*** FLOP *** [5s Kd 2c]
BAKU7777777: checks
Velbor107: checks
*** TURN *** [5s Kd 2c] [Ts]
BAKU7777777: checks
Velbor107: checks
*** RIVER *** [5s Kd 2c Ts] [9s]
BAKU7777777: checks
Velbor107: checks
*** SHOW DOWN ***
BAKU7777777: shows [3s Ac] (high card Ace)
Velbor107: mucks hand
BAKU7777777 collected $11.76 from pot
*** SUMMARY ***
Total pot $12 | Rake $0.24
Board [5s Kd 2c Ts 9s]
Seat 1: Velbor107 (button) (small blind) mucked
Seat 3: BAKU7777777 (big blind) showed [3s Ac] and won ($11.76) with high card Ace


PokerStars Hand #173953761144:  Hold'em Limit ($3/$6 USD) - 2017/08/05 12:19:44 ET
Table 'Virton' 6-max Seat #3 is the button
Seat 1: Velbor107 ($302.02 in chips)
Seat 3: BAKU7777777 ($46.14 in chips)
BAKU7777777: posts small blind $1
Velbor107: posts big blind $3
*** HOLE CARDS ***
BAKU7777777: calls $2
Velbor107: raises $3 to $6
BAKU7777777: calls $3
*** FLOP *** [5h Ts Ac]
Velbor107: bets $3
BAKU7777777: calls $3
*** TURN *** [5h Ts Ac] [3d]
Velbor107: checks
BAKU7777777: bets $6
Velbor107: raises $6 to $12
BAKU7777777: calls $6
*** RIVER *** [5h Ts Ac 3d] [7h]
Velbor107: bets $6
BAKU7777777: calls $6
*** SHOW DOWN ***
Velbor107: shows [8d As] (a pair of Aces)
BAKU7777777: mucks hand
Velbor107 collected $53.50 from pot
*** SUMMARY ***
Total pot $54 | Rake $0.50
Board [5h Ts Ac 3d 7h]
Seat 1: Velbor107 (big blind) showed [8d As] and won ($53.50) with a pair of Aces
Seat 3: BAKU7777777 (button) (small blind) mucked


PokerStars Hand #173953803856:  Hold'em Limit ($3/$6 USD) - 2017/08/05 12:20:54 ET
Table 'Virton' 6-max Seat #1 is the button
Seat 1: Velbor107 ($306.38 in chips)
Seat 3: BAKU7777777 ($40.78 in chips)
Velbor107: posts small blind $1
BAKU7777777: posts big blind $3
*** HOLE CARDS ***
Velbor107: folds
Uncalled bet ($2) returned to BAKU7777777
BAKU7777777 collected $2 from pot
BAKU7777777: doesn't show hand
*** SUMMARY ***
Total pot $2 | Rake $0
Seat 1: Velbor107 (button) (small blind) folded before Flop
Seat 3: BAKU7777777 (big blind) collected ($2)


PokerStars Hand #173953777238:  Hold'em Limit ($3/$6 USD) - 2017/08/05 12:20:10 ET
Table 'Virton' 6-max Seat #1 is the button
Seat 1: Velbor107 ($328.52 in chips)
Seat 3: BAKU7777777 ($19.14 in chips)
Velbor107: posts small blind $1
BAKU7777777: posts big blind $3
*** HOLE CARDS ***
Velbor107: raises $3 to $6
BAKU7777777: calls $3
*** FLOP *** [4s 3d 7s]
BAKU7777777: bets $3
Velbor107: raises $3 to $6
BAKU7777777: raises $3 to $9
Velbor107: calls $3
*** TURN *** [4s 3d 7s] [3s]
BAKU7777777: bets $4.14 and is all-in
Velbor107: calls $4.14
*** RIVER *** [4s 3d 7s 3s] [6s]
*** SHOW DOWN ***
BAKU7777777: shows [5s 8s] (a straight flush, Four to Eight)
Velbor107: shows [7h 9c] (two pair, Sevens and Threes)
BAKU7777777 collected $37.78 from pot
*** SUMMARY ***
Total pot $38.28 | Rake $0.50
Board [4s 3d 7s 3s 6s]
Seat 1: Velbor107 (button) (small blind) showed [7h 9c] and lost with two pair, Sevens and Threes
Seat 3: BAKU7777777 (big blind) showed [5s 8s] and won ($37.78) with a straight flush, Four to Eight


PokerStars Hand #173953806510:  Hold'em Limit ($3/$6 USD) - 2017/08/05 12:20:59 ET
Table 'Virton' 6-max Seat #3 is the button
Seat 1: Velbor107 ($305.38 in chips)
Seat 3: BAKU7777777 ($41.78 in chips)
BAKU7777777: posts small blind $1
Velbor107: posts big blind $3
*** HOLE CARDS ***
BAKU7777777: raises $3 to $6
Velbor107: folds
Uncalled bet ($3) returned to BAKU7777777
BAKU7777777 collected $6 from pot
BAKU7777777: doesn't show hand
*** SUMMARY ***
Total pot $6 | Rake $0
Seat 1: Velbor107 (big blind) folded before Flop
Seat 3: BAKU7777777 (button) (small blind) collected ($6)


PokerStars Hand #173953796265:  Hold'em Limit ($3/$6 USD) - 2017/08/05 12:20:42 ET
Table 'Virton' 6-max Seat #3 is the button
Seat 1: Velbor107 ($309.38 in chips)
Seat 3: BAKU7777777 ($37.78 in chips)
BAKU7777777: posts small blind $1
Velbor107: posts big blind $3
*** HOLE CARDS ***
BAKU7777777: raises $3 to $6
Velbor107: folds
Uncalled bet ($3) returned to BAKU7777777
BAKU7777777 collected $6 from pot
BAKU7777777: doesn't show hand
*** SUMMARY ***
Total pot $6 | Rake $0
Seat 1: Velbor107 (big blind) folded before Flop
Seat 3: BAKU7777777 (button) (small blind) collected ($6)


PokerStars Hand #173953840890:  Hold'em Limit ($3/$6 USD) - 2017/08/05 12:21:56 ET
Table 'Virton' 6-max Seat #1 is the button
Seat 1: Velbor107 ($305.02 in chips)
Seat 3: BAKU7777777 ($41.54 in chips)
Velbor107: posts small blind $1
BAKU7777777: posts big blind $3
*** HOLE CARDS ***
Velbor107: raises $3 to $6
BAKU7777777: calls $3
*** FLOP *** [Qd Td 2d]
BAKU7777777: checks
Velbor107: bets $3
BAKU7777777: folds
Uncalled bet ($3) returned to Velbor107
Velbor107 collected $11.76 from pot
*** SUMMARY ***
Total pot $12 | Rake $0.24
Board [Qd Td 2d]
Seat 1: Velbor107 (button) (small blind) collected ($11.76)
Seat 3: BAKU7777777 (big blind) folded on the Flop


PokerStars Hand #173953846871:  Hold'em Limit ($3/$6 USD) - 2017/08/05 12:22:06 ET
Table 'Virton' 6-max Seat #3 is the button
Seat 1: Velbor107 ($310.78 in chips)
Seat 3: BAKU7777777 ($35.54 in chips)
BAKU7777777: posts small blind $1
Velbor107: posts big blind $3
*** HOLE CARDS ***
BAKU7777777: raises $3 to $6
Velbor107: calls $3
*** FLOP *** [6c Qc 9c]
Velbor107: checks
BAKU7777777: bets $3
Velbor107: folds
Uncalled bet ($3) returned to BAKU7777777
BAKU7777777 collected $11.76 from pot
BAKU7777777: doesn't show hand
*** SUMMARY ***
Total pot $12 | Rake $0.24
Board [6c Qc 9c]
Seat 1: Velbor107 (big blind) folded on the Flop
Seat 3: BAKU7777777 (button) (small blind) collected ($11.76)


PokerStars Hand #173953815400:  Hold'em Limit ($3/$6 USD) - 2017/08/05 12:21:14 ET
Table 'Virton' 6-max Seat #1 is the button
Seat 1: Velbor107 ($302.38 in chips)
Seat 3: BAKU7777777 ($44.78 in chips)
Velbor107: posts small blind $1
BAKU7777777: posts big blind $3
*** HOLE CARDS ***
Velbor107: raises $3 to $6
BAKU7777777: calls $3
*** FLOP *** [Jh 7h 3h]
BAKU7777777: checks
Velbor107: bets $3
BAKU7777777: calls $3
*** TURN *** [Jh 7h 3h] [Th]
BAKU7777777: checks
Velbor107: bets $6
BAKU7777777: folds
Uncalled bet ($6) returned to Velbor107
Velbor107 collected $17.64 from pot
*** SUMMARY ***
Total pot $18 | Rake $0.36
Board [Jh 7h 3h Th]
Seat 1: Velbor107 (button) (small blind) collected ($17.64)
Seat 3: BAKU7777777 (big blind) folded on the Turn


PokerStars Hand #173953834045:  Hold'em Limit ($3/$6 USD) - 2017/08/05 12:21:45 ET
Table 'Virton' 6-max Seat #3 is the button
Seat 1: Velbor107 ($311.02 in chips)
Seat 3: BAKU7777777 ($35.78 in chips)
BAKU7777777: posts small blind $1
Velbor107: posts big blind $3
*** HOLE CARDS ***
BAKU7777777: raises $3 to $6
Velbor107: calls $3
*** FLOP *** [9c Ah 8h]
Velbor107: checks
BAKU7777777: bets $3
Velbor107: folds
Uncalled bet ($3) returned to BAKU7777777
BAKU7777777 collected $11.76 from pot
BAKU7777777: doesn't show hand
*** SUMMARY ***
Total pot $12 | Rake $0.24
Board [9c Ah 8h]
Seat 1: Velbor107 (big blind) folded on the Flop
Seat 3: BAKU7777777 (button) (small blind) collected ($11.76)


PokerStars Hand #173953871406:  Hold'em Limit ($3/$6 USD) - 2017/08/05 12:22:47 ET
Table 'Virton' 6-max Seat #3 is the button
Seat 1: Velbor107 ($280.78 in chips)
Seat 3: BAKU7777777 ($64.80 in chips)
BAKU7777777: posts small blind $1
Velbor107: posts big blind $3
*** HOLE CARDS ***
BAKU7777777: raises $3 to $6
Velbor107: calls $3
*** FLOP *** [7s 9h 7h]
Velbor107: checks
BAKU7777777: checks
*** TURN *** [7s 9h 7h] [Qs]
Velbor107: checks
BAKU7777777: bets $6
Velbor107: calls $6
*** RIVER *** [7s 9h 7h Qs] [3s]
Velbor107: checks
BAKU7777777: checks
*** SHOW DOWN ***
Velbor107: shows [Qh 6d] (two pair, Queens and Sevens)
BAKU7777777: mucks hand
Velbor107 collected $23.52 from pot
*** SUMMARY ***
Total pot $24 | Rake $0.48
Board [7s 9h 7h Qs 3s]
Seat 1: Velbor107 (big blind) showed [Qh 6d] and won ($23.52) with two pair, Queens and Sevens
Seat 3: BAKU7777777 (button) (small blind) mucked


PokerStars Hand #173953867618:  Hold'em Limit ($3/$6 USD) - 2017/08/05 12:22:40 ET
Table 'Virton' 6-max Seat #1 is the button
Seat 1: Velbor107 ($281.78 in chips)
Seat 3: BAKU7777777 ($63.80 in chips)
Velbor107: posts small blind $1
BAKU7777777: posts big blind $3
*** HOLE CARDS ***
Velbor107: folds
Uncalled bet ($2) returned to BAKU7777777
BAKU7777777 collected $2 from pot
BAKU7777777: doesn't show hand
*** SUMMARY ***
Total pot $2 | Rake $0
Seat 1: Velbor107 (button) (small blind) folded before Flop
Seat 3: BAKU7777777 (big blind) collected ($2)


PokerStars Hand #173953853177:  Hold'em Limit ($3/$6 USD) - 2017/08/05 12:22:16 ET
Table 'Virton' 6-max Seat #1 is the button
Seat 1: Velbor107 ($304.78 in chips)
Seat 3: BAKU7777777 ($41.30 in chips)
Velbor107: posts small blind $1
BAKU7777777: posts big blind $3
*** HOLE CARDS ***
Velbor107: raises $3 to $6
BAKU7777777: raises $3 to $9
Velbor107: calls $3
*** FLOP *** [8c 6s Qs]
BAKU7777777: bets $3
Velbor107: calls $3
*** TURN *** [8c 6s Qs] [5s]
BAKU7777777: bets $6
Velbor107: calls $6
*** RIVER *** [8c 6s Qs 5s] [5d]
BAKU7777777: bets $6
Velbor107: calls $6
*** SHOW DOWN ***
BAKU7777777: shows [As Qh] (two pair, Queens and Fives)
Velbor107: mucks hand
BAKU7777777 collected $47.50 from pot
*** SUMMARY ***
Total pot $48 | Rake $0.50
Board [8c 6s Qs 5s 5d]
Seat 1: Velbor107 (button) (small blind) mucked
Seat 3: BAKU7777777 (big blind) showed [As Qh] and won ($47.50) with two pair, Queens and Fives


PokerStars Hand #173953884884:  Hold'em Limit ($3/$6 USD) - 2017/08/05 12:23:09 ET
Table 'Virton' 6-max Seat #1 is the button
Seat 1: Velbor107 ($292.30 in chips)
Seat 3: BAKU7777777 ($52.80 in chips)
Velbor107: posts small blind $1
AzureCaper joins the table at seat #4
BAKU7777777: posts big blind $3
*** HOLE CARDS ***
Velbor107: raises $3 to $6
BAKU7777777: raises $3 to $9
Velbor107: calls $3
*** FLOP *** [6d 2h 3s]
BAKU7777777: bets $3
Velbor107: calls $3
*** TURN *** [6d 2h 3s] [4d]
BAKU7777777: checks
Velbor107: bets $6
BAKU7777777: calls $6
*** RIVER *** [6d 2h 3s 4d] [2d]
BAKU7777777: checks
Velbor107: checks
*** SHOW DOWN ***
BAKU7777777: shows [9s Ad] (a pair of Deuces)
Velbor107: shows [Td 6c] (two pair, Sixes and Deuces)
Velbor107 collected $35.50 from pot
*** SUMMARY ***
Total pot $36 | Rake $0.50
Board [6d 2h 3s 4d 2d]
Seat 1: Velbor107 (button) (small blind) showed [Td 6c] and won ($35.50) with two pair, Sixes and Deuces
Seat 3: BAKU7777777 (big blind) showed [9s Ad] and lost with a pair of Deuces


PokerStars Hand #173953974608:  Hold'em Limit ($3/$6 USD) - 2017/08/05 12:25:38 ET
Table 'Virton' 6-max Seat #4 is the button
Seat 1: Velbor107 ($317.25 in chips)
Seat 4: AzureCaper ($95.56 in chips)
AzureCaper: posts small blind $1
Velbor107: posts big blind $3
*** HOLE CARDS ***
AzureCaper: folds
Uncalled bet ($2) returned to Velbor107
Velbor107 collected $2 from pot
BAKU7777777 leaves the table
*** SUMMARY ***
Total pot $2 | Rake $0
Seat 1: Velbor107 (big blind) collected ($2)
Seat 4: AzureCaper (button) (small blind) folded before Flop


PokerStars Hand #173954127550:  Hold'em Limit ($3/$6 USD) - 2017/08/05 12:29:43 ET
Table 'Virton' 6-max Seat #3 is the button
Seat 1: Velbor107 ($313.25 in chips)
Seat 3: Pepperlina ($124.64 in chips)
Pepperlina: posts small blind $1
Velbor107: posts big blind $3
*** HOLE CARDS ***
Pepperlina: raises $3 to $6
Velbor107: folds
Uncalled bet ($3) returned to Pepperlina
Pepperlina collected $6 from pot
Pepperlina: doesn't show hand
*** SUMMARY ***
Total pot $6 | Rake $0
Seat 1: Velbor107 (big blind) folded before Flop
Seat 3: Pepperlina (button) (small blind) collected ($6)


PokerStars Hand #173954123188:  Hold'em Limit ($3/$6 USD) - 2017/08/05 12:29:35 ET
Table 'Virton' 6-max Seat #1 is the button
Seat 1: Velbor107 ($310.25 in chips)
Seat 3: Pepperlina ($127.64 in chips)
Velbor107: posts small blind $1
Pepperlina: posts big blind $3
*** HOLE CARDS ***
Velbor107: raises $3 to $6
Pepperlina: folds
Uncalled bet ($3) returned to Velbor107
Velbor107 collected $6 from pot
*** SUMMARY ***
Total pot $6 | Rake $0
Seat 1: Velbor107 (button) (small blind) collected ($6)
Seat 3: Pepperlina (big blind) folded before Flop


PokerStars Hand #173954101767:  Hold'em Limit ($3/$6 USD) - 2017/08/05 12:28:59 ET
Table 'Virton' 6-max Seat #3 is the button
Seat 1: Velbor107 ($317.25 in chips)
Seat 3: Pepperlina ($121 in chips)
Pepperlina: posts small blind $1
Velbor107: posts big blind $3
*** HOLE CARDS ***
Pepperlina: folds
Uncalled bet ($2) returned to Velbor107
Velbor107 collected $2 from pot
*** SUMMARY ***
Total pot $2 | Rake $0
Seat 1: Velbor107 (big blind) collected ($2)
Seat 3: Pepperlina (button) (small blind) folded before Flop


PokerStars Hand #173954088935:  Hold'em Limit ($3/$6 USD) - 2017/08/05 12:28:50 ET
Table 'Virton' 6-max Seat #1 is the button
Seat 1: Velbor107 ($318.25 in chips)
Seat 3: Pepperlina ($120 in chips)
Velbor107: posts small blind $1
Pepperlina: posts big blind $3
*** HOLE CARDS ***
Velbor107 said, "8)"
Velbor107: folds
Uncalled bet ($2) returned to Pepperlina
Pepperlina collected $2 from pot
Pepperlina: doesn't show hand
*** SUMMARY ***
Total pot $2 | Rake $0
Seat 1: Velbor107 (button) (small blind) folded before Flop
Seat 3: Pepperlina (big blind) collected ($2)


PokerStars Hand #173954120671:  Hold'em Limit ($3/$6 USD) - 2017/08/05 12:29:31 ET
Table 'Virton' 6-max Seat #3 is the button
Seat 1: Velbor107 ($309.25 in chips)
Seat 3: Pepperlina ($128.64 in chips)
Pepperlina: posts small blind $1
Velbor107: posts big blind $3
*** HOLE CARDS ***
Pepperlina: folds
Uncalled bet ($2) returned to Velbor107
Velbor107 collected $2 from pot
*** SUMMARY ***
Total pot $2 | Rake $0
Seat 1: Velbor107 (big blind) collected ($2)
Seat 3: Pepperlina (button) (small blind) folded before Flop


PokerStars Hand #173954104588:  Hold'em Limit ($3/$6 USD) - 2017/08/05 12:29:04 ET
Table 'Virton' 6-max Seat #1 is the button
Seat 1: Velbor107 ($318.25 in chips)
Seat 3: Pepperlina ($120 in chips)
Velbor107: posts small blind $1
Pepperlina: posts big blind $3
*** HOLE CARDS ***
Velbor107: raises $3 to $6
Pepperlina: raises $3 to $9
Velbor107: calls $3
*** FLOP *** [8s 6s Th]
Pepperlina: bets $3
Velbor107: folds
Uncalled bet ($3) returned to Pepperlina
Pepperlina collected $17.64 from pot
Pepperlina: doesn't show hand
*** SUMMARY ***
Total pot $18 | Rake $0.36
Board [8s 6s Th]
Seat 1: Velbor107 (button) (small blind) folded on the Flop
Seat 3: Pepperlina (big blind) collected ($17.64)


PokerStars Hand #173954131338:  Hold'em Limit ($3/$6 USD) - 2017/08/05 12:29:49 ET
Table 'Virton' 6-max Seat #1 is the button
Seat 1: Velbor107 ($310.25 in chips)
Seat 3: Pepperlina ($127.64 in chips)
Velbor107: posts small blind $1
Pepperlina: posts big blind $3
*** HOLE CARDS ***
Velbor107: raises $3 to $6
Pepperlina: calls $3
*** FLOP *** [Jd Qd 2h]
Pepperlina: checks
Velbor107: bets $3
Pepperlina: raises $3 to $6
ogdealer joins the table at seat #6
Velbor107: folds
Uncalled bet ($3) returned to Pepperlina
Pepperlina collected $17.64 from pot
Pepperlina: doesn't show hand
*** SUMMARY ***
Total pot $18 | Rake $0.36
Board [Jd Qd 2h]
Seat 1: Velbor107 (button) (small blind) folded on the Flop
Seat 3: Pepperlina (big blind) collected ($17.64)


PokerStars Hand #173954273648:  Hold'em Limit ($3/$6 USD) - 2017/08/05 12:33:46 ET
Table 'Virton' 6-max Seat #1 is the button
Seat 1: Velbor107 ($337.92 in chips)
Seat 3: Pepperlina ($128.57 in chips)
Velbor107: posts small blind $1
Pepperlina: posts big blind $3
*** HOLE CARDS ***
Velbor107: raises $3 to $6
Pepperlina: raises $3 to $9
Velbor107: calls $3
*** FLOP *** [7s 8s 5h]
Pepperlina: bets $3
Velbor107: calls $3
*** TURN *** [7s 8s 5h] [4c]
Pepperlina: bets $6
Velbor107: calls $6
*** RIVER *** [7s 8s 5h 4c] [Kc]
Pepperlina: bets $6
Velbor107: calls $6
*** SHOW DOWN ***
Pepperlina: shows [9h 2c] (high card King)
Velbor107: shows [Qh 7h] (a pair of Sevens)
Velbor107 collected $47.50 from pot
*** SUMMARY ***
Total pot $48 | Rake $0.50
Board [7s 8s 5h 4c Kc]
Seat 1: Velbor107 (button) (small blind) showed [Qh 7h] and won ($47.50) with a pair of Sevens
Seat 3: Pepperlina (big blind) showed [9h 2c] and lost with high card King


PokerStars Hand #173954505393:  Hold'em Limit ($3/$6 USD) - 2017/08/05 12:40:12 ET
Table 'Virton' 6-max Seat #1 is the button
Seat 1: Velbor107 ($430.08 in chips)
Seat 3: Pepperlina ($50.57 in chips)
Velbor107: posts small blind $1
Pepperlina: posts big blind $3
*** HOLE CARDS ***
Velbor107: folds
Uncalled bet ($2) returned to Pepperlina
Pepperlina collected $2 from pot
Pepperlina: doesn't show hand
*** SUMMARY ***
Total pot $2 | Rake $0
Seat 1: Velbor107 (button) (small blind) folded before Flop
Seat 3: Pepperlina (big blind) collected ($2)


PokerStars Hand #173954487307:  Hold'em Limit ($3/$6 USD) - 2017/08/05 12:39:42 ET
Table 'Virton' 6-max Seat #3 is the button
Seat 1: Velbor107 ($427.20 in chips)
Seat 3: Pepperlina ($53.57 in chips)
Pepperlina: posts small blind $1
Velbor107: posts big blind $3
*** HOLE CARDS ***
Pepperlina: calls $2
Velbor107: checks
*** FLOP *** [7h 9d 5s]
Velbor107: checks
Pepperlina: checks
*** TURN *** [7h 9d 5s] [Ah]
Velbor107: checks
Pepperlina: checks
*** RIVER *** [7h 9d 5s Ah] [Kc]
Velbor107: checks
Pepperlina: checks
*** SHOW DOWN ***
Velbor107: shows [7s 6c] (a pair of Sevens)
Pepperlina: mucks hand
Velbor107 collected $5.88 from pot
*** SUMMARY ***
Total pot $6 | Rake $0.12
Board [7h 9d 5s Ah Kc]
Seat 1: Velbor107 (big blind) showed [7s 6c] and won ($5.88) with a pair of Sevens
Seat 3: Pepperlina (button) (small blind) mucked


PokerStars Hand #173954863911:  Hold'em Limit ($3/$6 USD) - 2017/08/05 12:50:02 ET
Table 'Virton' 6-max Seat #1 is the button
Seat 1: Velbor107 ($382.20 in chips)
Seat 3: Pepperlina ($28.05 in chips)
Velbor107: posts small blind $1
Pepperlina: posts big blind $3
*** HOLE CARDS ***
Velbor107: folds
Uncalled bet ($2) returned to Pepperlina
Pepperlina collected $2 from pot
Pepperlina: doesn't show hand
*** SUMMARY ***
Total pot $2 | Rake $0
Seat 1: Velbor107 (button) (small blind) folded before Flop
Seat 3: Pepperlina (big blind) collected ($2)


PokerStars Hand #173954848224:  Hold'em Limit ($3/$6 USD) - 2017/08/05 12:49:36 ET
Table 'Virton' 6-max Seat #3 is the button
Seat 1: Velbor107 ($367.70 in chips)
Seat 3: Pepperlina ($43.05 in chips)
Pepperlina: posts small blind $1
Velbor107: posts big blind $3
*** HOLE CARDS ***
Pepperlina: raises $3 to $6
Velbor107: calls $3
*** FLOP *** [9h 8c Ac]
Velbor107: checks
Pepperlina: bets $3
Velbor107: calls $3
*** TURN *** [9h 8c Ac] [Qc]
Velbor107: checks
Pepperlina: checks
*** RIVER *** [9h 8c Ac Qc] [Jc]
Velbor107: checks
Pepperlina: bets $6
Velbor107: calls $6
*** SHOW DOWN ***
Pepperlina: shows [Kh 6s] (high card Ace)
Velbor107: shows [8s Th] (a straight, Eight to Queen)
Velbor107 collected $29.50 from pot
*** SUMMARY ***
Total pot $30 | Rake $0.50
Board [9h 8c Ac Qc Jc]
Seat 1: Velbor107 (big blind) showed [8s Th] and won ($29.50) with a straight, Eight to Queen
Seat 3: Pepperlina (button) (small blind) showed [Kh 6s] and lost with high card Ace


PokerStars Hand #173954890094:  Hold'em Limit ($3/$6 USD) - 2017/08/05 12:50:46 ET
Table 'Virton' 6-max Seat #1 is the button
Seat 1: Velbor107 ($404.70 in chips)
Seat 3: Pepperlina ($5.05 in chips)
Velbor107: posts small blind $1
Pepperlina: posts big blind $3
*** HOLE CARDS ***
Velbor107: folds
Uncalled bet ($2) returned to Pepperlina
Pepperlina collected $2 from pot
Pepperlina: doesn't show hand
*** SUMMARY ***
Total pot $2 | Rake $0
Seat 1: Velbor107 (button) (small blind) folded before Flop
Seat 3: Pepperlina (big blind) collected ($2)


PokerStars Hand #173954866784:  Hold'em Limit ($3/$6 USD) - 2017/08/05 12:50:07 ET
Table 'Virton' 6-max Seat #3 is the button
Seat 1: Velbor107 ($381.20 in chips)
Seat 3: Pepperlina ($29.05 in chips)
Pepperlina: posts small blind $1
Velbor107: posts big blind $3
*** HOLE CARDS ***
Pepperlina: raises $3 to $6
Velbor107: calls $3
*** FLOP *** [3h 9h Jc]
Velbor107: checks
Pepperlina: checks
*** TURN *** [3h 9h Jc] [2d]
Velbor107: bets $6
Pepperlina: calls $6
*** RIVER *** [3h 9h Jc 2d] [2s]
Velbor107: bets $6
Pepperlina: raises $6 to $12
Velbor107: calls $6
*** SHOW DOWN ***
Pepperlina: shows [5d Qd] (a pair of Deuces)
Velbor107: shows [9s Ks] (two pair, Nines and Deuces)
Velbor107 collected $47.50 from pot
*** SUMMARY ***
Total pot $48 | Rake $0.50
Board [3h 9h Jc 2d 2s]
Seat 1: Velbor107 (big blind) showed [9s Ks] and won ($47.50) with two pair, Nines and Deuces
Seat 3: Pepperlina (button) (small blind) showed [5d Qd] and lost with a pair of Deuces


PokerStars Hand #173954892879:  Hold'em Limit ($3/$6 USD) - 2017/08/05 12:50:50 ET
Table 'Virton' 6-max Seat #3 is the button
Seat 1: Velbor107 ($403.70 in chips)
Seat 3: Pepperlina ($6.05 in chips)
Pepperlina: posts small blind $1
Velbor107: posts big blind $3
*** HOLE CARDS ***
Pepperlina: raises $3 to $6
Velbor107: raises $3 to $9
Pepperlina: calls $0.05 and is all-in
Uncalled bet ($2.95) returned to Velbor107
*** FLOP *** [4d 4h 6s]
*** TURN *** [4d 4h 6s] [3s]
*** RIVER *** [4d 4h 6s 3s] [Jd]
*** SHOW DOWN ***
Velbor107: shows [7s Js] (two pair, Jacks and Fours)
Pepperlina: shows [Qd Th] (a pair of Fours)
Velbor107 collected $11.86 from pot
*** SUMMARY ***
Total pot $12.10 | Rake $0.24
Board [4d 4h 6s 3s Jd]
Seat 1: Velbor107 (big blind) showed [7s Js] and won ($11.86) with two pair, Jacks and Fours
Seat 3: Pepperlina (button) (small blind) showed [Qd Th] and lost with a pair of Fours


