PokerStars Hand #163969688674:  Hold'em Limit ($3/$6 USD) - 2017/01/03 11:29:06 ET
Table 'Virtus' 6-max Seat #4 is the button
Seat 4: minghan ($120 in chips)
Seat 5: GoliafUa ($120 in chips)
minghan: posts small blind $1
GoliafUa: posts big blind $3
*** HOLE CARDS ***
minghan: raises $3 to $6
GoliafUa: calls $3
*** FLOP *** [3c 4d 3s]
GoliafUa: checks
minghan: checks
*** TURN *** [3c 4d 3s] [2c]
GoliafUa: bets $6
minghan: calls $6
*** RIVER *** [3c 4d 3s 2c] [6d]
GoliafUa: bets $6
minghan: folds
Uncalled bet ($6) returned to GoliafUa
GoliafUa collected $23.52 from pot
GoliafUa: doesn't show hand
*** SUMMARY ***
Total pot $24 | Rake $0.48
Board [3c 4d 3s 2c 6d]
Seat 4: minghan (button) (small blind) folded on the River
Seat 5: GoliafUa (big blind) collected ($23.52)


PokerStars Hand #163969706928:  Hold'em Limit ($3/$6 USD) - 2017/01/03 11:29:28 ET
Table 'Virtus' 6-max Seat #5 is the button
Seat 4: minghan ($108 in chips)
Seat 5: GoliafUa ($131.52 in chips)
GoliafUa: posts small blind $1
minghan: posts big blind $3
*** HOLE CARDS ***
GoliafUa: raises $3 to $6
minghan: calls $3
*** FLOP *** [9c 4c 9s]
minghan: bets $3
GoliafUa: folds
Uncalled bet ($3) returned to minghan
minghan collected $11.76 from pot
minghan: doesn't show hand
*** SUMMARY ***
Total pot $12 | Rake $0.24
Board [9c 4c 9s]
Seat 4: minghan (big blind) collected ($11.76)
Seat 5: GoliafUa (button) (small blind) folded on the Flop


PokerStars Hand #163969732969:  Hold'em Limit ($3/$6 USD) - 2017/01/03 11:30:00 ET
Table 'Virtus' 6-max Seat #5 is the button
Seat 4: minghan ($110.76 in chips)
Seat 5: GoliafUa ($128.40 in chips)
GoliafUa: posts small blind $1
minghan: posts big blind $3
*** HOLE CARDS ***
GoliafUa: raises $3 to $6
minghan: folds
Uncalled bet ($3) returned to GoliafUa
GoliafUa collected $6 from pot
GoliafUa: doesn't show hand
*** SUMMARY ***
Total pot $6 | Rake $0
Seat 4: minghan (big blind) folded before Flop
Seat 5: GoliafUa (button) (small blind) collected ($6)


PokerStars Hand #163969744599:  Hold'em Limit ($3/$6 USD) - 2017/01/03 11:30:13 ET
Table 'Virtus' 6-max Seat #5 is the button
Seat 4: minghan ($106.76 in chips)
Seat 5: GoliafUa ($132.40 in chips)
GoliafUa: posts small blind $1
minghan: posts big blind $3
*** HOLE CARDS ***
GoliafUa: raises $3 to $6
minghan: folds
Uncalled bet ($3) returned to GoliafUa
GoliafUa collected $6 from pot
GoliafUa: doesn't show hand
*** SUMMARY ***
Total pot $6 | Rake $0
Seat 4: minghan (big blind) folded before Flop
Seat 5: GoliafUa (button) (small blind) collected ($6)


PokerStars Hand #163969739511:  Hold'em Limit ($3/$6 USD) - 2017/01/03 11:30:08 ET
Table 'Virtus' 6-max Seat #4 is the button
Seat 4: minghan ($107.76 in chips)
Seat 5: GoliafUa ($131.40 in chips)
minghan: posts small blind $1
GoliafUa: posts big blind $3
*** HOLE CARDS ***
minghan: folds
Uncalled bet ($2) returned to GoliafUa
GoliafUa collected $2 from pot
GoliafUa: doesn't show hand
*** SUMMARY ***
Total pot $2 | Rake $0
Seat 4: minghan (button) (small blind) folded before Flop
Seat 5: GoliafUa (big blind) collected ($2)


PokerStars Hand #163969717475:  Hold'em Limit ($3/$6 USD) - 2017/01/03 11:29:41 ET
Table 'Virtus' 6-max Seat #4 is the button
Seat 4: minghan ($113.76 in chips)
Seat 5: GoliafUa ($125.52 in chips)
minghan: posts small blind $1
GoliafUa: posts big blind $3
*** HOLE CARDS ***
minghan: calls $2
GoliafUa: checks
*** FLOP *** [Td 8s 9s]
GoliafUa: checks
minghan: checks
*** TURN *** [Td 8s 9s] [2h]
GoliafUa: checks
minghan: checks
*** RIVER *** [Td 8s 9s 2h] [6s]
GoliafUa: checks
minghan: checks
*** SHOW DOWN ***
GoliafUa: shows [5h 6c] (a pair of Sixes)
minghan: mucks hand
GoliafUa collected $5.88 from pot
*** SUMMARY ***
Total pot $6 | Rake $0.12
Board [Td 8s 9s 2h 6s]
Seat 4: minghan (button) (small blind) mucked
Seat 5: GoliafUa (big blind) showed [5h 6c] and won ($5.88) with a pair of Sixes


PokerStars Hand #163969767256:  Hold'em Limit ($3/$6 USD) - 2017/01/03 11:30:41 ET
Table 'Virtus' 6-max Seat #5 is the button
Seat 4: minghan ($127.26 in chips)
Seat 5: GoliafUa ($111.40 in chips)
GoliafUa: posts small blind $1
minghan: posts big blind $3
*** HOLE CARDS ***
GoliafUa: raises $3 to $6
minghan: calls $3
*** FLOP *** [3c Ah Th]
minghan: bets $3
GoliafUa: calls $3
*** TURN *** [3c Ah Th] [9s]
minghan: checks
GoliafUa: bets $6
minghan: folds
Uncalled bet ($6) returned to GoliafUa
GoliafUa collected $17.64 from pot
GoliafUa: doesn't show hand
*** SUMMARY ***
Total pot $18 | Rake $0.36
Board [3c Ah Th 9s]
Seat 4: minghan (big blind) folded on the Turn
Seat 5: GoliafUa (button) (small blind) collected ($17.64)


PokerStars Hand #163969750034:  Hold'em Limit ($3/$6 USD) - 2017/01/03 11:30:20 ET
Table 'Virtus' 6-max Seat #4 is the button
Seat 4: minghan ($103.76 in chips)
Seat 5: GoliafUa ($135.40 in chips)
minghan: posts small blind $1
GoliafUa: posts big blind $3
*** HOLE CARDS ***
minghan: raises $3 to $6
GoliafUa: raises $3 to $9
minghan: calls $3
*** FLOP *** [5d 6d Qs]
GoliafUa: bets $3
minghan: calls $3
*** TURN *** [5d 6d Qs] [6c]
GoliafUa: bets $6
minghan: calls $6
*** RIVER *** [5d 6d Qs 6c] [Kh]
GoliafUa: checks
minghan: bets $6
GoliafUa: calls $6
*** SHOW DOWN ***
minghan: shows [8d 6h] (three of a kind, Sixes)
GoliafUa: mucks hand
minghan collected $47.50 from pot
*** SUMMARY ***
Total pot $48 | Rake $0.50
Board [5d 6d Qs 6c Kh]
Seat 4: minghan (button) (small blind) showed [8d 6h] and won ($47.50) with three of a kind, Sixes
Seat 5: GoliafUa (big blind) mucked


