PokerStars Hand #163880971702:  Hold'em Limit ($3/$6 USD) - 2017/01/01 16:33:16 ET
Table 'Virton' 10-max Seat #8 is the button
Seat 5: GlamDragon ($90.74 in chips)
Seat 8: Big_M ($242.29 in chips)
Big_M: posts small blind $1
GlamDragon: posts big blind $3
*** HOLE CARDS ***
Big_M: folds
Uncalled bet ($2) returned to GlamDragon
GlamDragon collected $2 from pot
GlamDragon: doesn't show hand
*** SUMMARY ***
Total pot $2 | Rake $0
Seat 5: GlamDragon (big blind) collected ($2)
Seat 8: Big_M (button) (small blind) folded before Flop


PokerStars Hand #163887390416:  Hold'em Limit ($3/$6 USD) - 2017/01/01 18:35:26 ET
Table 'Virton' 10-max Seat #6 is the button
Seat 5: IIIIIIIIIII0 ($33.25 in chips)
Seat 6: Zubasa07 ($501 in chips)
Zubasa07: posts small blind $1
IIIIIIIIIII0: posts big blind $3
*** HOLE CARDS ***
Zubasa07: raises $3 to $6
IIIIIIIIIII0: raises $3 to $9
Zubasa07: calls $3
*** FLOP *** [2h 3h 2s]
IIIIIIIIIII0: bets $3
Zubasa07: calls $3
*** TURN *** [2h 3h 2s] [4s]
IIIIIIIIIII0: bets $6
Zubasa07: calls $6
*** RIVER *** [2h 3h 2s 4s] [Ts]
IIIIIIIIIII0: bets $6
Zubasa07: folds
Uncalled bet ($6) returned to IIIIIIIIIII0
IIIIIIIIIII0 collected $35.50 from pot
IIIIIIIIIII0: doesn't show hand
*** SUMMARY ***
Total pot $36 | Rake $0.50
Board [2h 3h 2s 4s Ts]
Seat 5: IIIIIIIIIII0 (big blind) collected ($35.50)
Seat 6: Zubasa07 (button) (small blind) folded on the River


PokerStars Hand #163887383090:  Hold'em Limit ($3/$6 USD) - 2017/01/01 18:35:17 ET
Table 'Virton' 10-max Seat #5 is the button
Seat 5: IIIIIIIIIII0 ($34.25 in chips)
Seat 6: Zubasa07 ($500 in chips)
IIIIIIIIIII0: posts small blind $1
Zubasa07: posts big blind $3
*** HOLE CARDS ***
IIIIIIIIIII0: folds
Uncalled bet ($2) returned to Zubasa07
Zubasa07 collected $2 from pot
Zubasa07: doesn't show hand
*** SUMMARY ***
Total pot $2 | Rake $0
Seat 5: IIIIIIIIIII0 (button) (small blind) folded before Flop
Seat 6: Zubasa07 (big blind) collected ($2)


PokerStars Hand #163887444534:  Hold'em Limit ($3/$6 USD) - 2017/01/01 18:36:36 ET
Table 'Virton' 10-max Seat #6 is the button
Seat 5: IIIIIIIIIII0 ($62.27 in chips)
Seat 6: Zubasa07 ($471 in chips)
Zubasa07: posts small blind $1
IIIIIIIIIII0: posts big blind $3
*** HOLE CARDS ***
Zubasa07: raises $3 to $6
IIIIIIIIIII0: folds
Uncalled bet ($3) returned to Zubasa07
Zubasa07 collected $6 from pot
Zubasa07: doesn't show hand
*** SUMMARY ***
Total pot $6 | Rake $0
Seat 5: IIIIIIIIIII0 (big blind) folded before Flop
Seat 6: Zubasa07 (button) (small blind) collected ($6)


PokerStars Hand #163887414747:  Hold'em Limit ($3/$6 USD) - 2017/01/01 18:35:57 ET
Table 'Virton' 10-max Seat #5 is the button
Seat 5: IIIIIIIIIII0 ($50.75 in chips)
Seat 6: Zubasa07 ($483 in chips)
IIIIIIIIIII0: posts small blind $1
Zubasa07: posts big blind $3
*** HOLE CARDS ***
IIIIIIIIIII0: raises $3 to $6
Zubasa07: calls $3
*** FLOP *** [Qh 3s Js]
Zubasa07: checks
IIIIIIIIIII0: checks
*** TURN *** [Qh 3s Js] [8s]
Zubasa07: bets $6
IIIIIIIIIII0: calls $6
*** RIVER *** [Qh 3s Js 8s] [5h]
Zubasa07: checks
IIIIIIIIIII0: checks
*** SHOW DOWN ***
Zubasa07: shows [3c As] (a pair of Threes)
IIIIIIIIIII0: shows [8d Ah] (a pair of Eights)
IIIIIIIIIII0 collected $23.52 from pot
*** SUMMARY ***
Total pot $24 | Rake $0.48
Board [Qh 3s Js 8s 5h]
Seat 5: IIIIIIIIIII0 (button) (small blind) showed [8d Ah] and won ($23.52) with a pair of Eights
Seat 6: Zubasa07 (big blind) showed [3c As] and lost with a pair of Threes


PokerStars Hand #163887484248:  Hold'em Limit ($3/$6 USD) - 2017/01/01 18:37:27 ET
Table 'Virton' 10-max Seat #5 is the button
Seat 5: IIIIIIIIIII0 ($49.79 in chips)
Seat 6: Zubasa07 ($482.50 in chips)
IIIIIIIIIII0: posts small blind $1
Zubasa07: posts big blind $3
*** HOLE CARDS ***
IIIIIIIIIII0: folds
Uncalled bet ($2) returned to Zubasa07
Zubasa07 collected $2 from pot
Zubasa07: doesn't show hand
*** SUMMARY ***
Total pot $2 | Rake $0
Seat 5: IIIIIIIIIII0 (button) (small blind) folded before Flop
Seat 6: Zubasa07 (big blind) collected ($2)


PokerStars Hand #163887488862:  Hold'em Limit ($3/$6 USD) - 2017/01/01 18:37:33 ET
Table 'Virton' 10-max Seat #6 is the button
Seat 5: IIIIIIIIIII0 ($48.79 in chips)
Seat 6: Zubasa07 ($483.50 in chips)
Zubasa07: posts small blind $1
IIIIIIIIIII0: posts big blind $3
*** HOLE CARDS ***
Zubasa07: raises $3 to $6
IIIIIIIIIII0: folds
Uncalled bet ($3) returned to Zubasa07
Zubasa07 collected $6 from pot
Zubasa07: doesn't show hand
*** SUMMARY ***
Total pot $6 | Rake $0
Seat 5: IIIIIIIIIII0 (big blind) folded before Flop
Seat 6: Zubasa07 (button) (small blind) collected ($6)


PokerStars Hand #163887472503:  Hold'em Limit ($3/$6 USD) - 2017/01/01 18:37:12 ET
Table 'Virton' 10-max Seat #6 is the button
Seat 5: IIIIIIIIIII0 ($38.27 in chips)
Seat 6: Zubasa07 ($494.50 in chips)
Zubasa07: posts small blind $1
IIIIIIIIIII0: posts big blind $3
*** HOLE CARDS ***
Zubasa07: raises $3 to $6
IIIIIIIIIII0: raises $3 to $9
Zubasa07: calls $3
*** FLOP *** [Ah 2c 2s]
IIIIIIIIIII0: bets $3
Zubasa07: calls $3
*** TURN *** [Ah 2c 2s] [Ac]
IIIIIIIIIII0: bets $6
Zubasa07: folds
Uncalled bet ($6) returned to IIIIIIIIIII0
IIIIIIIIIII0 collected $23.52 from pot
IIIIIIIIIII0: doesn't show hand
*** SUMMARY ***
Total pot $24 | Rake $0.48
Board [Ah 2c 2s Ac]
Seat 5: IIIIIIIIIII0 (big blind) collected ($23.52)
Seat 6: Zubasa07 (button) (small blind) folded on the Turn


PokerStars Hand #163887453062:  Hold'em Limit ($3/$6 USD) - 2017/01/01 18:36:47 ET
Table 'Virton' 10-max Seat #5 is the button
Seat 5: IIIIIIIIIII0 ($59.27 in chips)
Seat 6: Zubasa07 ($474 in chips)
IIIIIIIIIII0: posts small blind $1
Zubasa07: posts big blind $3
*** HOLE CARDS ***
IIIIIIIIIII0: raises $3 to $6
Zubasa07: raises $3 to $9
IIIIIIIIIII0: calls $3
*** FLOP *** [Tc 2c Js]
Zubasa07: bets $3
IIIIIIIIIII0: raises $3 to $6
Zubasa07: calls $3
*** TURN *** [Tc 2c Js] [9c]
Zubasa07: checks
IIIIIIIIIII0: bets $6
Zubasa07: raises $6 to $12
IIIIIIIIIII0: folds
Uncalled bet ($6) returned to Zubasa07
Zubasa07 collected $41.50 from pot
Zubasa07: doesn't show hand
*** SUMMARY ***
Total pot $42 | Rake $0.50
Board [Tc 2c Js 9c]
Seat 5: IIIIIIIIIII0 (button) (small blind) folded on the Turn
Seat 6: Zubasa07 (big blind) collected ($41.50)


