PokerStars Hand #172087720609:  Hold'em Limit ($3/$6 USD) - 2017/06/22 4:26:07 ET
Table 'Vitja' 6-max Seat #6 is the button
Seat 1: Agrotait ($77.76 in chips)
Seat 6: HAOYUN88888 ($128.50 in chips)
HAOYUN88888: posts small blind $1
Agrotait: posts big blind $3
*** HOLE CARDS ***
HAOYUN88888: raises $3 to $6
Agrotait: calls $3
*** FLOP *** [Ah Qs 3d]
Agrotait: checks
HAOYUN88888: bets $3
Agrotait: calls $3
*** TURN *** [Ah Qs 3d] [5d]
Agrotait: checks
HAOYUN88888: bets $6
Agrotait: calls $6
*** RIVER *** [Ah Qs 3d 5d] [3c]
Agrotait: checks
HAOYUN88888: bets $6
Agrotait: calls $6
*** SHOW DOWN ***
HAOYUN88888: shows [Ac Jc] (two pair, Aces and Threes)
Agrotait: mucks hand
HAOYUN88888 collected $41.50 from pot
*** SUMMARY ***
Total pot $42 | Rake $0.50
Board [Ah Qs 3d 5d 3c]
Seat 1: Agrotait (big blind) mucked
Seat 6: HAOYUN88888 (button) (small blind) showed [Ac Jc] and won ($41.50) with two pair, Aces and Threes


PokerStars Hand #172087714778:  Hold'em Limit ($3/$6 USD) - 2017/06/22 4:25:46 ET
Table 'Vitja' 6-max Seat #1 is the button
Seat 1: Agrotait ($72 in chips)
Seat 6: HAOYUN88888 ($134.50 in chips)
Agrotait: posts small blind $1
HAOYUN88888: posts big blind $3
*** HOLE CARDS ***
Agrotait: raises $3 to $6
HAOYUN88888: calls $3
*** FLOP *** [4c Kd 9h]
HAOYUN88888: checks
Agrotait: bets $3
HAOYUN88888: folds
Uncalled bet ($3) returned to Agrotait
Agrotait collected $11.76 from pot
Agrotait: doesn't show hand
*** SUMMARY ***
Total pot $12 | Rake $0.24
Board [4c Kd 9h]
Seat 1: Agrotait (button) (small blind) collected ($11.76)
Seat 6: HAOYUN88888 (big blind) folded on the Flop


PokerStars Hand #172087736113:  Hold'em Limit ($3/$6 USD) - 2017/06/22 4:27:02 ET
Table 'Vitja' 6-max Seat #6 is the button
Seat 1: Agrotait ($98.50 in chips)
Seat 6: HAOYUN88888 ($122 in chips)
HAOYUN88888: posts small blind $1
Agrotait: posts big blind $3
*** HOLE CARDS ***
HAOYUN88888: raises $3 to $6
peigu joins the table at seat #2
Agrotait: raises $3 to $9
HAOYUN88888: calls $3
*** FLOP *** [2c Ts 6d]
Agrotait: bets $3
HAOYUN88888: raises $3 to $6
Agrotait: calls $3
*** TURN *** [2c Ts 6d] [7c]
Agrotait: checks
HAOYUN88888: checks
*** RIVER *** [2c Ts 6d 7c] [6h]
Agrotait: checks
HAOYUN88888: bets $6
Agrotait: calls $6
*** SHOW DOWN ***
HAOYUN88888: shows [As 5s] (a pair of Sixes)
Agrotait: shows [3s 3d] (two pair, Sixes and Threes)
Agrotait collected $41.50 from pot
*** SUMMARY ***
Total pot $42 | Rake $0.50
Board [2c Ts 6d 7c 6h]
Seat 1: Agrotait (big blind) showed [3s 3d] and won ($41.50) with two pair, Sixes and Threes
Seat 6: HAOYUN88888 (button) (small blind) showed [As 5s] and lost with a pair of Sixes


