PokerStars Hand #162164550351:  Hold'em Limit ($3/$6 USD) - 2016/11/29 18:20:21 ET
Table 'Vitja' 6-max Seat #4 is the button
Seat 4: Actionni13 ($150 in chips)
Seat 5: DorofeI1986 ($89.25 in chips)
Actionni13: posts small blind $1
DorofeI1986: posts big blind $3
*** HOLE CARDS ***
Actionni13: raises $3 to $6
DorofeI1986: calls $3
*** FLOP *** [Ah Ac 7d]
DorofeI1986: bets $3
Actionni13: calls $3
*** TURN *** [Ah Ac 7d] [5h]
DorofeI1986: bets $6
stiflerkk joins the table at seat #3
Actionni13: calls $6
*** RIVER *** [Ah Ac 7d 5h] [Tc]
DorofeI1986: bets $6
Actionni13: calls $6
*** SHOW DOWN ***
DorofeI1986: shows [6s Qs] (a pair of Aces)
Actionni13: shows [5c Qc] (two pair, Aces and Fives)
Actionni13 collected $41.50 from pot
*** SUMMARY ***
Total pot $42 | Rake $0.50
Board [Ah Ac 7d 5h Tc]
Seat 4: Actionni13 (button) (small blind) showed [5c Qc] and won ($41.50) with two pair, Aces and Fives
Seat 5: DorofeI1986 (big blind) showed [6s Qs] and lost with a pair of Aces


