PokerStars Hand #155817602652:  Hold'em Limit ($3/$6 USD) - 2016/07/10 19:59:22 ET
Table 'Vitja' 6-max Seat #4 is the button
Seat 4: LifeisagameX ($84 in chips)
Seat 5: Great_Kang ($120 in chips)
LifeisagameX: posts small blind $1
Great_Kang: posts big blind $3
*** HOLE CARDS ***
LifeisagameX: folds
Uncalled bet ($2) returned to Great_Kang
Great_Kang collected $2 from pot
Great_Kang: doesn't show hand
*** SUMMARY ***
Total pot $2 | Rake $0
Seat 4: LifeisagameX (button) (small blind) folded before Flop
Seat 5: Great_Kang (big blind) collected ($2)


PokerStars Hand #155817606531:  Hold'em Limit ($3/$6 USD) - 2016/07/10 19:59:32 ET
Table 'Vitja' 6-max Seat #5 is the button
Seat 4: LifeisagameX ($84 in chips)
Seat 5: Great_Kang ($121 in chips)
Great_Kang: posts small blind $1
LifeisagameX: posts big blind $3
*** HOLE CARDS ***
Great_Kang: raises $3 to $6
LifeisagameX: calls $3
*** FLOP *** [Kh Qh 5s]
LifeisagameX: checks
Great_Kang: checks
*** TURN *** [Kh Qh 5s] [Ah]
LifeisagameX: checks
Great_Kang: bets $6
LifeisagameX: folds
Uncalled bet ($6) returned to Great_Kang
Great_Kang collected $11.76 from pot
Great_Kang: doesn't show hand
*** SUMMARY ***
Total pot $12 | Rake $0.24
Board [Kh Qh 5s Ah]
Seat 4: LifeisagameX (big blind) folded on the Turn
Seat 5: Great_Kang (button) (small blind) collected ($11.76)


PokerStars Hand #155817633525:  Hold'em Limit ($3/$6 USD) - 2016/07/10 20:00:27 ET
Table 'Vitja' 6-max Seat #4 is the button
Seat 4: LifeisagameX ($84 in chips)
Seat 5: Great_Kang ($126.76 in chips)
LifeisagameX: posts small blind $1
Great_Kang: posts big blind $3
*** HOLE CARDS ***
LifeisagameX: raises $3 to $6
Great_Kang: folds
Uncalled bet ($3) returned to LifeisagameX
LifeisagameX collected $6 from pot
LifeisagameX: doesn't show hand
*** SUMMARY ***
Total pot $6 | Rake $0
Seat 4: LifeisagameX (button) (small blind) collected ($6)
Seat 5: Great_Kang (big blind) folded before Flop


