PokerStars Hand #151505196360:  Hold'em Limit ($3/$6 USD) - 2016/04/06 4:16:57 ET
Table 'Vitja II' 6-max Seat #5 is the button
Seat 5: squire_04 ($205.91 in chips)
Seat 6: lin1rabbit ($161.76 in chips)
squire_04: posts small blind $1
lin1rabbit: posts big blind $3
*** HOLE CARDS ***
kolaz03 leaves the table
squire_04: folds
Uncalled bet ($2) returned to lin1rabbit
lin1rabbit collected $2 from pot
lin1rabbit: doesn't show hand
*** SUMMARY ***
Total pot $2 | Rake $0
Seat 5: squire_04 (button) (small blind) folded before Flop
Seat 6: lin1rabbit (big blind) collected ($2)


PokerStars Hand #151505191530:  Hold'em Limit ($3/$6 USD) - 2016/04/06 4:16:43 ET
Table 'Vitja II' 6-max Seat #6 is the button
Seat 5: squire_04 ($211.91 in chips)
Seat 6: lin1rabbit ($156 in chips)
lin1rabbit: posts small blind $1
kolaz03: is sitting out
squire_04: posts big blind $3
*** HOLE CARDS ***
lin1rabbit: raises $3 to $6
squire_04: calls $3
*** FLOP *** [Jc Qd 9s]
squire_04: checks
lin1rabbit: bets $3
squire_04: folds
Uncalled bet ($3) returned to lin1rabbit
lin1rabbit collected $11.76 from pot
lin1rabbit: doesn't show hand
*** SUMMARY ***
Total pot $12 | Rake $0.24
Board [Jc Qd 9s]
Seat 5: squire_04 (big blind) folded on the Flop
Seat 6: lin1rabbit (button) (small blind) collected ($11.76)


PokerStars Hand #151505198454:  Hold'em Limit ($3/$6 USD) - 2016/04/06 4:17:03 ET
Table 'Vitja II' 6-max Seat #6 is the button
Seat 5: squire_04 ($204.91 in chips)
Seat 6: lin1rabbit ($162.76 in chips)
lin1rabbit: posts small blind $1
squire_04: posts big blind $3
*** HOLE CARDS ***
lin1rabbit: raises $3 to $6
squire_04: folds
Uncalled bet ($3) returned to lin1rabbit
squire_04 leaves the table
lin1rabbit collected $6 from pot
lin1rabbit: doesn't show hand
*** SUMMARY ***
Total pot $6 | Rake $0
Seat 5: squire_04 (big blind) folded before Flop
Seat 6: lin1rabbit (button) (small blind) collected ($6)


