PokerStars Hand #155973946163:  Hold'em Limit ($3/$6 USD) - 2016/07/14 16:54:37 ET
Table 'Vladimir' 6-max Seat #4 is the button
Seat 3: eirivi ($74.76 in chips)
Seat 4: AzureCaper ($72 in chips)
AzureCaper: posts small blind $1
eirivi: posts big blind $3
*** HOLE CARDS ***
AzureCaper: folds
Uncalled bet ($2) returned to eirivi
eirivi collected $2 from pot
eirivi: doesn't show hand
*** SUMMARY ***
Total pot $2 | Rake $0
Seat 3: eirivi (big blind) collected ($2)
Seat 4: AzureCaper (button) (small blind) folded before Flop


PokerStars Hand #155973974237:  Hold'em Limit ($3/$6 USD) - 2016/07/14 16:55:14 ET
Table 'Vladimir' 6-max Seat #4 is the button
Seat 3: eirivi ($51.76 in chips)
Seat 4: AzureCaper ($95.50 in chips)
AzureCaper: posts small blind $1
eirivi: posts big blind $3
*** HOLE CARDS ***
AzureCaper: folds
Uncalled bet ($2) returned to eirivi
eirivi collected $2 from pot
eirivi: doesn't show hand
*** SUMMARY ***
Total pot $2 | Rake $0
Seat 3: eirivi (big blind) collected ($2)
Seat 4: AzureCaper (button) (small blind) folded before Flop


PokerStars Hand #155973951431:  Hold'em Limit ($3/$6 USD) - 2016/07/14 16:54:44 ET
Table 'Vladimir' 6-max Seat #3 is the button
Seat 3: eirivi ($75.76 in chips)
Seat 4: AzureCaper ($72 in chips)
eirivi: posts small blind $1
AzureCaper: posts big blind $3
*** HOLE CARDS ***
eirivi: raises $3 to $6
AzureCaper: calls $3
*** FLOP *** [7d 6h 8c]
AzureCaper: checks
eirivi: bets $3
AzureCaper: raises $3 to $6
eirivi: calls $3
*** TURN *** [7d 6h 8c] [Qh]
AzureCaper: bets $6
eirivi: calls $6
*** RIVER *** [7d 6h 8c Qh] [2s]
AzureCaper: bets $6
eirivi: calls $6
*** SHOW DOWN ***
AzureCaper: shows [6s 6d] (three of a kind, Sixes)
eirivi: mucks hand
AzureCaper collected $47.50 from pot
*** SUMMARY ***
Total pot $48 | Rake $0.50
Board [7d 6h 8c Qh 2s]
Seat 3: eirivi (button) (small blind) mucked
Seat 4: AzureCaper (big blind) showed [6s 6d] and won ($47.50) with three of a kind, Sixes


PokerStars Hand #155973978331:  Hold'em Limit ($3/$6 USD) - 2016/07/14 16:55:20 ET
Table 'Vladimir' 6-max Seat #3 is the button
Seat 3: eirivi ($52.76 in chips)
Seat 4: AzureCaper ($94.50 in chips)
eirivi: posts small blind $1
AzureCaper: posts big blind $3
*** HOLE CARDS ***
eirivi: raises $3 to $6
AzureCaper: folds
Uncalled bet ($3) returned to eirivi
eirivi collected $6 from pot
eirivi: doesn't show hand
*** SUMMARY ***
Total pot $6 | Rake $0
Seat 3: eirivi (button) (small blind) collected ($6)
Seat 4: AzureCaper (big blind) folded before Flop


PokerStars Hand #155973985523:  Hold'em Limit ($3/$6 USD) - 2016/07/14 16:55:32 ET
Table 'Vladimir' 6-max Seat #4 is the button
Seat 3: eirivi ($55.76 in chips)
Seat 4: AzureCaper ($91.50 in chips)
AzureCaper: posts small blind $1
eirivi: posts big blind $3
*** HOLE CARDS ***
AzureCaper: raises $3 to $6
vestimokrec joins the table at seat #5
eirivi: folds
Uncalled bet ($3) returned to AzureCaper
AzureCaper collected $6 from pot
AzureCaper: doesn't show hand
*** SUMMARY ***
Total pot $6 | Rake $0
Seat 3: eirivi (big blind) folded before Flop
Seat 4: AzureCaper (button) (small blind) collected ($6)


PokerStars Hand #155973990224:  Hold'em Limit ($3/$6 USD) - 2016/07/14 16:55:40 ET
Table 'Vladimir' 6-max Seat #3 is the button
Seat 3: eirivi ($52.76 in chips)
Seat 4: AzureCaper ($94.50 in chips)
eirivi: posts small blind $1
AzureCaper: posts big blind $3
*** HOLE CARDS ***
eirivi: folds
Uncalled bet ($2) returned to AzureCaper
AzureCaper collected $2 from pot
AzureCaper: doesn't show hand
*** SUMMARY ***
Total pot $2 | Rake $0
Seat 3: eirivi (button) (small blind) folded before Flop
Seat 4: AzureCaper (big blind) collected ($2)


PokerStars Hand #155973993177:  Hold'em Limit ($3/$6 USD) - 2016/07/14 16:55:45 ET
Table 'Vladimir' 6-max Seat #4 is the button
Seat 3: eirivi ($51.76 in chips)
Seat 4: AzureCaper ($95.50 in chips)
AzureCaper: posts small blind $1
eirivi: posts big blind $3
*** HOLE CARDS ***
AzureCaper: raises $3 to $6
eirivi: calls $3
*** FLOP *** [6d Kc 8s]
eirivi: checks
AzureCaper: bets $3
eirivi: raises $3 to $6
AzureCaper: folds
Uncalled bet ($3) returned to eirivi
eirivi collected $17.64 from pot
eirivi: doesn't show hand
*** SUMMARY ***
Total pot $18 | Rake $0.36
Board [6d Kc 8s]
Seat 3: eirivi (big blind) collected ($17.64)
Seat 4: AzureCaper (button) (small blind) folded on the Flop


PokerStars Hand #155974002552:  Hold'em Limit ($3/$6 USD) - 2016/07/14 16:56:00 ET
Table 'Vladimir' 6-max Seat #3 is the button
Seat 3: eirivi ($60.40 in chips)
Seat 4: AzureCaper ($86.50 in chips)
eirivi: posts small blind $1
AzureCaper: posts big blind $3
*** HOLE CARDS ***
eirivi: raises $3 to $6
AzureCaper: calls $3
*** FLOP *** [Qh Qd 6h]
AzureCaper: checks
eirivi: bets $3
AzureCaper: folds
Uncalled bet ($3) returned to eirivi
eirivi collected $11.76 from pot
eirivi: doesn't show hand
*** SUMMARY ***
Total pot $12 | Rake $0.24
Board [Qh Qd 6h]
Seat 3: eirivi (button) (small blind) collected ($11.76)
Seat 4: AzureCaper (big blind) folded on the Flop


PokerStars Hand #155974008848:  Hold'em Limit ($3/$6 USD) - 2016/07/14 16:56:11 ET
Table 'Vladimir' 6-max Seat #4 is the button
Seat 3: eirivi ($66.16 in chips)
Seat 4: AzureCaper ($80.50 in chips)
AzureCaper: posts small blind $1
dmonr joins the table at seat #1
eirivi: posts big blind $3
*** HOLE CARDS ***
AzureCaper: folds
Uncalled bet ($2) returned to eirivi
eirivi collected $2 from pot
eirivi: doesn't show hand
*** SUMMARY ***
Total pot $2 | Rake $0
Seat 3: eirivi (big blind) collected ($2)
Seat 4: AzureCaper (button) (small blind) folded before Flop


PokerStars Hand #155974011550:  Hold'em Limit ($3/$6 USD) - 2016/07/14 16:56:15 ET
Table 'Vladimir' 6-max Seat #3 is the button
Seat 3: eirivi ($67.16 in chips)
Seat 4: AzureCaper ($79.50 in chips)
eirivi: posts small blind $1
AzureCaper: posts big blind $3
*** HOLE CARDS ***
eirivi: raises $3 to $6
AzureCaper: calls $3
*** FLOP *** [3s Jc 3c]
AzureCaper: checks
eirivi: checks
*** TURN *** [3s Jc 3c] [5d]
AzureCaper: bets $6
eirivi: folds
Uncalled bet ($6) returned to AzureCaper
AzureCaper collected $11.76 from pot
AzureCaper: doesn't show hand
*** SUMMARY ***
Total pot $12 | Rake $0.24
Board [3s Jc 3c 5d]
Seat 3: eirivi (button) (small blind) folded on the Turn
Seat 4: AzureCaper (big blind) collected ($11.76)


PokerStars Hand #155974335395:  Hold'em Limit ($3/$6 USD) - 2016/07/14 17:04:06 ET
Table 'Vladimir' 6-max Seat #4 is the button
Seat 3: eirivi ($28.44 in chips)
Seat 4: AzureCaper ($72.61 in chips)
AzureCaper: posts small blind $1
vestimokrec: is sitting out
Actionni13: is sitting out
eirivi: posts big blind $3
*** HOLE CARDS ***
AzureCaper: raises $3 to $6
vestimokrec leaves the table
eirivi: folds
Uncalled bet ($3) returned to AzureCaper
AzureCaper collected $6 from pot
AzureCaper: doesn't show hand
*** SUMMARY ***
Total pot $6 | Rake $0
Seat 3: eirivi (big blind) folded before Flop
Seat 4: AzureCaper (button) (small blind) collected ($6)


PokerStars Hand #155974359915:  Hold'em Limit ($3/$6 USD) - 2016/07/14 17:04:38 ET
Table 'Vladimir' 6-max Seat #3 is the button
Seat 3: eirivi ($25.44 in chips)
Seat 6: Actionni13 ($248.73 in chips)
eirivi: posts small blind $1
Actionni13: posts big blind $3
*** HOLE CARDS ***
eirivi: raises $3 to $6
Actionni13: raises $3 to $9
eirivi: calls $3
*** FLOP *** [5d 9s 6s]
Actionni13: bets $3
eirivi: calls $3
*** TURN *** [5d 9s 6s] [8d]
Actionni13: bets $6
eirivi: calls $6
*** RIVER *** [5d 9s 6s 8d] [8s]
Actionni13: bets $6
eirivi: calls $6
*** SHOW DOWN ***
Actionni13: shows [7s 7d] (a straight, Five to Nine)
eirivi: mucks hand
Actionni13 collected $47.50 from pot
*** SUMMARY ***
Total pot $48 | Rake $0.50
Board [5d 9s 6s 8d 8s]
Seat 3: eirivi (button) (small blind) mucked
Seat 6: Actionni13 (big blind) showed [7s 7d] and won ($47.50) with a straight, Five to Nine


