PokerStars Hand #150969312655:  Hold'em Limit ($3/$6 USD) - 2016/03/26 14:45:46 ET
Table 'Vladimir II' 6-max Seat #4 is the button
Seat 3: miezemuis ($233.25 in chips)
Seat 4: AzureCaper ($72 in chips)
AzureCaper: posts small blind $1
miezemuis: posts big blind $3
*** HOLE CARDS ***
AzureCaper: folds
Uncalled bet ($2) returned to miezemuis
miezemuis collected $2 from pot
miezemuis: doesn't show hand
*** SUMMARY ***
Total pot $2 | Rake $0
Seat 3: miezemuis (big blind) collected ($2)
Seat 4: AzureCaper (button) (small blind) folded before Flop


PokerStars Hand #150969327190:  Hold'em Limit ($3/$6 USD) - 2016/03/26 14:46:03 ET
Table 'Vladimir II' 6-max Seat #4 is the button
Seat 3: miezemuis ($237.25 in chips)
Seat 4: AzureCaper ($72 in chips)
AzureCaper: posts small blind $1
miezemuis: posts big blind $3
*** HOLE CARDS ***
AzureCaper: raises $3 to $6
miezemuis: calls $3
*** FLOP *** [3s Kc 3h]
miezemuis: checks
AzureCaper: bets $3
miezemuis: folds
Uncalled bet ($3) returned to AzureCaper
AzureCaper collected $11.76 from pot
AzureCaper: doesn't show hand
*** SUMMARY ***
Total pot $12 | Rake $0.24
Board [3s Kc 3h]
Seat 3: miezemuis (big blind) folded on the Flop
Seat 4: AzureCaper (button) (small blind) collected ($11.76)


PokerStars Hand #150969342209:  Hold'em Limit ($3/$6 USD) - 2016/03/26 14:46:19 ET
Table 'Vladimir II' 6-max Seat #3 is the button
Seat 3: miezemuis ($231.25 in chips)
Seat 4: AzureCaper ($77.76 in chips)
miezemuis: posts small blind $1
AzureCaper: posts big blind $3
*** HOLE CARDS ***
miezemuis: raises $3 to $6
AzureCaper: calls $3
*** FLOP *** [8c 7d 8h]
AzureCaper: checks
miezemuis: bets $3
AzureCaper: calls $3
*** TURN *** [8c 7d 8h] [7s]
AzureCaper: checks
miezemuis: bets $6
AzureCaper: calls $6
*** RIVER *** [8c 7d 8h 7s] [Ks]
AzureCaper: checks
miezemuis: checks
*** SHOW DOWN ***
AzureCaper: shows [Ad 4s] (two pair, Eights and Sevens)
miezemuis: mucks hand
AzureCaper collected $29.50 from pot
*** SUMMARY ***
Total pot $30 | Rake $0.50
Board [8c 7d 8h 7s Ks]
Seat 3: miezemuis (button) (small blind) mucked
Seat 4: AzureCaper (big blind) showed [Ad 4s] and won ($29.50) with two pair, Eights and Sevens


PokerStars Hand #150969320019:  Hold'em Limit ($3/$6 USD) - 2016/03/26 14:45:55 ET
Table 'Vladimir II' 6-max Seat #3 is the button
Seat 3: miezemuis ($234.25 in chips)
Seat 4: AzureCaper ($72 in chips)
miezemuis: posts small blind $1
AzureCaper: posts big blind $3
*** HOLE CARDS ***
miezemuis: raises $3 to $6
AzureCaper: folds
Uncalled bet ($3) returned to miezemuis
miezemuis collected $6 from pot
miezemuis: doesn't show hand
*** SUMMARY ***
Total pot $6 | Rake $0
Seat 3: miezemuis (button) (small blind) collected ($6)
Seat 4: AzureCaper (big blind) folded before Flop


PokerStars Hand #150969415390:  Hold'em Limit ($3/$6 USD) - 2016/03/26 14:47:40 ET
Table 'Vladimir II' 6-max Seat #3 is the button
Seat 3: miezemuis ($196.25 in chips)
Seat 4: AzureCaper ($111.42 in chips)
miezemuis: posts small blind $1
AzureCaper: posts big blind $3
*** HOLE CARDS ***
miezemuis: raises $3 to $6
AzureCaper: folds
Uncalled bet ($3) returned to miezemuis
miezemuis collected $6 from pot
miezemuis: doesn't show hand
*** SUMMARY ***
Total pot $6 | Rake $0
Seat 3: miezemuis (button) (small blind) collected ($6)
Seat 4: AzureCaper (big blind) folded before Flop


PokerStars Hand #150969409578:  Hold'em Limit ($3/$6 USD) - 2016/03/26 14:47:33 ET
Table 'Vladimir II' 6-max Seat #4 is the button
Seat 3: miezemuis ($195.25 in chips)
Seat 4: AzureCaper ($112.42 in chips)
AzureCaper: posts small blind $1
miezemuis: posts big blind $3
*** HOLE CARDS ***
AzureCaper: folds
Uncalled bet ($2) returned to miezemuis
miezemuis collected $2 from pot
miezemuis: doesn't show hand
*** SUMMARY ***
Total pot $2 | Rake $0
Seat 3: miezemuis (big blind) collected ($2)
Seat 4: AzureCaper (button) (small blind) folded before Flop


PokerStars Hand #150969391974:  Hold'em Limit ($3/$6 USD) - 2016/03/26 14:47:14 ET
Table 'Vladimir II' 6-max Seat #3 is the button
Seat 3: miezemuis ($204.25 in chips)
Seat 4: AzureCaper ($103.78 in chips)
miezemuis: posts small blind $1
AzureCaper: posts big blind $3
*** HOLE CARDS ***
miezemuis: raises $3 to $6
AzureCaper: calls $3
*** FLOP *** [Ah Jd 2s]
AzureCaper: checks
miezemuis: bets $3
AzureCaper: raises $3 to $6
miezemuis: folds
Uncalled bet ($3) returned to AzureCaper
AzureCaper collected $17.64 from pot
AzureCaper: doesn't show hand
*** SUMMARY ***
Total pot $18 | Rake $0.36
Board [Ah Jd 2s]
Seat 3: miezemuis (button) (small blind) folded on the Flop
Seat 4: AzureCaper (big blind) collected ($17.64)


PokerStars Hand #150969370218:  Hold'em Limit ($3/$6 USD) - 2016/03/26 14:46:51 ET
Table 'Vladimir II' 6-max Seat #4 is the button
Seat 3: miezemuis ($216.25 in chips)
Seat 4: AzureCaper ($92.26 in chips)
AzureCaper: posts small blind $1
miezemuis: posts big blind $3
*** HOLE CARDS ***
AzureCaper: raises $3 to $6
miezemuis: calls $3
*** FLOP *** [9d Jd Td]
miezemuis: checks
AzureCaper: checks
*** TURN *** [9d Jd Td] [7h]
miezemuis: bets $6
AzureCaper: calls $6
*** RIVER *** [9d Jd Td 7h] [8s]
miezemuis: checks
AzureCaper: checks
*** SHOW DOWN ***
miezemuis: shows [2s 3s] (a straight, Seven to Jack)
AzureCaper: shows [Ah Qs] (a straight, Eight to Queen)
AzureCaper collected $23.52 from pot
*** SUMMARY ***
Total pot $24 | Rake $0.48
Board [9d Jd Td 7h 8s]
Seat 3: miezemuis (big blind) showed [2s 3s] and lost with a straight, Seven to Jack
Seat 4: AzureCaper (button) (small blind) showed [Ah Qs] and won ($23.52) with a straight, Eight to Queen


PokerStars Hand #150969420507:  Hold'em Limit ($3/$6 USD) - 2016/03/26 14:47:45 ET
Table 'Vladimir II' 6-max Seat #4 is the button
Seat 3: miezemuis ($199.25 in chips)
Seat 4: AzureCaper ($108.42 in chips)
AzureCaper: posts small blind $1
miezemuis: posts big blind $3
*** HOLE CARDS ***
AzureCaper: folds
Uncalled bet ($2) returned to miezemuis
miezemuis collected $2 from pot
miezemuis: doesn't show hand
*** SUMMARY ***
Total pot $2 | Rake $0
Seat 3: miezemuis (big blind) collected ($2)
Seat 4: AzureCaper (button) (small blind) folded before Flop


