PokerStars Hand #155502422710:  Hold'em Limit ($3/$6 USD) - 2016/07/03 8:15:35 ET
Table 'Vogtia' 6-max Seat #4 is the button
Seat 1: jørgen smith ($125.76 in chips)
Seat 4: VolkovDmitri ($120 in chips)
VolkovDmitri: posts small blind $1
jørgen smith: posts big blind $3
*** HOLE CARDS ***
VolkovDmitri: raises $3 to $6
jørgen smith: calls $3
*** FLOP *** [Qh 3d 5d]
jørgen smith: checks
VolkovDmitri: bets $3
jørgen smith: folds
Uncalled bet ($3) returned to VolkovDmitri
VolkovDmitri collected $11.76 from pot
VolkovDmitri: doesn't show hand
*** SUMMARY ***
Total pot $12 | Rake $0.24
Board [Qh 3d 5d]
Seat 1: jørgen smith (big blind) folded on the Flop
Seat 4: VolkovDmitri (button) (small blind) collected ($11.76)


PokerStars Hand #155502409487:  Hold'em Limit ($3/$6 USD) - 2016/07/03 8:15:09 ET
Table 'Vogtia' 6-max Seat #1 is the button
Seat 1: jørgen smith ($120 in chips)
Seat 4: VolkovDmitri ($120 in chips)
jørgen smith: posts small blind $1
VolkovDmitri: posts big blind $3
*** HOLE CARDS ***
jørgen smith: raises $3 to $6
VolkovDmitri: calls $3
*** FLOP *** [Jc Kh 4s]
VolkovDmitri: checks
jørgen smith: bets $3
VolkovDmitri: folds
Uncalled bet ($3) returned to jørgen smith
jørgen smith collected $11.76 from pot
jørgen smith: doesn't show hand
*** SUMMARY ***
Total pot $12 | Rake $0.24
Board [Jc Kh 4s]
Seat 1: jørgen smith (button) (small blind) collected ($11.76)
Seat 4: VolkovDmitri (big blind) folded on the Flop


PokerStars Hand #155502453912:  Hold'em Limit ($3/$6 USD) - 2016/07/03 8:16:37 ET
Table 'Vogtia' 6-max Seat #1 is the button
Seat 1: jørgen smith ($118.28 in chips)
Seat 4: VolkovDmitri ($134.50 in chips)
jørgen smith: posts small blind $1
VolkovDmitri: posts big blind $3
*** HOLE CARDS ***
jørgen smith: folds
Uncalled bet ($2) returned to VolkovDmitri
VolkovDmitri collected $2 from pot
VolkovDmitri: doesn't show hand
*** SUMMARY ***
Total pot $2 | Rake $0
Seat 1: jørgen smith (button) (small blind) folded before Flop
Seat 4: VolkovDmitri (big blind) collected ($2)


PokerStars Hand #155502446483:  Hold'em Limit ($3/$6 USD) - 2016/07/03 8:16:22 ET
Table 'Vogtia' 6-max Seat #4 is the button
Seat 1: jørgen smith ($133.28 in chips)
Seat 4: VolkovDmitri ($120 in chips)
VolkovDmitri: posts small blind $1
jørgen smith: posts big blind $3
*** HOLE CARDS ***
VolkovDmitri: raises $3 to $6
jørgen smith: calls $3
*** FLOP *** [8h 7s 3d]
jørgen smith: checks
VolkovDmitri: bets $3
jørgen smith: calls $3
*** TURN *** [8h 7s 3d] [Jc]
jørgen smith: checks
VolkovDmitri: bets $6
jørgen smith: calls $6
*** RIVER *** [8h 7s 3d Jc] [7h]
jørgen smith: checks
VolkovDmitri: checks
*** SHOW DOWN ***
jørgen smith: shows [4c 5h] (a pair of Sevens)
VolkovDmitri: shows [3h 8s] (two pair, Eights and Sevens)
VolkovDmitri collected $29.50 from pot
*** SUMMARY ***
Total pot $30 | Rake $0.50
Board [8h 7s 3d Jc 7h]
Seat 1: jørgen smith (big blind) showed [4c 5h] and lost with a pair of Sevens
Seat 4: VolkovDmitri (button) (small blind) showed [3h 8s] and won ($29.50) with two pair, Eights and Sevens


PokerStars Hand #155502443505:  Hold'em Limit ($3/$6 USD) - 2016/07/03 8:16:17 ET
Table 'Vogtia' 6-max Seat #1 is the button
Seat 1: jørgen smith ($130.28 in chips)
Seat 4: VolkovDmitri ($120 in chips)
jørgen smith: posts small blind $1
VolkovDmitri: posts big blind $3
*** HOLE CARDS ***
jørgen smith: raises $3 to $6
VolkovDmitri: folds
Uncalled bet ($3) returned to jørgen smith
jørgen smith collected $6 from pot
jørgen smith: doesn't show hand
*** SUMMARY ***
Total pot $6 | Rake $0
Seat 1: jørgen smith (button) (small blind) collected ($6)
Seat 4: VolkovDmitri (big blind) folded before Flop


PokerStars Hand #155502431679:  Hold'em Limit ($3/$6 USD) - 2016/07/03 8:15:53 ET
Table 'Vogtia' 6-max Seat #4 is the button
Seat 1: jørgen smith ($118.76 in chips)
Seat 4: VolkovDmitri ($126.76 in chips)
VolkovDmitri: posts small blind $1
jørgen smith: posts big blind $3
*** HOLE CARDS ***
VolkovDmitri: raises $3 to $6
jørgen smith: calls $3
*** FLOP *** [3h Qc 8s]
jørgen smith: checks
VolkovDmitri: bets $3
jørgen smith: raises $3 to $6
VolkovDmitri: calls $3
*** TURN *** [3h Qc 8s] [2h]
jørgen smith: bets $6
VolkovDmitri: folds
Uncalled bet ($6) returned to jørgen smith
jørgen smith collected $23.52 from pot
jørgen smith: doesn't show hand
*** SUMMARY ***
Total pot $24 | Rake $0.48
Board [3h Qc 8s 2h]
Seat 1: jørgen smith (big blind) collected ($23.52)
Seat 4: VolkovDmitri (button) (small blind) folded on the Turn


PokerStars Hand #155502429449:  Hold'em Limit ($3/$6 USD) - 2016/07/03 8:15:49 ET
Table 'Vogtia' 6-max Seat #1 is the button
Seat 1: jørgen smith ($119.76 in chips)
Seat 4: VolkovDmitri ($125.76 in chips)
jørgen smith: posts small blind $1
VolkovDmitri: posts big blind $3
*** HOLE CARDS ***
jørgen smith: folds
Uncalled bet ($2) returned to VolkovDmitri
VolkovDmitri collected $2 from pot
VolkovDmitri: doesn't show hand
*** SUMMARY ***
Total pot $2 | Rake $0
Seat 1: jørgen smith (button) (small blind) folded before Flop
Seat 4: VolkovDmitri (big blind) collected ($2)


PokerStars Hand #155502456335:  Hold'em Limit ($3/$6 USD) - 2016/07/03 8:16:42 ET
Table 'Vogtia' 6-max Seat #4 is the button
Seat 1: jørgen smith ($117.28 in chips)
Seat 4: VolkovDmitri ($135.50 in chips)
VolkovDmitri: posts small blind $1
jørgen smith: posts big blind $3
*** HOLE CARDS ***
VolkovDmitri: raises $3 to $6
jørgen smith: calls $3
*** FLOP *** [4c 6s Tc]
jørgen smith: checks
VolkovDmitri: bets $3
jørgen smith: raises $3 to $6
VolkovDmitri: folds
Uncalled bet ($3) returned to jørgen smith
jørgen smith collected $17.64 from pot
jørgen smith: doesn't show hand
*** SUMMARY ***
Total pot $18 | Rake $0.36
Board [4c 6s Tc]
Seat 1: jørgen smith (big blind) collected ($17.64)
Seat 4: VolkovDmitri (button) (small blind) folded on the Flop


PokerStars Hand #155502464734:  Hold'em Limit ($3/$6 USD) - 2016/07/03 8:16:58 ET
Table 'Vogtia' 6-max Seat #1 is the button
Seat 1: jørgen smith ($125.92 in chips)
Seat 4: VolkovDmitri ($126.50 in chips)
jørgen smith: posts small blind $1
VolkovDmitri: posts big blind $3
*** HOLE CARDS ***
jørgen smith: raises $3 to $6
VolkovDmitri: calls $3
*** FLOP *** [3c 3s 9d]
VolkovDmitri: checks
F.Magellan joins the table at seat #3
jørgen smith: bets $3
VolkovDmitri: calls $3
*** TURN *** [3c 3s 9d] [Ah]
VolkovDmitri: checks
jørgen smith: bets $6
VolkovDmitri: raises $6 to $12
jørgen smith: calls $6
*** RIVER *** [3c 3s 9d Ah] [Qs]
VolkovDmitri: bets $6
jørgen smith: calls $6
*** SHOW DOWN ***
VolkovDmitri: shows [2s Ad] (two pair, Aces and Threes)
jørgen smith: shows [8d Ac] (two pair, Aces and Threes)
VolkovDmitri collected $26.75 from pot
jørgen smith collected $26.75 from pot
*** SUMMARY ***
Total pot $54 | Rake $0.50
Board [3c 3s 9d Ah Qs]
Seat 1: jørgen smith (button) (small blind) showed [8d Ac] and won ($26.75) with two pair, Aces and Threes
Seat 4: VolkovDmitri (big blind) showed [2s Ad] and won ($26.75) with two pair, Aces and Threes


PokerStars Hand #155502485677:  Hold'em Limit ($3/$6 USD) - 2016/07/03 8:17:40 ET
Table 'Vogtia' 6-max Seat #4 is the button
Seat 1: jørgen smith ($125.67 in chips)
Seat 4: VolkovDmitri ($126.25 in chips)
VolkovDmitri: posts small blind $1
jørgen smith: posts big blind $3
*** HOLE CARDS ***
VolkovDmitri: raises $3 to $6
jørgen smith: calls $3
*** FLOP *** [3s 2d 9s]
jørgen smith: checks
VolkovDmitri: bets $3
jørgen smith: calls $3
*** TURN *** [3s 2d 9s] [5s]
jørgen smith: checks
VolkovDmitri: checks
*** RIVER *** [3s 2d 9s 5s] [Js]
jørgen smith: bets $6
VolkovDmitri: calls $6
*** SHOW DOWN ***
jørgen smith: shows [6c 4h] (a straight, Deuce to Six)
VolkovDmitri: mucks hand
jørgen smith collected $29.50 from pot
*** SUMMARY ***
Total pot $30 | Rake $0.50
Board [3s 2d 9s 5s Js]
Seat 1: jørgen smith (big blind) showed [6c 4h] and won ($29.50) with a straight, Deuce to Six
Seat 4: VolkovDmitri (button) (small blind) mucked


PokerStars Hand #155503428683:  Hold'em Limit ($3/$6 USD) - 2016/07/03 8:47:33 ET
Table 'Vogtia' 6-max Seat #3 is the button
Seat 1: jestanie ($113.53 in chips)
Seat 3: jama gama ($203.69 in chips)
jama gama: posts small blind $1
jestanie: posts big blind $3
*** HOLE CARDS ***
jama gama: raises $3 to $6
jestanie: raises $3 to $9
jama gama: calls $3
*** FLOP *** [Jd 4d Th]
jestanie: checks
jama gama: bets $3
jestanie: calls $3
*** TURN *** [Jd 4d Th] [5s]
jestanie: checks
jama gama: bets $6
jestanie: raises $6 to $12
jama gama: calls $6
*** RIVER *** [Jd 4d Th 5s] [7s]
jestanie: bets $6
jama gama: folds
Uncalled bet ($6) returned to jestanie
jestanie collected $47.50 from pot
jestanie: doesn't show hand
Mr.Reaper47 leaves the table
*** SUMMARY ***
Total pot $48 | Rake $0.50
Board [Jd 4d Th 5s 7s]
Seat 1: jestanie (big blind) collected ($47.50)
Seat 3: jama gama (button) (small blind) folded on the River


