PokerStars Hand #148659088349:  Hold'em Limit ($3/$6 USD) - 2016/02/12 3:43:52 ET
Table 'Volans II' 6-max Seat #2 is the button
Seat 2: Robanmar33 ($133 in chips)
Seat 4: Agrotait ($72 in chips)
Robanmar33: posts small blind $1
Agrotait: posts big blind $3
*** HOLE CARDS ***
Robanmar33: calls $2
Agrotait: checks
*** FLOP *** [Ks 6c Ts]
Agrotait: checks
Robanmar33: checks
*** TURN *** [Ks 6c Ts] [6s]
Agrotait: bets $6
Robanmar33: folds
Uncalled bet ($6) returned to Agrotait
Agrotait collected $5.88 from pot
Agrotait: doesn't show hand
*** SUMMARY ***
Total pot $6 | Rake $0.12
Board [Ks 6c Ts 6s]
Seat 2: Robanmar33 (button) (small blind) folded on the Turn
Seat 4: Agrotait (big blind) collected ($5.88)


PokerStars Hand #148659096411:  Hold'em Limit ($3/$6 USD) - 2016/02/12 3:44:13 ET
Table 'Volans II' 6-max Seat #4 is the button
Seat 2: Robanmar33 ($130 in chips)
Seat 4: Agrotait ($74.88 in chips)
Agrotait: posts small blind $1
Robanmar33: posts big blind $3
*** HOLE CARDS ***
Agrotait: raises $3 to $6
Robanmar33: calls $3
*** FLOP *** [Ac Tc 2h]
Robanmar33: checks
Agrotait: bets $3
Robanmar33: folds
Uncalled bet ($3) returned to Agrotait
Agrotait collected $11.76 from pot
Agrotait: doesn't show hand
*** SUMMARY ***
Total pot $12 | Rake $0.24
Board [Ac Tc 2h]
Seat 2: Robanmar33 (big blind) folded on the Flop
Seat 4: Agrotait (button) (small blind) collected ($11.76)


PokerStars Hand #148659100414:  Hold'em Limit ($3/$6 USD) - 2016/02/12 3:44:24 ET
Table 'Volans II' 6-max Seat #2 is the button
Seat 2: Robanmar33 ($124 in chips)
Seat 4: Agrotait ($80.64 in chips)
Robanmar33: posts small blind $1
Agrotait: posts big blind $3
*** HOLE CARDS ***
Robanmar33: raises $3 to $6
Agrotait: calls $3
*** FLOP *** [3s Ac 8h]
Agrotait: checks
Robanmar33: bets $3
Agrotait: folds
Uncalled bet ($3) returned to Robanmar33
Robanmar33 collected $11.76 from pot
*** SUMMARY ***
Total pot $12 | Rake $0.24
Board [3s Ac 8h]
Seat 2: Robanmar33 (button) (small blind) collected ($11.76)
Seat 4: Agrotait (big blind) folded on the Flop


PokerStars Hand #148659110054:  Hold'em Limit ($3/$6 USD) - 2016/02/12 3:44:50 ET
Table 'Volans II' 6-max Seat #4 is the button
Seat 2: Robanmar33 ($129.76 in chips)
Seat 4: Agrotait ($74.64 in chips)
Agrotait: posts small blind $1
Robanmar33: posts big blind $3
*** HOLE CARDS ***
Agrotait: raises $3 to $6
Robanmar33: calls $3
*** FLOP *** [Ad 5d 8c]
Robanmar33: checks
Agrotait: bets $3
Robanmar33: folds
Uncalled bet ($3) returned to Agrotait
Agrotait collected $11.76 from pot
Agrotait: doesn't show hand
*** SUMMARY ***
Total pot $12 | Rake $0.24
Board [Ad 5d 8c]
Seat 2: Robanmar33 (big blind) folded on the Flop
Seat 4: Agrotait (button) (small blind) collected ($11.76)


PokerStars Hand #148659115621:  Hold'em Limit ($3/$6 USD) - 2016/02/12 3:45:05 ET
Table 'Volans II' 6-max Seat #2 is the button
Seat 2: Robanmar33 ($123.76 in chips)
Seat 4: Agrotait ($80.40 in chips)
Robanmar33: posts small blind $1
Agrotait: posts big blind $3
*** HOLE CARDS ***
Robanmar33: folds
Uncalled bet ($2) returned to Agrotait
Agrotait collected $2 from pot
Agrotait: doesn't show hand
*** SUMMARY ***
Total pot $2 | Rake $0
Seat 2: Robanmar33 (button) (small blind) folded before Flop
Seat 4: Agrotait (big blind) collected ($2)


PokerStars Hand #148659125661:  Hold'em Limit ($3/$6 USD) - 2016/02/12 3:45:32 ET
Table 'Volans II' 6-max Seat #2 is the button
Seat 2: Robanmar33 ($143.26 in chips)
Seat 4: Agrotait ($60.40 in chips)
Robanmar33: posts small blind $1
Agrotait: posts big blind $3
*** HOLE CARDS ***
Robanmar33: folds
Uncalled bet ($2) returned to Agrotait
Agrotait collected $2 from pot
Agrotait: doesn't show hand
*** SUMMARY ***
Total pot $2 | Rake $0
Seat 2: Robanmar33 (button) (small blind) folded before Flop
Seat 4: Agrotait (big blind) collected ($2)


PokerStars Hand #148659117538:  Hold'em Limit ($3/$6 USD) - 2016/02/12 3:45:10 ET
Table 'Volans II' 6-max Seat #4 is the button
Seat 2: Robanmar33 ($122.76 in chips)
Seat 4: Agrotait ($81.40 in chips)
Agrotait: posts small blind $1
Robanmar33: posts big blind $3
*** HOLE CARDS ***
Agrotait: raises $3 to $6
Robanmar33: calls $3
*** FLOP *** [As 9d 5h]
Robanmar33: bets $3
Agrotait: calls $3
*** TURN *** [As 9d 5h] [Ad]
Robanmar33: bets $6
Agrotait: calls $6
*** RIVER *** [As 9d 5h Ad] [Js]
Robanmar33: bets $6
Agrotait: calls $6
*** SHOW DOWN ***
Robanmar33: shows [Ah 3h] (three of a kind, Aces)
Agrotait: mucks hand
Robanmar33 collected $41.50 from pot
*** SUMMARY ***
Total pot $42 | Rake $0.50
Board [As 9d 5h Ad Js]
Seat 2: Robanmar33 (big blind) showed [Ah 3h] and won ($41.50) with three of a kind, Aces
Seat 4: Agrotait (button) (small blind) mucked


PokerStars Hand #148659127618:  Hold'em Limit ($3/$6 USD) - 2016/02/12 3:45:37 ET
Table 'Volans II' 6-max Seat #4 is the button
Seat 2: Robanmar33 ($142.26 in chips)
Seat 4: Agrotait ($61.40 in chips)
Agrotait: posts small blind $1
Robanmar33: posts big blind $3
*** HOLE CARDS ***
Agrotait: raises $3 to $6
Robanmar33: folds
Uncalled bet ($3) returned to Agrotait
Agrotait collected $6 from pot
Agrotait: doesn't show hand
*** SUMMARY ***
Total pot $6 | Rake $0
Seat 2: Robanmar33 (big blind) folded before Flop
Seat 4: Agrotait (button) (small blind) collected ($6)


PokerStars Hand #148659129939:  Hold'em Limit ($3/$6 USD) - 2016/02/12 3:45:43 ET
Table 'Volans II' 6-max Seat #2 is the button
Seat 2: Robanmar33 ($139.26 in chips)
Seat 4: Agrotait ($64.40 in chips)
Robanmar33: posts small blind $1
Agrotait: posts big blind $3
*** HOLE CARDS ***
Robanmar33: calls $2
Agrotait: checks
*** FLOP *** [4h 6d Ad]
Agrotait: bets $3
Robanmar33: folds
Uncalled bet ($3) returned to Agrotait
Agrotait collected $5.88 from pot
Agrotait: doesn't show hand
*** SUMMARY ***
Total pot $6 | Rake $0.12
Board [4h 6d Ad]
Seat 2: Robanmar33 (button) (small blind) folded on the Flop
Seat 4: Agrotait (big blind) collected ($5.88)


PokerStars Hand #148659134076:  Hold'em Limit ($3/$6 USD) - 2016/02/12 3:45:54 ET
Table 'Volans II' 6-max Seat #4 is the button
Seat 2: Robanmar33 ($136.26 in chips)
Seat 4: Agrotait ($67.28 in chips)
Agrotait: posts small blind $1
Robanmar33: posts big blind $3
*** HOLE CARDS ***
Agrotait: raises $3 to $6
Robanmar33: calls $3
*** FLOP *** [5s 2d 3s]
xcgxcg2005 joins the table at seat #3
Robanmar33: bets $3
Agrotait: calls $3
*** TURN *** [5s 2d 3s] [9h]
Robanmar33: bets $6
Agrotait: calls $6
*** RIVER *** [5s 2d 3s 9h] [6d]
Robanmar33: checks
Agrotait: bets $6
Robanmar33: calls $6
*** SHOW DOWN ***
Agrotait: shows [Kd 6c] (a pair of Sixes)
Robanmar33: mucks hand
Agrotait collected $41.50 from pot
*** SUMMARY ***
Total pot $42 | Rake $0.50
Board [5s 2d 3s 9h 6d]
Seat 2: Robanmar33 (big blind) mucked
Seat 4: Agrotait (button) (small blind) showed [Kd 6c] and won ($41.50) with a pair of Sixes


PokerStars Hand #148662697987:  Hold'em Limit ($3/$6 USD) - 2016/02/12 5:58:56 ET
Table 'Volans II' 6-max Seat #2 is the button
Seat 1: 7 Huligan 7 ($33.84 in chips)
Seat 2: AAinthehole ($180.11 in chips)
AAinthehole: posts small blind $1
7 Huligan 7: posts big blind $3
*** HOLE CARDS ***
AAinthehole: raises $3 to $6
7 Huligan 7: raises $3 to $9
AAinthehole: calls $3
*** FLOP *** [8c Ad 8d]
7 Huligan 7: bets $3
AAinthehole: calls $3
*** TURN *** [8c Ad 8d] [Jd]
7 Huligan 7: bets $6
AAinthehole: raises $6 to $12
7 Huligan 7: raises $6 to $18
AAinthehole: raises $6 to $24
Betting is capped
7 Huligan 7: calls $3.84 and is all-in
Uncalled bet ($2.16) returned to AAinthehole
*** RIVER *** [8c Ad 8d Jd] [Js]
*** SHOW DOWN ***
7 Huligan 7: shows [Kh Kc] (two pair, Kings and Jacks)
AAinthehole: shows [8h 7h] (a full house, Eights full of Jacks)
AAinthehole collected $67.18 from pot
*** SUMMARY ***
Total pot $67.68 | Rake $0.50
Board [8c Ad 8d Jd Js]
Seat 1: 7 Huligan 7 (big blind) showed [Kh Kc] and lost with two pair, Kings and Jacks
Seat 2: AAinthehole (button) (small blind) showed [8h 7h] and won ($67.18) with a full house, Eights full of Jacks


PokerStars Hand #148662693835:  Hold'em Limit ($3/$6 USD) - 2016/02/12 5:58:48 ET
Table 'Volans II' 6-max Seat #1 is the button
Seat 1: 7 Huligan 7 ($30.84 in chips)
Seat 2: AAinthehole ($183.11 in chips)
7 Huligan 7: posts small blind $1
AAinthehole: posts big blind $3
*** HOLE CARDS ***
7 Huligan 7: raises $3 to $6
AAinthehole: folds
Uncalled bet ($3) returned to 7 Huligan 7
7 Huligan 7 collected $6 from pot
7 Huligan 7: doesn't show hand
*** SUMMARY ***
Total pot $6 | Rake $0
Seat 1: 7 Huligan 7 (button) (small blind) collected ($6)
Seat 2: AAinthehole (big blind) folded before Flop


PokerStars Hand #148662670571:  Hold'em Limit ($3/$6 USD) - 2016/02/12 5:58:13 ET
Table 'Volans II' 6-max Seat #2 is the button
Seat 1: 7 Huligan 7 ($51.84 in chips)
Seat 2: AAinthehole ($162.61 in chips)
AAinthehole: posts small blind $1
B_loJkl: is sitting out
7 Huligan 7: posts big blind $3
*** HOLE CARDS ***
B_loJkl leaves the table
AAinthehole: raises $3 to $6
7 Huligan 7: calls $3
*** FLOP *** [5h 9h Ah]
7 Huligan 7: checks
AAinthehole: bets $3
7 Huligan 7: calls $3
*** TURN *** [5h 9h Ah] [3s]
7 Huligan 7: checks
B_loJkl joins the table at seat #3
AAinthehole: checks
*** RIVER *** [5h 9h Ah 3s] [2s]
7 Huligan 7: bets $6
AAinthehole: raises $6 to $12
7 Huligan 7: calls $6
*** SHOW DOWN ***
AAinthehole: shows [Ks 4d] (a straight, Ace to Five)
7 Huligan 7: mucks hand
AAinthehole collected $41.50 from pot
*** SUMMARY ***
Total pot $42 | Rake $0.50
Board [5h 9h Ah 3s 2s]
Seat 1: 7 Huligan 7 (big blind) mucked
Seat 2: AAinthehole (button) (small blind) showed [Ks 4d] and won ($41.50) with a straight, Ace to Five


