PokerStars Hand #165244885664:  Hold'em Limit ($3/$6 USD) - 2017/01/27 10:00:38 ET
Table 'Volga' 6-max Seat #3 is the button
Seat 3: Psaros78 ($55.77 in chips)
Seat 4: Agrotait ($65.51 in chips)
Psaros78: posts small blind $1
Agrotait: posts big blind $3
*** HOLE CARDS ***
Psaros78: calls $2
Agrotait: checks
*** FLOP *** [9s 6s Jd]
Agrotait: bets $3
Psaros78: calls $3
*** TURN *** [9s 6s Jd] [Qs]
Agrotait: checks
Psaros78: bets $6
Agrotait: calls $6
*** RIVER *** [9s 6s Jd Qs] [Tc]
Agrotait: checks
Psaros78: bets $6
Agrotait: calls $6
*** SHOW DOWN ***
Psaros78: shows [6c Ac] (a pair of Sixes)
Agrotait: shows [5h Jc] (a pair of Jacks)
Actionni13 joins the table at seat #1
Agrotait collected $35.50 from pot
*** SUMMARY ***
Total pot $36 | Rake $0.50
Board [9s 6s Jd Qs Tc]
Seat 3: Psaros78 (button) (small blind) showed [6c Ac] and lost with a pair of Sixes
Seat 4: Agrotait (big blind) showed [5h Jc] and won ($35.50) with a pair of Jacks


PokerStars Hand #165244866769:  Hold'em Limit ($3/$6 USD) - 2017/01/27 10:00:07 ET
Table 'Volga' 6-max Seat #4 is the button
Seat 3: Psaros78 ($56.02 in chips)
Seat 4: Agrotait ($65.76 in chips)
Agrotait: posts small blind $1
Psaros78: posts big blind $3
*** HOLE CARDS ***
Agrotait: raises $3 to $6
Psaros78: calls $3
*** FLOP *** [Jh Kc Qs]
Psaros78: checks
Agrotait: bets $3
Psaros78: raises $3 to $6
Agrotait: calls $3
*** TURN *** [Jh Kc Qs] [Ts]
Psaros78: bets $6
Agrotait: calls $6
*** RIVER *** [Jh Kc Qs Ts] [Jc]
Psaros78: checks
robrobsen85 joins the table at seat #2
Agrotait: checks
*** SHOW DOWN ***
Psaros78: shows [6h 5d] (a pair of Jacks)
Agrotait: shows [7s 8s] (a pair of Jacks)
Psaros78 collected $17.75 from pot
Agrotait collected $17.75 from pot
*** SUMMARY ***
Total pot $36 | Rake $0.50
Board [Jh Kc Qs Ts Jc]
Seat 3: Psaros78 (big blind) showed [6h 5d] and won ($17.75) with a pair of Jacks
Seat 4: Agrotait (button) (small blind) showed [7s 8s] and won ($17.75) with a pair of Jacks


PokerStars Hand #165246210740:  Hold'em Limit ($3/$6 USD) - 2017/01/27 10:32:31 ET
Table 'Volga' 6-max Seat #5 is the button
Seat 4: Agrotait ($97.11 in chips)
Seat 5: millchar ($74.93 in chips)
millchar: posts small blind $1
kolaz03: is sitting out
Agrotait: posts big blind $3
*** HOLE CARDS ***
kolaz03 leaves the table
millchar: raises $3 to $6
Agrotait: folds
Uncalled bet ($3) returned to millchar
millchar collected $6 from pot
millchar: doesn't show hand
*** SUMMARY ***
Total pot $6 | Rake $0
Seat 4: Agrotait (big blind) folded before Flop
Seat 5: millchar (button) (small blind) collected ($6)


