PokerStars Hand #169591197000:  Hold'em Limit ($3/$6 USD) - 2017/04/26 13:56:05 ET
Table 'Volga' 6-max Seat #5 is the button
Seat 3: NoVebra ($96.50 in chips)
Seat 5: Pete81 ($35 in chips)
Pete81: posts small blind $1
NoVebra: posts big blind $3
*** HOLE CARDS ***
Pete81: folds
Uncalled bet ($2) returned to NoVebra
NoVebra collected $2 from pot
NoVebra: doesn't show hand
*** SUMMARY ***
Total pot $2 | Rake $0
Seat 3: NoVebra (big blind) collected ($2)
Seat 5: Pete81 (button) (small blind) folded before Flop


PokerStars Hand #169591182812:  Hold'em Limit ($3/$6 USD) - 2017/04/26 13:55:42 ET
Table 'Volga' 6-max Seat #3 is the button
Seat 3: NoVebra ($76 in chips)
Seat 5: Pete81 ($56 in chips)
NoVebra: posts small blind $1
Pete81: posts big blind $3
*** HOLE CARDS ***
NoVebra: raises $3 to $6
Pete81: calls $3
*** FLOP *** [2c Qc Kh]
Pete81: checks
NoVebra: bets $3
Pete81: raises $3 to $6
NoVebra: raises $3 to $9
Pete81: calls $3
*** TURN *** [2c Qc Kh] [3h]
Pete81: checks
NoVebra: bets $6
Pete81: calls $6
*** RIVER *** [2c Qc Kh 3h] [8s]
Pete81: checks
NoVebra: bets $6
Pete81: folds
Uncalled bet ($6) returned to NoVebra
NoVebra collected $41.50 from pot
NoVebra: doesn't show hand
*** SUMMARY ***
Total pot $42 | Rake $0.50
Board [2c Qc Kh 3h 8s]
Seat 3: NoVebra (button) (small blind) collected ($41.50)
Seat 5: Pete81 (big blind) folded on the River


PokerStars Hand #169591200388:  Hold'em Limit ($3/$6 USD) - 2017/04/26 13:56:10 ET
Table 'Volga' 6-max Seat #3 is the button
Seat 3: NoVebra ($97.50 in chips)
Seat 5: Pete81 ($34 in chips)
NoVebra: posts small blind $1
Pete81: posts big blind $3
*** HOLE CARDS ***
NoVebra: raises $3 to $6
Pete81: raises $3 to $9
NoVebra: calls $3
*** FLOP *** [7c Ah 3h]
Pete81: bets $3
NoVebra: calls $3
*** TURN *** [7c Ah 3h] [8s]
Pete81: checks
NoVebra: bets $6
Pete81: raises $6 to $12
NoVebra: folds
Uncalled bet ($6) returned to Pete81
Pete81 collected $35.50 from pot
Pete81: doesn't show hand
*** SUMMARY ***
Total pot $36 | Rake $0.50
Board [7c Ah 3h 8s]
Seat 3: NoVebra (button) (small blind) folded on the Turn
Seat 5: Pete81 (big blind) collected ($35.50)


PokerStars Hand #169591228438:  Hold'em Limit ($3/$6 USD) - 2017/04/26 13:56:56 ET
Table 'Volga' 6-max Seat #3 is the button
Seat 3: NoVebra ($72 in chips)
Seat 5: Pete81 ($72 in chips)
NoVebra: posts small blind $1
Pete81: posts big blind $3
*** HOLE CARDS ***
NoVebra: folds
Uncalled bet ($2) returned to Pete81
Pete81 collected $2 from pot
Pete81: doesn't show hand
*** SUMMARY ***
Total pot $2 | Rake $0
Seat 3: NoVebra (button) (small blind) folded before Flop
Seat 5: Pete81 (big blind) collected ($2)


PokerStars Hand #169591212879:  Hold'em Limit ($3/$6 USD) - 2017/04/26 13:56:31 ET
Table 'Volga' 6-max Seat #5 is the button
Seat 3: NoVebra ($79.50 in chips)
Seat 5: Pete81 ($51.50 in chips)
Pete81: posts small blind $1
NoVebra: posts big blind $3
*** HOLE CARDS ***
Pete81: raises $3 to $6
NoVebra: calls $3
*** FLOP *** [5c 2d 8s]
NoVebra: checks
Pete81: bets $3
NoVebra: calls $3
*** TURN *** [5c 2d 8s] [8d]
NoVebra: checks
Pete81: bets $6
NoVebra: calls $6
*** RIVER *** [5c 2d 8s 8d] [Tc]
NoVebra: checks
Pete81: bets $6
NoVebra: calls $6
*** SHOW DOWN ***
Pete81: shows [Js Jh] (two pair, Jacks and Eights)
NoVebra: mucks hand
Pete81 collected $41.50 from pot
*** SUMMARY ***
Total pot $42 | Rake $0.50
Board [5c 2d 8s 8d Tc]
Seat 3: NoVebra (big blind) mucked
Seat 5: Pete81 (button) (small blind) showed [Js Jh] and won ($41.50) with two pair, Jacks and Eights


PokerStars Hand #169591242705:  Hold'em Limit ($3/$6 USD) - 2017/04/26 13:57:19 ET
Table 'Volga' 6-max Seat #3 is the button
Seat 3: NoVebra ($83.52 in chips)
Seat 5: Pete81 ($61 in chips)
NoVebra: posts small blind $1
Pete81: posts big blind $3
*** HOLE CARDS ***
NoVebra: raises $3 to $6
Pete81: calls $3
*** FLOP *** [8c 8s 5d]
ToDaFelt joins the table at seat #2
Pete81: checks
NoVebra: bets $3
Pete81: folds
Uncalled bet ($3) returned to NoVebra
NoVebra collected $11.76 from pot
NoVebra: doesn't show hand
*** SUMMARY ***
Total pot $12 | Rake $0.24
Board [8c 8s 5d]
Seat 3: NoVebra (button) (small blind) collected ($11.76)
Seat 5: Pete81 (big blind) folded on the Flop


PokerStars Hand #169591231157:  Hold'em Limit ($3/$6 USD) - 2017/04/26 13:57:00 ET
Table 'Volga' 6-max Seat #5 is the button
Seat 3: NoVebra ($72 in chips)
Seat 5: Pete81 ($73 in chips)
Pete81: posts small blind $1
NoVebra: posts big blind $3
*** HOLE CARDS ***
Pete81: raises $3 to $6
NoVebra: calls $3
*** FLOP *** [Jh 2d 3h]
zagainovv joins the table at seat #1
NoVebra: checks
Pete81: bets $3
NoVebra: raises $3 to $6
Pete81: calls $3
*** TURN *** [Jh 2d 3h] [7c]
NoVebra: bets $6
Pete81: folds
Uncalled bet ($6) returned to NoVebra
NoVebra collected $23.52 from pot
NoVebra: doesn't show hand
*** SUMMARY ***
Total pot $24 | Rake $0.48
Board [Jh 2d 3h 7c]
Seat 3: NoVebra (big blind) collected ($23.52)
Seat 5: Pete81 (button) (small blind) folded on the Turn


PokerStars Hand #169592287845:  Hold'em Limit ($3/$6 USD) - 2017/04/26 14:20:12 ET
Table 'Volga' 6-max Seat #2 is the button
Seat 1: zagainovv ($80.96 in chips)
Seat 2: ToDaFelt ($218.96 in chips)
ToDaFelt: posts small blind $1
zxkz: is sitting out
zagainovv: posts big blind $3
*** HOLE CARDS ***
zxkz leaves the table
ToDaFelt: raises $3 to $6
zagainovv: calls $3
*** FLOP *** [8s 8d As]
zagainovv: checks
ToDaFelt: bets $3
zagainovv: folds
Uncalled bet ($3) returned to ToDaFelt
ToDaFelt collected $11.76 from pot
ToDaFelt: doesn't show hand
*** SUMMARY ***
Total pot $12 | Rake $0.24
Board [8s 8d As]
Seat 1: zagainovv (big blind) folded on the Flop
Seat 2: ToDaFelt (button) (small blind) collected ($11.76)


PokerStars Hand #169592302509:  Hold'em Limit ($3/$6 USD) - 2017/04/26 14:20:31 ET
Table 'Volga' 6-max Seat #1 is the button
Seat 1: zagainovv ($74.96 in chips)
Seat 2: ToDaFelt ($224.72 in chips)
zagainovv: posts small blind $1
ToDaFelt: posts big blind $3
*** HOLE CARDS ***
zagainovv: raises $3 to $6
ToDaFelt: raises $3 to $9
zagainovv: calls $3
*** FLOP *** [5h 2d Th]
ToDaFelt: bets $3
zagainovv: calls $3
*** TURN *** [5h 2d Th] [Jd]
ToDaFelt: bets $6
zagainovv: calls $6
*** RIVER *** [5h 2d Th Jd] [Kh]
ToDaFelt: bets $6
zagainovv: raises $6 to $12
ToDaFelt: calls $6
*** SHOW DOWN ***
zagainovv: shows [7d Qs] (high card King)
ToDaFelt: shows [Jh Ks] (two pair, Kings and Jacks)
ToDaFelt collected $59.50 from pot
*** SUMMARY ***
Total pot $60 | Rake $0.50
Board [5h 2d Th Jd Kh]
Seat 1: zagainovv (button) (small blind) showed [7d Qs] and lost with high card King
Seat 2: ToDaFelt (big blind) showed [Jh Ks] and won ($59.50) with two pair, Kings and Jacks


PokerStars Hand #169594956433:  Hold'em Limit ($3/$6 USD) - 2017/04/26 15:15:44 ET
Table 'Volga' 6-max Seat #1 is the button
Seat 1: bloeffer ($156.08 in chips)
Seat 5: RaisemyNut$ ($69.24 in chips)
bloeffer: posts small blind $1
ToDaFelt: is sitting out
Larooo was removed from the table for failing to post
RaisemyNut$: posts big blind $3
*** HOLE CARDS ***
ToDaFelt leaves the table
steved1211 leaves the table
bloeffer: raises $3 to $6
RaisemyNut$: raises $3 to $9
bloeffer: calls $3
*** FLOP *** [9c Qs 2d]
RaisemyNut$: bets $3
bloeffer: calls $3
*** TURN *** [9c Qs 2d] [Ts]
RaisemyNut$: bets $6
bloeffer: folds
Uncalled bet ($6) returned to RaisemyNut$
RaisemyNut$ collected $23.52 from pot
RaisemyNut$: doesn't show hand
*** SUMMARY ***
Total pot $24 | Rake $0.48
Board [9c Qs 2d Ts]
Seat 1: bloeffer (button) (small blind) folded on the Turn
Seat 5: RaisemyNut$ (big blind) collected ($23.52)


