PokerStars Hand #162802017456:  Hold'em Limit ($3/$6 USD) - 2016/12/11 18:32:12 ET
Table 'Volpecula' 6-max Seat #5 is the button
Seat 5: Great_Kang ($121 in chips)
Seat 6: hairy1961 ($49 in chips)
Great_Kang: posts small blind $1
hairy1961: posts big blind $3
*** HOLE CARDS ***
Great_Kang: raises $3 to $6
hairy1961: calls $3
*** FLOP *** [5c Tc Kh]
hairy1961: checks
Great_Kang: bets $3
hairy1961: calls $3
*** TURN *** [5c Tc Kh] [4c]
hairy1961: checks
Great_Kang: bets $6
karambakilla joins the table at seat #1
hairy1961: raises $6 to $12
Great_Kang: folds
Uncalled bet ($6) returned to hairy1961
hairy1961 collected $29.50 from pot
*** SUMMARY ***
Total pot $30 | Rake $0.50
Board [5c Tc Kh 4c]
Seat 5: Great_Kang (button) (small blind) folded on the Turn
Seat 6: hairy1961 (big blind) collected ($29.50)


PokerStars Hand #162802190525:  Hold'em Limit ($3/$6 USD) - 2016/12/11 18:35:32 ET
Table 'Volpecula' 6-max Seat #1 is the button
Seat 1: karambakilla ($81.64 in chips)
Seat 6: hairy1961 ($57.70 in chips)
karambakilla: posts small blind $1
Great_Kang: is sitting out
hairy1961: posts big blind $3
*** HOLE CARDS ***
karambakilla: raises $3 to $6
hairy1961: folds
Uncalled bet ($3) returned to karambakilla
karambakilla collected $6 from pot
karambakilla: doesn't show hand
*** SUMMARY ***
Total pot $6 | Rake $0
Seat 1: karambakilla (button) (small blind) collected ($6)
Seat 6: hairy1961 (big blind) folded before Flop


PokerStars Hand #162802195713:  Hold'em Limit ($3/$6 USD) - 2016/12/11 18:35:38 ET
Table 'Volpecula' 6-max Seat #6 is the button
Seat 1: karambakilla ($84.64 in chips)
Seat 6: hairy1961 ($54.70 in chips)
hairy1961: posts small blind $1
karambakilla: posts big blind $3
*** HOLE CARDS ***
hairy1961: raises $3 to $6
karambakilla: calls $3
*** FLOP *** [Ac Qh Th]
karambakilla: checks
hairy1961: bets $3
karambakilla: calls $3
*** TURN *** [Ac Qh Th] [6s]
karambakilla: checks
hairy1961: bets $6
karambakilla: folds
Uncalled bet ($6) returned to hairy1961
hairy1961 collected $17.64 from pot
*** SUMMARY ***
Total pot $18 | Rake $0.36
Board [Ac Qh Th 6s]
Seat 1: karambakilla (big blind) folded on the Turn
Seat 6: hairy1961 (button) (small blind) collected ($17.64)


PokerStars Hand #162802239776:  Hold'em Limit ($3/$6 USD) - 2016/12/11 18:36:30 ET
Table 'Volpecula' 6-max Seat #6 is the button
Seat 1: karambakilla ($60.64 in chips)
Seat 6: hairy1961 ($77.84 in chips)
hairy1961: posts small blind $1
karambakilla: posts big blind $3
*** HOLE CARDS ***
hairy1961: raises $3 to $6
karambakilla: calls $3
*** FLOP *** [Tc 9d 2h]
karambakilla: checks
hairy1961: checks
*** TURN *** [Tc 9d 2h] [Jd]
karambakilla: checks
hairy1961: checks
*** RIVER *** [Tc 9d 2h Jd] [Js]
karambakilla: checks
hairy1961: checks
*** SHOW DOWN ***
karambakilla: shows [5s 7d] (a pair of Jacks)
hairy1961: shows [3d Ac] (a pair of Jacks - Ace kicker)
hairy1961 collected $11.76 from pot
*** SUMMARY ***
Total pot $12 | Rake $0.24
Board [Tc 9d 2h Jd Js]
Seat 1: karambakilla (big blind) showed [5s 7d] and lost with a pair of Jacks
Seat 6: hairy1961 (button) (small blind) showed [3d Ac] and won ($11.76) with a pair of Jacks


PokerStars Hand #162802218673:  Hold'em Limit ($3/$6 USD) - 2016/12/11 18:36:05 ET
Table 'Volpecula' 6-max Seat #6 is the button
Seat 1: karambakilla ($74.64 in chips)
Seat 6: hairy1961 ($64.34 in chips)
hairy1961: posts small blind $1
karambakilla: posts big blind $3
*** HOLE CARDS ***
hairy1961: folds
Uncalled bet ($2) returned to karambakilla
karambakilla collected $2 from pot
karambakilla: doesn't show hand
*** SUMMARY ***
Total pot $2 | Rake $0
Seat 1: karambakilla (big blind) collected ($2)
Seat 6: hairy1961 (button) (small blind) folded before Flop


PokerStars Hand #162802214614:  Hold'em Limit ($3/$6 USD) - 2016/12/11 18:36:01 ET
Table 'Volpecula' 6-max Seat #1 is the button
Seat 1: karambakilla ($75.64 in chips)
Seat 6: hairy1961 ($63.34 in chips)
karambakilla: posts small blind $1
hairy1961: posts big blind $3
*** HOLE CARDS ***
karambakilla: folds
Uncalled bet ($2) returned to hairy1961
hairy1961 collected $2 from pot
*** SUMMARY ***
Total pot $2 | Rake $0
Seat 1: karambakilla (button) (small blind) folded before Flop
Seat 6: hairy1961 (big blind) collected ($2)


PokerStars Hand #162802223631:  Hold'em Limit ($3/$6 USD) - 2016/12/11 18:36:11 ET
Table 'Volpecula' 6-max Seat #1 is the button
Seat 1: karambakilla ($75.64 in chips)
Seat 6: hairy1961 ($63.34 in chips)
karambakilla: posts small blind $1
hairy1961: posts big blind $3
*** HOLE CARDS ***
karambakilla: raises $3 to $6
hairy1961: calls $3
*** FLOP *** [8c Ah 7c]
hairy1961: checks
karambakilla: bets $3
hairy1961: calls $3
*** TURN *** [8c Ah 7c] [2h]
hairy1961: checks
karambakilla: checks
*** RIVER *** [8c Ah 7c 2h] [Th]
hairy1961: bets $6
karambakilla: calls $6
*** SHOW DOWN ***
hairy1961: shows [Js 7h] (a pair of Sevens)
karambakilla: mucks hand
hairy1961 collected $29.50 from pot
*** SUMMARY ***
Total pot $30 | Rake $0.50
Board [8c Ah 7c 2h Th]
Seat 1: karambakilla (button) (small blind) mucked
Seat 6: hairy1961 (big blind) showed [Js 7h] and won ($29.50) with a pair of Sevens


PokerStars Hand #162802251987:  Hold'em Limit ($3/$6 USD) - 2016/12/11 18:36:45 ET
Table 'Volpecula' 6-max Seat #1 is the button
Seat 1: karambakilla ($54.64 in chips)
Seat 6: hairy1961 ($83.60 in chips)
karambakilla: posts small blind $1
hairy1961: posts big blind $3
*** HOLE CARDS ***
karambakilla: raises $3 to $6
hairy1961: calls $3
*** FLOP *** [3s Qc Ac]
hairy1961: bets $3
karambakilla: raises $3 to $6
hairy1961: calls $3
*** TURN *** [3s Qc Ac] [9c]
hairy1961: checks
karambakilla: checks
*** RIVER *** [3s Qc Ac 9c] [Ts]
hairy1961: checks
karambakilla: bets $6
hairy1961: calls $6
*** SHOW DOWN ***
karambakilla: shows [8h Ks] (high card Ace)
hairy1961: shows [Qh 2h] (a pair of Queens)
hairy1961 collected $35.50 from pot
*** SUMMARY ***
Total pot $36 | Rake $0.50
Board [3s Qc Ac 9c Ts]
Seat 1: karambakilla (button) (small blind) showed [8h Ks] and lost with high card Ace
Seat 6: hairy1961 (big blind) showed [Qh 2h] and won ($35.50) with a pair of Queens


PokerStars Hand #162802278523:  Hold'em Limit ($3/$6 USD) - 2016/12/11 18:37:16 ET
Table 'Volpecula' 6-max Seat #1 is the button
Seat 1: karambakilla ($33.64 in chips)
Seat 6: hairy1961 ($104.10 in chips)
karambakilla: posts small blind $1
hairy1961: posts big blind $3
*** HOLE CARDS ***
karambakilla: raises $3 to $6
hairy1961: folds
Uncalled bet ($3) returned to karambakilla
karambakilla collected $6 from pot
karambakilla: doesn't show hand
*** SUMMARY ***
Total pot $6 | Rake $0
Seat 1: karambakilla (button) (small blind) collected ($6)
Seat 6: hairy1961 (big blind) folded before Flop


PokerStars Hand #162802271268:  Hold'em Limit ($3/$6 USD) - 2016/12/11 18:37:08 ET
Table 'Volpecula' 6-max Seat #6 is the button
Seat 1: karambakilla ($36.64 in chips)
Seat 6: hairy1961 ($101.10 in chips)
hairy1961: posts small blind $1
karambakilla: posts big blind $3
*** HOLE CARDS ***
hairy1961: raises $3 to $6
karambakilla: folds
Uncalled bet ($3) returned to hairy1961
hairy1961 collected $6 from pot
*** SUMMARY ***
Total pot $6 | Rake $0
Seat 1: karambakilla (big blind) folded before Flop
Seat 6: hairy1961 (button) (small blind) collected ($6)


PokerStars Hand #162802284439:  Hold'em Limit ($3/$6 USD) - 2016/12/11 18:37:23 ET
Table 'Volpecula' 6-max Seat #6 is the button
Seat 1: karambakilla ($36.64 in chips)
Seat 6: hairy1961 ($101.10 in chips)
hairy1961: posts small blind $1
karambakilla: posts big blind $3
*** HOLE CARDS ***
hairy1961: raises $3 to $6
karambakilla: raises $3 to $9
hairy1961: calls $3
*** FLOP *** [Jd 9s Td]
karambakilla: bets $3
hairy1961: calls $3
*** TURN *** [Jd 9s Td] [Kh]
karambakilla: bets $6
hairy1961: calls $6
*** RIVER *** [Jd 9s Td Kh] [5s]
karambakilla: bets $6
hairy1961: calls $6
*** SHOW DOWN ***
karambakilla: shows [Jh Qs] (a straight, Nine to King)
hairy1961: mucks hand
karambakilla collected $47.50 from pot
*** SUMMARY ***
Total pot $48 | Rake $0.50
Board [Jd 9s Td Kh 5s]
Seat 1: karambakilla (big blind) showed [Jh Qs] and won ($47.50) with a straight, Nine to King
Seat 6: hairy1961 (button) (small blind) mucked


PokerStars Hand #162802665919:  Hold'em Limit ($3/$6 USD) - 2016/12/11 18:45:03 ET
Table 'Volpecula' 6-max Seat #1 is the button
Seat 1: karambakilla ($180.14 in chips)
Seat 6: LifeisagameX ($84 in chips)
karambakilla: posts small blind $1
LifeisagameX: posts big blind $3
*** HOLE CARDS ***
karambakilla: raises $3 to $6
LifeisagameX: calls $3
*** FLOP *** [Ts Qh Qs]
LifeisagameX: checks
karambakilla: checks
*** TURN *** [Ts Qh Qs] [4s]
LifeisagameX: checks
karambakilla: bets $6
LifeisagameX: calls $6
*** RIVER *** [Ts Qh Qs 4s] [5d]
LifeisagameX: checks
karambakilla: checks
*** SHOW DOWN ***
LifeisagameX: shows [8h Ac] (a pair of Queens)
karambakilla: mucks hand
LifeisagameX collected $23.52 from pot
*** SUMMARY ***
Total pot $24 | Rake $0.48
Board [Ts Qh Qs 4s 5d]
Seat 1: karambakilla (button) (small blind) mucked
Seat 6: LifeisagameX (big blind) showed [8h Ac] and won ($23.52) with a pair of Queens


