PokerStars Hand #144437950618:  Hold'em Limit ($3/$6 USD) - 2015/11/26 19:59:00 ET
Table 'Volpecula II' 2-max Seat #2 is the button
Seat 1: chipsdigme86 ($65.86 in chips)
Seat 2: IntoTheAiR ($117 in chips)
IntoTheAiR: posts small blind $1
chipsdigme86: posts big blind $3
*** HOLE CARDS ***
IntoTheAiR: raises $3 to $6
chipsdigme86: calls $3
*** FLOP *** [Tc 4c Qc]
chipsdigme86: checks
IntoTheAiR: bets $3
chipsdigme86: folds
Uncalled bet ($3) returned to IntoTheAiR
IntoTheAiR collected $11.76 from pot
*** SUMMARY ***
Total pot $12 | Rake $0.24
Board [Tc 4c Qc]
Seat 1: chipsdigme86 (big blind) folded on the Flop
Seat 2: IntoTheAiR (button) (small blind) collected ($11.76)


PokerStars Hand #144437954087:  Hold'em Limit ($3/$6 USD) - 2015/11/26 19:59:08 ET
Table 'Volpecula II' 2-max Seat #1 is the button
Seat 1: chipsdigme86 ($59.86 in chips)
Seat 2: IntoTheAiR ($122.76 in chips)
chipsdigme86: posts small blind $1
IntoTheAiR: posts big blind $3
*** HOLE CARDS ***
chipsdigme86: raises $3 to $6
IntoTheAiR: calls $3
*** FLOP *** [2d 6c Qs]
IntoTheAiR: checks
chipsdigme86: checks
*** TURN *** [2d 6c Qs] [Jd]
IntoTheAiR: checks
chipsdigme86: checks
*** RIVER *** [2d 6c Qs Jd] [7c]
IntoTheAiR: checks
chipsdigme86: bets $6
IntoTheAiR: calls $6
*** SHOW DOWN ***
chipsdigme86: shows [9s Jc] (a pair of Jacks)
IntoTheAiR: mucks hand
chipsdigme86 collected $23.52 from pot
*** SUMMARY ***
Total pot $24 | Rake $0.48
Board [2d 6c Qs Jd 7c]
Seat 1: chipsdigme86 (button) (small blind) showed [9s Jc] and won ($23.52) with a pair of Jacks
Seat 2: IntoTheAiR (big blind) mucked


PokerStars Hand #144437965133:  Hold'em Limit ($3/$6 USD) - 2015/11/26 19:59:33 ET
Table 'Volpecula II' 2-max Seat #1 is the button
Seat 1: chipsdigme86 ($88.88 in chips)
Seat 2: IntoTheAiR ($92.76 in chips)
chipsdigme86: posts small blind $1
IntoTheAiR: posts big blind $3
*** HOLE CARDS ***
chipsdigme86: folds
Uncalled bet ($2) returned to IntoTheAiR
IntoTheAiR collected $2 from pot
IntoTheAiR: doesn't show hand
*** SUMMARY ***
Total pot $2 | Rake $0
Seat 1: chipsdigme86 (button) (small blind) folded before Flop
Seat 2: IntoTheAiR (big blind) collected ($2)


PokerStars Hand #144437959745:  Hold'em Limit ($3/$6 USD) - 2015/11/26 19:59:21 ET
Table 'Volpecula II' 2-max Seat #2 is the button
Seat 1: chipsdigme86 ($71.38 in chips)
Seat 2: IntoTheAiR ($110.76 in chips)
IntoTheAiR: posts small blind $1
chipsdigme86: posts big blind $3
*** HOLE CARDS ***
IntoTheAiR: raises $3 to $6
chipsdigme86: raises $3 to $9
IntoTheAiR: calls $3
*** FLOP *** [Ts Th 5c]
chipsdigme86: bets $3
IntoTheAiR: calls $3
*** TURN *** [Ts Th 5c] [Ac]
chipsdigme86: checks
IntoTheAiR: checks
*** RIVER *** [Ts Th 5c Ac] [2d]
chipsdigme86: bets $6
IntoTheAiR: calls $6
*** SHOW DOWN ***
chipsdigme86: shows [5s 5d] (a full house, Fives full of Tens)
IntoTheAiR: mucks hand
chipsdigme86 collected $35.50 from pot
*** SUMMARY ***
Total pot $36 | Rake $0.50
Board [Ts Th 5c Ac 2d]
Seat 1: chipsdigme86 (big blind) showed [5s 5d] and won ($35.50) with a full house, Fives full of Tens
Seat 2: IntoTheAiR (button) (small blind) mucked


PokerStars Hand #144437967027:  Hold'em Limit ($3/$6 USD) - 2015/11/26 19:59:38 ET
Table 'Volpecula II' 2-max Seat #2 is the button
Seat 1: chipsdigme86 ($87.88 in chips)
Seat 2: IntoTheAiR ($93.76 in chips)
IntoTheAiR: posts small blind $1
chipsdigme86: posts big blind $3
*** HOLE CARDS ***
IntoTheAiR: folds
Uncalled bet ($2) returned to chipsdigme86
chipsdigme86 collected $2 from pot
*** SUMMARY ***
Total pot $2 | Rake $0
Seat 1: chipsdigme86 (big blind) collected ($2)
Seat 2: IntoTheAiR (button) (small blind) folded before Flop


PokerStars Hand #144437968864:  Hold'em Limit ($3/$6 USD) - 2015/11/26 19:59:42 ET
Table 'Volpecula II' 2-max Seat #1 is the button
Seat 1: chipsdigme86 ($88.88 in chips)
Seat 2: IntoTheAiR ($92.76 in chips)
chipsdigme86: posts small blind $1
IntoTheAiR: posts big blind $3
*** HOLE CARDS ***
chipsdigme86: raises $3 to $6
IntoTheAiR: raises $3 to $9
chipsdigme86: calls $3
*** FLOP *** [Jd As 4h]
IntoTheAiR: bets $3
chipsdigme86: folds
Uncalled bet ($3) returned to IntoTheAiR
IntoTheAiR collected $17.64 from pot
IntoTheAiR: doesn't show hand
*** SUMMARY ***
Total pot $18 | Rake $0.36
Board [Jd As 4h]
Seat 1: chipsdigme86 (button) (small blind) folded on the Flop
Seat 2: IntoTheAiR (big blind) collected ($17.64)


PokerStars Hand #144437984086:  Hold'em Limit ($3/$6 USD) - 2015/11/26 20:00:15 ET
Table 'Volpecula II' 2-max Seat #2 is the button
Seat 1: chipsdigme86 ($79.52 in chips)
Seat 2: IntoTheAiR ($101.04 in chips)
IntoTheAiR: posts small blind $1
chipsdigme86: posts big blind $3
*** HOLE CARDS ***
IntoTheAiR: raises $3 to $6
chipsdigme86: folds
Uncalled bet ($3) returned to IntoTheAiR
IntoTheAiR collected $6 from pot
IntoTheAiR: doesn't show hand
*** SUMMARY ***
Total pot $6 | Rake $0
Seat 1: chipsdigme86 (big blind) folded before Flop
Seat 2: IntoTheAiR (button) (small blind) collected ($6)


PokerStars Hand #144437979081:  Hold'em Limit ($3/$6 USD) - 2015/11/26 20:00:04 ET
Table 'Volpecula II' 2-max Seat #1 is the button
Seat 1: chipsdigme86 ($70.88 in chips)
Seat 2: IntoTheAiR ($110.04 in chips)
chipsdigme86: posts small blind $1
IntoTheAiR: posts big blind $3
*** HOLE CARDS ***
chipsdigme86: raises $3 to $6
IntoTheAiR: calls $3
*** FLOP *** [8c Jc 7d]
IntoTheAiR: checks
chipsdigme86: bets $3
IntoTheAiR: calls $3
*** TURN *** [8c Jc 7d] [Js]
IntoTheAiR: checks
chipsdigme86: bets $6
IntoTheAiR: folds
Uncalled bet ($6) returned to chipsdigme86
chipsdigme86 collected $17.64 from pot
*** SUMMARY ***
Total pot $18 | Rake $0.36
Board [8c Jc 7d Js]
Seat 1: chipsdigme86 (button) (small blind) collected ($17.64)
Seat 2: IntoTheAiR (big blind) folded on the Turn


PokerStars Hand #144437972476:  Hold'em Limit ($3/$6 USD) - 2015/11/26 19:59:50 ET
Table 'Volpecula II' 2-max Seat #2 is the button
Seat 1: chipsdigme86 ($79.88 in chips)
Seat 2: IntoTheAiR ($101.40 in chips)
IntoTheAiR: posts small blind $1
chipsdigme86: posts big blind $3
*** HOLE CARDS ***
IntoTheAiR: raises $3 to $6
chipsdigme86: calls $3
*** FLOP *** [6h Kc 8s]
chipsdigme86: checks
IntoTheAiR: bets $3
chipsdigme86: calls $3
*** TURN *** [6h Kc 8s] [Jh]
chipsdigme86: checks
IntoTheAiR: bets $6
chipsdigme86: folds
Uncalled bet ($6) returned to IntoTheAiR
IntoTheAiR collected $17.64 from pot
IntoTheAiR: doesn't show hand
*** SUMMARY ***
Total pot $18 | Rake $0.36
Board [6h Kc 8s Jh]
Seat 1: chipsdigme86 (big blind) folded on the Turn
Seat 2: IntoTheAiR (button) (small blind) collected ($17.64)


PokerStars Hand #144437986886:  Hold'em Limit ($3/$6 USD) - 2015/11/26 20:00:21 ET
Table 'Volpecula II' 2-max Seat #1 is the button
Seat 1: chipsdigme86 ($76.52 in chips)
Seat 2: IntoTheAiR ($104.04 in chips)
chipsdigme86: posts small blind $1
IntoTheAiR: posts big blind $3
*** HOLE CARDS ***
chipsdigme86: raises $3 to $6
IntoTheAiR: calls $3
*** FLOP *** [3d 8d 5s]
IntoTheAiR: checks
chipsdigme86: checks
*** TURN *** [3d 8d 5s] [8c]
IntoTheAiR: checks
chipsdigme86: bets $6
IntoTheAiR: folds
Uncalled bet ($6) returned to chipsdigme86
chipsdigme86 collected $11.76 from pot
*** SUMMARY ***
Total pot $12 | Rake $0.24
Board [3d 8d 5s 8c]
Seat 1: chipsdigme86 (button) (small blind) collected ($11.76)
Seat 2: IntoTheAiR (big blind) folded on the Turn


PokerStars Hand #144438007442:  Hold'em Limit ($3/$6 USD) - 2015/11/26 20:01:04 ET
Table 'Volpecula II' 2-max Seat #1 is the button
Seat 1: chipsdigme86 ($72.92 in chips)
Seat 2: IntoTheAiR ($106.32 in chips)
chipsdigme86: posts small blind $1
IntoTheAiR: posts big blind $3
*** HOLE CARDS ***
chipsdigme86: folds
Uncalled bet ($2) returned to IntoTheAiR
IntoTheAiR collected $2 from pot
IntoTheAiR: doesn't show hand
*** SUMMARY ***
Total pot $2 | Rake $0
Seat 1: chipsdigme86 (button) (small blind) folded before Flop
Seat 2: IntoTheAiR (big blind) collected ($2)


PokerStars Hand #144438000938:  Hold'em Limit ($3/$6 USD) - 2015/11/26 20:00:51 ET
Table 'Volpecula II' 2-max Seat #2 is the button
Seat 1: chipsdigme86 ($64.28 in chips)
Seat 2: IntoTheAiR ($115.32 in chips)
IntoTheAiR: posts small blind $1
chipsdigme86: posts big blind $3
*** HOLE CARDS ***
IntoTheAiR: raises $3 to $6
chipsdigme86: calls $3
*** FLOP *** [2d 5h Ah]
chipsdigme86: checks
IntoTheAiR: bets $3
chipsdigme86: calls $3
*** TURN *** [2d 5h Ah] [Th]
chipsdigme86: checks
IntoTheAiR: checks
*** RIVER *** [2d 5h Ah Th] [9s]
chipsdigme86: bets $6
IntoTheAiR: folds
Uncalled bet ($6) returned to chipsdigme86
chipsdigme86 collected $17.64 from pot
*** SUMMARY ***
Total pot $18 | Rake $0.36
Board [2d 5h Ah Th 9s]
Seat 1: chipsdigme86 (big blind) collected ($17.64)
Seat 2: IntoTheAiR (button) (small blind) folded on the River


PokerStars Hand #144437995044:  Hold'em Limit ($3/$6 USD) - 2015/11/26 20:00:39 ET
Table 'Volpecula II' 2-max Seat #1 is the button
Seat 1: chipsdigme86 ($73.28 in chips)
Seat 2: IntoTheAiR ($106.68 in chips)
chipsdigme86: posts small blind $1
IntoTheAiR: posts big blind $3
*** HOLE CARDS ***
chipsdigme86: raises $3 to $6
IntoTheAiR: calls $3
*** FLOP *** [7c 8c 2s]
IntoTheAiR: checks
chipsdigme86: bets $3
IntoTheAiR: calls $3
*** TURN *** [7c 8c 2s] [Kh]
IntoTheAiR: checks
chipsdigme86: checks
*** RIVER *** [7c 8c 2s Kh] [4c]
IntoTheAiR: checks
chipsdigme86: checks
*** SHOW DOWN ***
IntoTheAiR: shows [2h 3h] (a pair of Deuces)
chipsdigme86: mucks hand
IntoTheAiR collected $17.64 from pot
*** SUMMARY ***
Total pot $18 | Rake $0.36
Board [7c 8c 2s Kh 4c]
Seat 1: chipsdigme86 (button) (small blind) mucked
Seat 2: IntoTheAiR (big blind) showed [2h 3h] and won ($17.64) with a pair of Deuces


PokerStars Hand #144438009442:  Hold'em Limit ($3/$6 USD) - 2015/11/26 20:01:08 ET
Table 'Volpecula II' 2-max Seat #2 is the button
Seat 1: chipsdigme86 ($71.92 in chips)
Seat 2: IntoTheAiR ($107.32 in chips)
IntoTheAiR: posts small blind $1
chipsdigme86: posts big blind $3
*** HOLE CARDS ***
IntoTheAiR: raises $3 to $6
chipsdigme86: calls $3
*** FLOP *** [7c 7h 3c]
chipsdigme86: checks
IntoTheAiR: bets $3
chipsdigme86: folds
Uncalled bet ($3) returned to IntoTheAiR
IntoTheAiR collected $11.76 from pot
IntoTheAiR: doesn't show hand
*** SUMMARY ***
Total pot $12 | Rake $0.24
Board [7c 7h 3c]
Seat 1: chipsdigme86 (big blind) folded on the Flop
Seat 2: IntoTheAiR (button) (small blind) collected ($11.76)


PokerStars Hand #144438014199:  Hold'em Limit ($3/$6 USD) - 2015/11/26 20:01:17 ET
Table 'Volpecula II' 2-max Seat #1 is the button
Seat 1: chipsdigme86 ($65.92 in chips)
Seat 2: IntoTheAiR ($113.08 in chips)
chipsdigme86: posts small blind $1
IntoTheAiR: posts big blind $3
*** HOLE CARDS ***
chipsdigme86: folds
Uncalled bet ($2) returned to IntoTheAiR
IntoTheAiR collected $2 from pot
IntoTheAiR: doesn't show hand
*** SUMMARY ***
Total pot $2 | Rake $0
Seat 1: chipsdigme86 (button) (small blind) folded before Flop
Seat 2: IntoTheAiR (big blind) collected ($2)


PokerStars Hand #144438021209:  Hold'em Limit ($3/$6 USD) - 2015/11/26 20:01:31 ET
Table 'Volpecula II' 2-max Seat #1 is the button
Seat 1: chipsdigme86 ($76.44 in chips)
Seat 2: IntoTheAiR ($102.08 in chips)
chipsdigme86: posts small blind $1
IntoTheAiR: posts big blind $3
*** HOLE CARDS ***
chipsdigme86: folds
Uncalled bet ($2) returned to IntoTheAiR
IntoTheAiR collected $2 from pot
IntoTheAiR: doesn't show hand
*** SUMMARY ***
Total pot $2 | Rake $0
Seat 1: chipsdigme86 (button) (small blind) folded before Flop
Seat 2: IntoTheAiR (big blind) collected ($2)


PokerStars Hand #144438016554:  Hold'em Limit ($3/$6 USD) - 2015/11/26 20:01:22 ET
Table 'Volpecula II' 2-max Seat #2 is the button
Seat 1: chipsdigme86 ($64.92 in chips)
Seat 2: IntoTheAiR ($114.08 in chips)
IntoTheAiR: posts small blind $1
chipsdigme86: posts big blind $3
*** HOLE CARDS ***
IntoTheAiR: raises $3 to $6
chipsdigme86: raises $3 to $9
IntoTheAiR: calls $3
*** FLOP *** [Jc 6c 4d]
chipsdigme86: bets $3
IntoTheAiR: calls $3
*** TURN *** [Jc 6c 4d] [6d]
chipsdigme86: bets $6
IntoTheAiR: folds
Uncalled bet ($6) returned to chipsdigme86
chipsdigme86 collected $23.52 from pot
*** SUMMARY ***
Total pot $24 | Rake $0.48
Board [Jc 6c 4d 6d]
Seat 1: chipsdigme86 (big blind) collected ($23.52)
Seat 2: IntoTheAiR (button) (small blind) folded on the Turn


PokerStars Hand #144438027582:  Hold'em Limit ($3/$6 USD) - 2015/11/26 20:01:43 ET
Table 'Volpecula II' 2-max Seat #1 is the button
Seat 1: chipsdigme86 ($84.08 in chips)
Seat 2: IntoTheAiR ($94.08 in chips)
chipsdigme86: posts small blind $1
IntoTheAiR: posts big blind $3
*** HOLE CARDS ***
chipsdigme86: calls $2
IntoTheAiR: checks
*** FLOP *** [4d 3c 6d]
IntoTheAiR: checks
chipsdigme86: checks
*** TURN *** [4d 3c 6d] [4h]
IntoTheAiR: checks
chipsdigme86: bets $6
IntoTheAiR: raises $6 to $12
chipsdigme86: calls $6
*** RIVER *** [4d 3c 6d 4h] [5d]
IntoTheAiR: bets $6
chipsdigme86: folds
Uncalled bet ($6) returned to IntoTheAiR
IntoTheAiR collected $29.50 from pot
IntoTheAiR: doesn't show hand
*** SUMMARY ***
Total pot $30 | Rake $0.50
Board [4d 3c 6d 4h 5d]
Seat 1: chipsdigme86 (button) (small blind) folded on the River
Seat 2: IntoTheAiR (big blind) collected ($29.50)


PokerStars Hand #144438024048:  Hold'em Limit ($3/$6 USD) - 2015/11/26 20:01:36 ET
Table 'Volpecula II' 2-max Seat #2 is the button
Seat 1: chipsdigme86 ($75.44 in chips)
Seat 2: IntoTheAiR ($103.08 in chips)
IntoTheAiR: posts small blind $1
chipsdigme86: posts big blind $3
*** HOLE CARDS ***
IntoTheAiR: raises $3 to $6
chipsdigme86: raises $3 to $9
IntoTheAiR: calls $3
*** FLOP *** [9s 2h 5d]
chipsdigme86: bets $3
IntoTheAiR: folds
Uncalled bet ($3) returned to chipsdigme86
chipsdigme86 collected $17.64 from pot
*** SUMMARY ***
Total pot $18 | Rake $0.36
Board [9s 2h 5d]
Seat 1: chipsdigme86 (big blind) collected ($17.64)
Seat 2: IntoTheAiR (button) (small blind) folded on the Flop


PokerStars Hand #144438034540:  Hold'em Limit ($3/$6 USD) - 2015/11/26 20:01:57 ET
Table 'Volpecula II' 2-max Seat #2 is the button
Seat 1: chipsdigme86 ($69.08 in chips)
Seat 2: IntoTheAiR ($108.58 in chips)
IntoTheAiR: posts small blind $1
chipsdigme86: posts big blind $3
*** HOLE CARDS ***
IntoTheAiR: raises $3 to $6
chipsdigme86: calls $3
*** FLOP *** [4c 3h 7d]
chipsdigme86: checks
IntoTheAiR: bets $3
chipsdigme86: raises $3 to $6
IntoTheAiR: calls $3
*** TURN *** [4c 3h 7d] [Jh]
chipsdigme86: bets $6
IntoTheAiR: calls $6
*** RIVER *** [4c 3h 7d Jh] [Kc]
chipsdigme86: checks
IntoTheAiR: checks
*** SHOW DOWN ***
chipsdigme86: shows [7s 6d] (a pair of Sevens)
IntoTheAiR: mucks hand
chipsdigme86 collected $35.50 from pot
*** SUMMARY ***
Total pot $36 | Rake $0.50
Board [4c 3h 7d Jh Kc]
Seat 1: chipsdigme86 (big blind) showed [7s 6d] and won ($35.50) with a pair of Sevens
Seat 2: IntoTheAiR (button) (small blind) mucked


PokerStars Hand #144438044489:  Hold'em Limit ($3/$6 USD) - 2015/11/26 20:02:16 ET
Table 'Volpecula II' 2-max Seat #1 is the button
Seat 1: chipsdigme86 ($86.58 in chips)
Seat 2: IntoTheAiR ($90.58 in chips)
chipsdigme86: posts small blind $1
IntoTheAiR: posts big blind $3
*** HOLE CARDS ***
chipsdigme86: raises $3 to $6
IntoTheAiR: calls $3
*** FLOP *** [2c 2h 9s]
IntoTheAiR: checks
chipsdigme86: bets $3
IntoTheAiR: folds
Uncalled bet ($3) returned to chipsdigme86
chipsdigme86 collected $11.76 from pot
*** SUMMARY ***
Total pot $12 | Rake $0.24
Board [2c 2h 9s]
Seat 1: chipsdigme86 (button) (small blind) collected ($11.76)
Seat 2: IntoTheAiR (big blind) folded on the Flop


PokerStars Hand #144438050635:  Hold'em Limit ($3/$6 USD) - 2015/11/26 20:02:28 ET
Table 'Volpecula II' 2-max Seat #2 is the button
Seat 1: chipsdigme86 ($92.34 in chips)
Seat 2: IntoTheAiR ($84.58 in chips)
IntoTheAiR: posts small blind $1
chipsdigme86: posts big blind $3
*** HOLE CARDS ***
IntoTheAiR: raises $3 to $6
chipsdigme86: calls $3
*** FLOP *** [Jc 8c 7c]
chipsdigme86: checks
IntoTheAiR: bets $3
chipsdigme86: calls $3
*** TURN *** [Jc 8c 7c] [8s]
chipsdigme86: checks
IntoTheAiR: checks
*** RIVER *** [Jc 8c 7c 8s] [6h]
chipsdigme86: bets $6
IntoTheAiR: folds
Uncalled bet ($6) returned to chipsdigme86
chipsdigme86 collected $17.64 from pot
*** SUMMARY ***
Total pot $18 | Rake $0.36
Board [Jc 8c 7c 8s 6h]
Seat 1: chipsdigme86 (big blind) collected ($17.64)
Seat 2: IntoTheAiR (button) (small blind) folded on the River


PokerStars Hand #144438057874:  Hold'em Limit ($3/$6 USD) - 2015/11/26 20:02:41 ET
Table 'Volpecula II' 2-max Seat #1 is the button
Seat 1: chipsdigme86 ($100.98 in chips)
Seat 2: IntoTheAiR ($75.58 in chips)
chipsdigme86: posts small blind $1
IntoTheAiR: posts big blind $3
*** HOLE CARDS ***
chipsdigme86: raises $3 to $6
IntoTheAiR: calls $3
*** FLOP *** [4h 4c Ah]
IntoTheAiR: checks
chipsdigme86: checks
*** TURN *** [4h 4c Ah] [8s]
IntoTheAiR: checks
chipsdigme86: checks
*** RIVER *** [4h 4c Ah 8s] [Ks]
IntoTheAiR: checks
chipsdigme86: bets $6
IntoTheAiR: folds
Uncalled bet ($6) returned to chipsdigme86
chipsdigme86 collected $11.76 from pot
*** SUMMARY ***
Total pot $12 | Rake $0.24
Board [4h 4c Ah 8s Ks]
Seat 1: chipsdigme86 (button) (small blind) collected ($11.76)
Seat 2: IntoTheAiR (big blind) folded on the River


PokerStars Hand #144438063320:  Hold'em Limit ($3/$6 USD) - 2015/11/26 20:02:52 ET
Table 'Volpecula II' 2-max Seat #2 is the button
Seat 1: chipsdigme86 ($106.74 in chips)
Seat 2: IntoTheAiR ($69.58 in chips)
IntoTheAiR: posts small blind $1
chipsdigme86: posts big blind $3
*** HOLE CARDS ***
IntoTheAiR: raises $3 to $6
chipsdigme86: raises $3 to $9
IntoTheAiR: calls $3
*** FLOP *** [9s 4c 7s]
chipsdigme86: bets $3
IntoTheAiR: calls $3
*** TURN *** [9s 4c 7s] [8h]
chipsdigme86: bets $6
IntoTheAiR: calls $6
*** RIVER *** [9s 4c 7s 8h] [Qd]
chipsdigme86: bets $6
IntoTheAiR: calls $6
*** SHOW DOWN ***
chipsdigme86: shows [As 9c] (a pair of Nines)
IntoTheAiR: mucks hand
chipsdigme86 collected $47.50 from pot
*** SUMMARY ***
Total pot $48 | Rake $0.50
Board [9s 4c 7s 8h Qd]
Seat 1: chipsdigme86 (big blind) showed [As 9c] and won ($47.50) with a pair of Nines
Seat 2: IntoTheAiR (button) (small blind) mucked


PokerStars Hand #144438073226:  Hold'em Limit ($3/$6 USD) - 2015/11/26 20:03:11 ET
Table 'Volpecula II' 2-max Seat #2 is the button
Seat 1: chipsdigme86 ($136 in chips)
Seat 2: IntoTheAiR ($39.58 in chips)
IntoTheAiR: posts small blind $1
chipsdigme86: posts big blind $3
*** HOLE CARDS ***
IntoTheAiR: raises $3 to $6
chipsdigme86: folds
Uncalled bet ($3) returned to IntoTheAiR
IntoTheAiR collected $6 from pot
IntoTheAiR: doesn't show hand
*** SUMMARY ***
Total pot $6 | Rake $0
Seat 1: chipsdigme86 (big blind) folded before Flop
Seat 2: IntoTheAiR (button) (small blind) collected ($6)


PokerStars Hand #144438069063:  Hold'em Limit ($3/$6 USD) - 2015/11/26 20:03:03 ET
Table 'Volpecula II' 2-max Seat #1 is the button
Seat 1: chipsdigme86 ($130.24 in chips)
Seat 2: IntoTheAiR ($45.58 in chips)
chipsdigme86: posts small blind $1
IntoTheAiR: posts big blind $3
*** HOLE CARDS ***
chipsdigme86: raises $3 to $6
IntoTheAiR: calls $3
*** FLOP *** [Qh 9h 4s]
IntoTheAiR: checks
chipsdigme86: bets $3
IntoTheAiR: folds
Uncalled bet ($3) returned to chipsdigme86
chipsdigme86 collected $11.76 from pot
*** SUMMARY ***
Total pot $12 | Rake $0.24
Board [Qh 9h 4s]
Seat 1: chipsdigme86 (button) (small blind) collected ($11.76)
Seat 2: IntoTheAiR (big blind) folded on the Flop


PokerStars Hand #144438075779:  Hold'em Limit ($3/$6 USD) - 2015/11/26 20:03:15 ET
Table 'Volpecula II' 2-max Seat #1 is the button
Seat 1: chipsdigme86 ($133 in chips)
Seat 2: IntoTheAiR ($42.58 in chips)
chipsdigme86: posts small blind $1
IntoTheAiR: posts big blind $3
*** HOLE CARDS ***
chipsdigme86: raises $3 to $6
IntoTheAiR: raises $3 to $9
chipsdigme86: calls $3
*** FLOP *** [2d 6d Td]
IntoTheAiR: bets $3
chipsdigme86: calls $3
*** TURN *** [2d 6d Td] [8d]
IntoTheAiR: bets $6
chipsdigme86: calls $6
*** RIVER *** [2d 6d Td 8d] [Kc]
IntoTheAiR: checks
chipsdigme86: bets $6
IntoTheAiR: folds
Uncalled bet ($6) returned to chipsdigme86
chipsdigme86 collected $35.50 from pot
*** SUMMARY ***
Total pot $36 | Rake $0.50
Board [2d 6d Td 8d Kc]
Seat 1: chipsdigme86 (button) (small blind) collected ($35.50)
Seat 2: IntoTheAiR (big blind) folded on the River


PokerStars Hand #144438097269:  Hold'em Limit ($3/$6 USD) - 2015/11/26 20:03:56 ET
Table 'Volpecula II' 2-max Seat #1 is the button
Seat 1: chipsdigme86 ($156 in chips)
Seat 2: IntoTheAiR ($78.08 in chips)
chipsdigme86: posts small blind $1
IntoTheAiR: posts big blind $3
*** HOLE CARDS ***
chipsdigme86: raises $3 to $6
IntoTheAiR: calls $3
*** FLOP *** [Qd 8c Kh]
IntoTheAiR: checks
chipsdigme86: bets $3
IntoTheAiR: calls $3
*** TURN *** [Qd 8c Kh] [6d]
IntoTheAiR: checks
chipsdigme86: bets $6
IntoTheAiR: calls $6
*** RIVER *** [Qd 8c Kh 6d] [3c]
IntoTheAiR: checks
chipsdigme86: bets $6
IntoTheAiR: calls $6
*** SHOW DOWN ***
chipsdigme86: shows [5s Kc] (a pair of Kings)
IntoTheAiR: mucks hand
chipsdigme86 collected $41.50 from pot
*** SUMMARY ***
Total pot $42 | Rake $0.50
Board [Qd 8c Kh 6d 3c]
Seat 1: chipsdigme86 (button) (small blind) showed [5s Kc] and won ($41.50) with a pair of Kings
Seat 2: IntoTheAiR (big blind) mucked


PokerStars Hand #144438090655:  Hold'em Limit ($3/$6 USD) - 2015/11/26 20:03:44 ET
Table 'Volpecula II' 2-max Seat #2 is the button
Seat 1: chipsdigme86 ($135.50 in chips)
Seat 2: IntoTheAiR ($99.08 in chips)
IntoTheAiR: posts small blind $1
chipsdigme86: posts big blind $3
*** HOLE CARDS ***
IntoTheAiR: raises $3 to $6
chipsdigme86: calls $3
*** FLOP *** [7c 2c 8d]
chipsdigme86: checks
IntoTheAiR: bets $3
chipsdigme86: calls $3
*** TURN *** [7c 2c 8d] [9d]
chipsdigme86: checks
IntoTheAiR: bets $6
chipsdigme86: raises $6 to $12
IntoTheAiR: calls $6
*** RIVER *** [7c 2c 8d 9d] [4d]
chipsdigme86: bets $6
IntoTheAiR: folds
Uncalled bet ($6) returned to chipsdigme86
chipsdigme86 collected $41.50 from pot
*** SUMMARY ***
Total pot $42 | Rake $0.50
Board [7c 2c 8d 9d 4d]
Seat 1: chipsdigme86 (big blind) collected ($41.50)
Seat 2: IntoTheAiR (button) (small blind) folded on the River


PokerStars Hand #144438088227:  Hold'em Limit ($3/$6 USD) - 2015/11/26 20:03:39 ET
Table 'Volpecula II' 2-max Seat #1 is the button
Seat 1: chipsdigme86 ($132.50 in chips)
Seat 2: IntoTheAiR ($102.08 in chips)
chipsdigme86: posts small blind $1
IntoTheAiR: posts big blind $3
*** HOLE CARDS ***
chipsdigme86: raises $3 to $6
IntoTheAiR: folds
Uncalled bet ($3) returned to chipsdigme86
chipsdigme86 collected $6 from pot
*** SUMMARY ***
Total pot $6 | Rake $0
Seat 1: chipsdigme86 (button) (small blind) collected ($6)
Seat 2: IntoTheAiR (big blind) folded before Flop


PokerStars Hand #144438083111:  Hold'em Limit ($3/$6 USD) - 2015/11/26 20:03:30 ET
Table 'Volpecula II' 2-max Seat #2 is the button
Seat 1: chipsdigme86 ($150.50 in chips)
Seat 2: IntoTheAiR ($84.58 in chips)
IntoTheAiR: posts small blind $1
chipsdigme86: posts big blind $3
*** HOLE CARDS ***
IntoTheAiR: raises $3 to $6
chipsdigme86: raises $3 to $9
IntoTheAiR: calls $3
*** FLOP *** [Jd 7h Ac]
chipsdigme86: bets $3
IntoTheAiR: calls $3
*** TURN *** [Jd 7h Ac] [Qc]
chipsdigme86: bets $6
IntoTheAiR: raises $6 to $12
chipsdigme86: folds
Uncalled bet ($6) returned to IntoTheAiR
IntoTheAiR collected $35.50 from pot
IntoTheAiR: doesn't show hand
*** SUMMARY ***
Total pot $36 | Rake $0.50
Board [Jd 7h Ac Qc]
Seat 1: chipsdigme86 (big blind) folded on the Turn
Seat 2: IntoTheAiR (button) (small blind) collected ($35.50)


PokerStars Hand #144438103499:  Hold'em Limit ($3/$6 USD) - 2015/11/26 20:04:08 ET
Table 'Volpecula II' 2-max Seat #2 is the button
Seat 1: chipsdigme86 ($176.50 in chips)
Seat 2: IntoTheAiR ($57.08 in chips)
IntoTheAiR: posts small blind $1
chipsdigme86: posts big blind $3
*** HOLE CARDS ***
IntoTheAiR: raises $3 to $6
chipsdigme86: calls $3
*** FLOP *** [8c 6h Ah]
chipsdigme86: checks
IntoTheAiR: bets $3
chipsdigme86: calls $3
*** TURN *** [8c 6h Ah] [Jc]
chipsdigme86: checks
IntoTheAiR: bets $6
chipsdigme86: folds
Uncalled bet ($6) returned to IntoTheAiR
IntoTheAiR collected $17.64 from pot
IntoTheAiR: doesn't show hand
*** SUMMARY ***
Total pot $18 | Rake $0.36
Board [8c 6h Ah Jc]
Seat 1: chipsdigme86 (big blind) folded on the Turn
Seat 2: IntoTheAiR (button) (small blind) collected ($17.64)


PokerStars Hand #144438111092:  Hold'em Limit ($3/$6 USD) - 2015/11/26 20:04:23 ET
Table 'Volpecula II' 2-max Seat #2 is the button
Seat 1: chipsdigme86 ($166.50 in chips)
Seat 2: IntoTheAiR ($66.72 in chips)
IntoTheAiR: posts small blind $1
chipsdigme86: posts big blind $3
*** HOLE CARDS ***
IntoTheAiR: raises $3 to $6
chipsdigme86: calls $3
*** FLOP *** [Ac 3s 8s]
chipsdigme86: checks
IntoTheAiR: bets $3
chipsdigme86: folds
Uncalled bet ($3) returned to IntoTheAiR
IntoTheAiR collected $11.76 from pot
IntoTheAiR: doesn't show hand
*** SUMMARY ***
Total pot $12 | Rake $0.24
Board [Ac 3s 8s]
Seat 1: chipsdigme86 (big blind) folded on the Flop
Seat 2: IntoTheAiR (button) (small blind) collected ($11.76)


PokerStars Hand #144438108971:  Hold'em Limit ($3/$6 USD) - 2015/11/26 20:04:18 ET
Table 'Volpecula II' 2-max Seat #1 is the button
Seat 1: chipsdigme86 ($167.50 in chips)
Seat 2: IntoTheAiR ($65.72 in chips)
chipsdigme86: posts small blind $1
IntoTheAiR: posts big blind $3
*** HOLE CARDS ***
chipsdigme86: folds
Uncalled bet ($2) returned to IntoTheAiR
IntoTheAiR collected $2 from pot
IntoTheAiR: doesn't show hand
*** SUMMARY ***
Total pot $2 | Rake $0
Seat 1: chipsdigme86 (button) (small blind) folded before Flop
Seat 2: IntoTheAiR (big blind) collected ($2)


PokerStars Hand #144438121735:  Hold'em Limit ($3/$6 USD) - 2015/11/26 20:04:43 ET
Table 'Volpecula II' 2-max Seat #2 is the button
Seat 1: chipsdigme86 ($136.50 in chips)
Seat 2: IntoTheAiR ($95.98 in chips)
IntoTheAiR: posts small blind $1
chipsdigme86: posts big blind $3
*** HOLE CARDS ***
IntoTheAiR: folds
Uncalled bet ($2) returned to chipsdigme86
chipsdigme86 collected $2 from pot
*** SUMMARY ***
Total pot $2 | Rake $0
Seat 1: chipsdigme86 (big blind) collected ($2)
Seat 2: IntoTheAiR (button) (small blind) folded before Flop


PokerStars Hand #144438114638:  Hold'em Limit ($3/$6 USD) - 2015/11/26 20:04:30 ET
Table 'Volpecula II' 2-max Seat #1 is the button
Seat 1: chipsdigme86 ($160.50 in chips)
Seat 2: IntoTheAiR ($72.48 in chips)
chipsdigme86: posts small blind $1
IntoTheAiR: posts big blind $3
*** HOLE CARDS ***
chipsdigme86: raises $3 to $6
IntoTheAiR: raises $3 to $9
chipsdigme86: calls $3
*** FLOP *** [4h 6c 6h]
IntoTheAiR: bets $3
chipsdigme86: calls $3
*** TURN *** [4h 6c 6h] [9h]
IntoTheAiR: bets $6
chipsdigme86: calls $6
*** RIVER *** [4h 6c 6h 9h] [8h]
IntoTheAiR: checks
chipsdigme86: bets $6
IntoTheAiR: raises $6 to $12
chipsdigme86: folds
Uncalled bet ($6) returned to IntoTheAiR
IntoTheAiR collected $47.50 from pot
IntoTheAiR: doesn't show hand
*** SUMMARY ***
Total pot $48 | Rake $0.50
Board [4h 6c 6h 9h 8h]
Seat 1: chipsdigme86 (button) (small blind) folded on the River
Seat 2: IntoTheAiR (big blind) collected ($47.50)


PokerStars Hand #144438131325:  Hold'em Limit ($3/$6 USD) - 2015/11/26 20:05:02 ET
Table 'Volpecula II' 2-max Seat #2 is the button
Seat 1: chipsdigme86 ($164 in chips)
Seat 2: IntoTheAiR ($67.98 in chips)
IntoTheAiR: posts small blind $1
chipsdigme86: posts big blind $3
*** HOLE CARDS ***
IntoTheAiR: folds
Uncalled bet ($2) returned to chipsdigme86
chipsdigme86 collected $2 from pot
*** SUMMARY ***
Total pot $2 | Rake $0
Seat 1: chipsdigme86 (big blind) collected ($2)
Seat 2: IntoTheAiR (button) (small blind) folded before Flop


PokerStars Hand #144438123874:  Hold'em Limit ($3/$6 USD) - 2015/11/26 20:04:47 ET
Table 'Volpecula II' 2-max Seat #1 is the button
Seat 1: chipsdigme86 ($137.50 in chips)
Seat 2: IntoTheAiR ($94.98 in chips)
chipsdigme86: posts small blind $1
IntoTheAiR: posts big blind $3
*** HOLE CARDS ***
chipsdigme86: raises $3 to $6
IntoTheAiR: calls $3
*** FLOP *** [3d 7d 5s]
IntoTheAiR: checks
chipsdigme86: bets $3
IntoTheAiR: raises $3 to $6
chipsdigme86: raises $3 to $9
IntoTheAiR: calls $3
*** TURN *** [3d 7d 5s] [Ks]
IntoTheAiR: checks
chipsdigme86: bets $6
IntoTheAiR: calls $6
*** RIVER *** [3d 7d 5s Ks] [Jc]
IntoTheAiR: checks
chipsdigme86: bets $6
IntoTheAiR: calls $6
*** SHOW DOWN ***
chipsdigme86: shows [7s 7c] (three of a kind, Sevens)
IntoTheAiR: mucks hand
chipsdigme86 collected $53.50 from pot
*** SUMMARY ***
Total pot $54 | Rake $0.50
Board [3d 7d 5s Ks Jc]
Seat 1: chipsdigme86 (button) (small blind) showed [7s 7c] and won ($53.50) with three of a kind, Sevens
Seat 2: IntoTheAiR (big blind) mucked


PokerStars Hand #144438136275:  Hold'em Limit ($3/$6 USD) - 2015/11/26 20:05:11 ET
Table 'Volpecula II' 2-max Seat #2 is the button
Seat 1: chipsdigme86 ($164 in chips)
Seat 2: IntoTheAiR ($67.98 in chips)
IntoTheAiR: posts small blind $1
chipsdigme86: posts big blind $3
*** HOLE CARDS ***
IntoTheAiR: folds
Uncalled bet ($2) returned to chipsdigme86
chipsdigme86 collected $2 from pot
*** SUMMARY ***
Total pot $2 | Rake $0
Seat 1: chipsdigme86 (big blind) collected ($2)
Seat 2: IntoTheAiR (button) (small blind) folded before Flop


PokerStars Hand #144438133487:  Hold'em Limit ($3/$6 USD) - 2015/11/26 20:05:06 ET
Table 'Volpecula II' 2-max Seat #1 is the button
Seat 1: chipsdigme86 ($165 in chips)
Seat 2: IntoTheAiR ($66.98 in chips)
chipsdigme86: posts small blind $1
IntoTheAiR: posts big blind $3
*** HOLE CARDS ***
chipsdigme86: folds
Uncalled bet ($2) returned to IntoTheAiR
IntoTheAiR collected $2 from pot
IntoTheAiR: doesn't show hand
*** SUMMARY ***
Total pot $2 | Rake $0
Seat 1: chipsdigme86 (button) (small blind) folded before Flop
Seat 2: IntoTheAiR (big blind) collected ($2)


PokerStars Hand #144438138436:  Hold'em Limit ($3/$6 USD) - 2015/11/26 20:05:15 ET
Table 'Volpecula II' 2-max Seat #1 is the button
Seat 1: chipsdigme86 ($165 in chips)
Seat 2: IntoTheAiR ($66.98 in chips)
chipsdigme86: posts small blind $1
IntoTheAiR: posts big blind $3
*** HOLE CARDS ***
chipsdigme86: calls $2
IntoTheAiR: checks
*** FLOP *** [2c 7c 6s]
IntoTheAiR: bets $3
chipsdigme86: calls $3
*** TURN *** [2c 7c 6s] [4c]
IntoTheAiR: bets $6
chipsdigme86: calls $6
*** RIVER *** [2c 7c 6s 4c] [Kc]
IntoTheAiR: bets $6
chipsdigme86: calls $6
*** SHOW DOWN ***
IntoTheAiR: shows [6c 4d] (a flush, King high)
chipsdigme86: mucks hand
IntoTheAiR collected $35.50 from pot
*** SUMMARY ***
Total pot $36 | Rake $0.50
Board [2c 7c 6s 4c Kc]
Seat 1: chipsdigme86 (button) (small blind) mucked
Seat 2: IntoTheAiR (big blind) showed [6c 4d] and won ($35.50) with a flush, King high


PokerStars Hand #144438148048:  Hold'em Limit ($3/$6 USD) - 2015/11/26 20:05:34 ET
Table 'Volpecula II' 2-max Seat #1 is the button
Seat 1: chipsdigme86 ($144 in chips)
Seat 2: IntoTheAiR ($87.48 in chips)
chipsdigme86: posts small blind $1
IntoTheAiR: posts big blind $3
*** HOLE CARDS ***
chipsdigme86: raises $3 to $6
IntoTheAiR: folds
Uncalled bet ($3) returned to chipsdigme86
chipsdigme86 collected $6 from pot
*** SUMMARY ***
Total pot $6 | Rake $0
Seat 1: chipsdigme86 (button) (small blind) collected ($6)
Seat 2: IntoTheAiR (big blind) folded before Flop


PokerStars Hand #144438145743:  Hold'em Limit ($3/$6 USD) - 2015/11/26 20:05:29 ET
Table 'Volpecula II' 2-max Seat #2 is the button
Seat 1: chipsdigme86 ($147 in chips)
Seat 2: IntoTheAiR ($84.48 in chips)
IntoTheAiR: posts small blind $1
chipsdigme86: posts big blind $3
*** HOLE CARDS ***
IntoTheAiR: raises $3 to $6
chipsdigme86: folds
Uncalled bet ($3) returned to IntoTheAiR
IntoTheAiR collected $6 from pot
IntoTheAiR: doesn't show hand
*** SUMMARY ***
Total pot $6 | Rake $0
Seat 1: chipsdigme86 (big blind) folded before Flop
Seat 2: IntoTheAiR (button) (small blind) collected ($6)


PokerStars Hand #144438150268:  Hold'em Limit ($3/$6 USD) - 2015/11/26 20:05:38 ET
Table 'Volpecula II' 2-max Seat #2 is the button
Seat 1: chipsdigme86 ($147 in chips)
Seat 2: IntoTheAiR ($84.48 in chips)
IntoTheAiR: posts small blind $1
chipsdigme86: posts big blind $3
*** HOLE CARDS ***
IntoTheAiR: raises $3 to $6
chipsdigme86: raises $3 to $9
IntoTheAiR: calls $3
*** FLOP *** [4s Ad Qs]
chipsdigme86: bets $3
IntoTheAiR: calls $3
*** TURN *** [4s Ad Qs] [As]
chipsdigme86: bets $6
IntoTheAiR: calls $6
*** RIVER *** [4s Ad Qs As] [Kd]
chipsdigme86: bets $6
IntoTheAiR: calls $6
*** SHOW DOWN ***
chipsdigme86: shows [Ah 9s] (three of a kind, Aces)
IntoTheAiR: mucks hand
chipsdigme86 collected $47.50 from pot
*** SUMMARY ***
Total pot $48 | Rake $0.50
Board [4s Ad Qs As Kd]
Seat 1: chipsdigme86 (big blind) showed [Ah 9s] and won ($47.50) with three of a kind, Aces
Seat 2: IntoTheAiR (button) (small blind) mucked


PokerStars Hand #144438173250:  Hold'em Limit ($3/$6 USD) - 2015/11/26 20:06:23 ET
Table 'Volpecula II' 2-max Seat #1 is the button
Seat 1: chipsdigme86 ($115.50 in chips)
Seat 2: IntoTheAiR ($114.48 in chips)
chipsdigme86: posts small blind $1
IntoTheAiR: posts big blind $3
*** HOLE CARDS ***
chipsdigme86: folds
Uncalled bet ($2) returned to IntoTheAiR
IntoTheAiR collected $2 from pot
IntoTheAiR: doesn't show hand
*** SUMMARY ***
Total pot $2 | Rake $0
Seat 1: chipsdigme86 (button) (small blind) folded before Flop
Seat 2: IntoTheAiR (big blind) collected ($2)


PokerStars Hand #144438167836:  Hold'em Limit ($3/$6 USD) - 2015/11/26 20:06:13 ET
Table 'Volpecula II' 2-max Seat #2 is the button
Seat 1: chipsdigme86 ($139.50 in chips)
Seat 2: IntoTheAiR ($90.98 in chips)
IntoTheAiR: posts small blind $1
chipsdigme86: posts big blind $3
*** HOLE CARDS ***
IntoTheAiR: raises $3 to $6
chipsdigme86: raises $3 to $9
IntoTheAiR: calls $3
*** FLOP *** [Qh 7d 8s]
chipsdigme86: bets $3
IntoTheAiR: calls $3
*** TURN *** [Qh 7d 8s] [6c]
chipsdigme86: bets $6
IntoTheAiR: calls $6
*** RIVER *** [Qh 7d 8s 6c] [Ts]
chipsdigme86: bets $6
IntoTheAiR: calls $6
*** SHOW DOWN ***
chipsdigme86: shows [Ad Kd] (high card Ace)
IntoTheAiR: shows [Ks 6s] (a pair of Sixes)
IntoTheAiR collected $47.50 from pot
*** SUMMARY ***
Total pot $48 | Rake $0.50
Board [Qh 7d 8s 6c Ts]
Seat 1: chipsdigme86 (big blind) showed [Ad Kd] and lost with high card Ace
Seat 2: IntoTheAiR (button) (small blind) showed [Ks 6s] and won ($47.50) with a pair of Sixes


PokerStars Hand #144438161161:  Hold'em Limit ($3/$6 USD) - 2015/11/26 20:05:59 ET
Table 'Volpecula II' 2-max Seat #1 is the button
Seat 1: chipsdigme86 ($166.50 in chips)
Seat 2: IntoTheAiR ($64.48 in chips)
chipsdigme86: posts small blind $1
IntoTheAiR: posts big blind $3
*** HOLE CARDS ***
chipsdigme86: raises $3 to $6
IntoTheAiR: raises $3 to $9
chipsdigme86: raises $3 to $12
Betting is capped
IntoTheAiR: calls $3
*** FLOP *** [4h 3s Jc]
IntoTheAiR: checks
chipsdigme86: bets $3
IntoTheAiR: calls $3
*** TURN *** [4h 3s Jc] [6s]
IntoTheAiR: checks
chipsdigme86: bets $6
IntoTheAiR: calls $6
*** RIVER *** [4h 3s Jc 6s] [Th]
IntoTheAiR: checks
chipsdigme86: bets $6
IntoTheAiR: calls $6
*** SHOW DOWN ***
chipsdigme86: shows [5h 5s] (a pair of Fives)
IntoTheAiR: shows [Ts Ks] (a pair of Tens)
IntoTheAiR collected $53.50 from pot
*** SUMMARY ***
Total pot $54 | Rake $0.50
Board [4h 3s Jc 6s Th]
Seat 1: chipsdigme86 (button) (small blind) showed [5h 5s] and lost with a pair of Fives
Seat 2: IntoTheAiR (big blind) showed [Ts Ks] and won ($53.50) with a pair of Tens


PokerStars Hand #144438158143:  Hold'em Limit ($3/$6 USD) - 2015/11/26 20:05:53 ET
Table 'Volpecula II' 2-max Seat #2 is the button
Seat 1: chipsdigme86 ($169.50 in chips)
Seat 2: IntoTheAiR ($61.48 in chips)
IntoTheAiR: posts small blind $1
chipsdigme86: posts big blind $3
*** HOLE CARDS ***
IntoTheAiR: raises $3 to $6
chipsdigme86: folds
Uncalled bet ($3) returned to IntoTheAiR
IntoTheAiR collected $6 from pot
IntoTheAiR: doesn't show hand
*** SUMMARY ***
Total pot $6 | Rake $0
Seat 1: chipsdigme86 (big blind) folded before Flop
Seat 2: IntoTheAiR (button) (small blind) collected ($6)


PokerStars Hand #144438155805:  Hold'em Limit ($3/$6 USD) - 2015/11/26 20:05:49 ET
Table 'Volpecula II' 2-max Seat #1 is the button
Seat 1: chipsdigme86 ($170.50 in chips)
Seat 2: IntoTheAiR ($60.48 in chips)
chipsdigme86: posts small blind $1
IntoTheAiR: posts big blind $3
*** HOLE CARDS ***
chipsdigme86: folds
Uncalled bet ($2) returned to IntoTheAiR
IntoTheAiR collected $2 from pot
*** SUMMARY ***
Total pot $2 | Rake $0
Seat 1: chipsdigme86 (button) (small blind) folded before Flop
Seat 2: IntoTheAiR (big blind) collected ($2)


