PokerStars Hand #146998187724:  Hold'em Limit ($3/$6 USD) - 2016/01/13 19:03:15 ET
Table 'Volpecula' 6-max Seat #4 is the button
Seat 3: kismespit ($94 in chips)
Seat 4: AzureCaper ($97.02 in chips)
AzureCaper: posts small blind $1
kismespit: posts big blind $3
*** HOLE CARDS ***
AzureCaper: folds
Uncalled bet ($2) returned to kismespit
kismespit collected $2 from pot
*** SUMMARY ***
Total pot $2 | Rake $0
Seat 3: kismespit (big blind) collected ($2)
Seat 4: AzureCaper (button) (small blind) folded before Flop


PokerStars Hand #146998194411:  Hold'em Limit ($3/$6 USD) - 2016/01/13 19:03:24 ET
Table 'Volpecula' 6-max Seat #3 is the button
Seat 3: kismespit ($95 in chips)
Seat 4: AzureCaper ($96.02 in chips)
kismespit: posts small blind $1
AzureCaper: posts big blind $3
*** HOLE CARDS ***
kismespit: raises $3 to $6
AzureCaper: raises $3 to $9
kismespit: calls $3
*** FLOP *** [8s 3h Jc]
AzureCaper: bets $3
kismespit: calls $3
*** TURN *** [8s 3h Jc] [5d]
AzureCaper: bets $6
kismespit: raises $6 to $12
AzureCaper: folds
Uncalled bet ($6) returned to kismespit
kismespit collected $35.50 from pot
kismespit: doesn't show hand
*** SUMMARY ***
Total pot $36 | Rake $0.50
Board [8s 3h Jc 5d]
Seat 3: kismespit (button) (small blind) collected ($35.50)
Seat 4: AzureCaper (big blind) folded on the Turn


PokerStars Hand #146998210076:  Hold'em Limit ($3/$6 USD) - 2016/01/13 19:03:45 ET
Table 'Volpecula' 6-max Seat #3 is the button
Seat 3: kismespit ($113.50 in chips)
Seat 4: AzureCaper ($77.02 in chips)
kismespit: posts small blind $1
AzureCaper: posts big blind $3
*** HOLE CARDS ***
kismespit: raises $3 to $6
AzureCaper: folds
Uncalled bet ($3) returned to kismespit
kismespit collected $6 from pot
*** SUMMARY ***
Total pot $6 | Rake $0
Seat 3: kismespit (button) (small blind) collected ($6)
Seat 4: AzureCaper (big blind) folded before Flop


PokerStars Hand #146998206758:  Hold'em Limit ($3/$6 USD) - 2016/01/13 19:03:40 ET
Table 'Volpecula' 6-max Seat #4 is the button
Seat 3: kismespit ($112.50 in chips)
Seat 4: AzureCaper ($78.02 in chips)
AzureCaper: posts small blind $1
kismespit: posts big blind $3
*** HOLE CARDS ***
AzureCaper: folds
Uncalled bet ($2) returned to kismespit
kismespit collected $2 from pot
*** SUMMARY ***
Total pot $2 | Rake $0
Seat 3: kismespit (big blind) collected ($2)
Seat 4: AzureCaper (button) (small blind) folded before Flop


PokerStars Hand #146998215660:  Hold'em Limit ($3/$6 USD) - 2016/01/13 19:03:52 ET
Table 'Volpecula' 6-max Seat #4 is the button
Seat 3: kismespit ($116.50 in chips)
Seat 4: AzureCaper ($74.02 in chips)
AzureCaper: posts small blind $1
kismespit: posts big blind $3
*** HOLE CARDS ***
AzureCaper: folds
Uncalled bet ($2) returned to kismespit
kismespit collected $2 from pot
*** SUMMARY ***
Total pot $2 | Rake $0
Seat 3: kismespit (big blind) collected ($2)
Seat 4: AzureCaper (button) (small blind) folded before Flop


PokerStars Hand #146998219633:  Hold'em Limit ($3/$6 USD) - 2016/01/13 19:03:58 ET
Table 'Volpecula' 6-max Seat #3 is the button
Seat 3: kismespit ($117.50 in chips)
Seat 4: AzureCaper ($73.02 in chips)
kismespit: posts small blind $1
AzureCaper: posts big blind $3
*** HOLE CARDS ***
kismespit: raises $3 to $6
AzureCaper: calls $3
*** FLOP *** [Ac 5s 8h]
AzureCaper: checks
kismespit: bets $3
AzureCaper: folds
Uncalled bet ($3) returned to kismespit
kismespit collected $11.76 from pot
kismespit: doesn't show hand
*** SUMMARY ***
Total pot $12 | Rake $0.24
Board [Ac 5s 8h]
Seat 3: kismespit (button) (small blind) collected ($11.76)
Seat 4: AzureCaper (big blind) folded on the Flop


PokerStars Hand #146998230507:  Hold'em Limit ($3/$6 USD) - 2016/01/13 19:04:13 ET
Table 'Volpecula' 6-max Seat #4 is the button
Seat 3: kismespit ($123.26 in chips)
Seat 4: AzureCaper ($72 in chips)
AzureCaper: posts small blind $1
kismespit: posts big blind $3
*** HOLE CARDS ***
AzureCaper: raises $3 to $6
kismespit: folds
Uncalled bet ($3) returned to AzureCaper
AzureCaper collected $6 from pot
AzureCaper: doesn't show hand
*** SUMMARY ***
Total pot $6 | Rake $0
Seat 3: kismespit (big blind) folded before Flop
Seat 4: AzureCaper (button) (small blind) collected ($6)


PokerStars Hand #146998234386:  Hold'em Limit ($3/$6 USD) - 2016/01/13 19:04:18 ET
Table 'Volpecula' 6-max Seat #3 is the button
Seat 3: kismespit ($120.26 in chips)
Seat 4: AzureCaper ($75 in chips)
kismespit: posts small blind $1
AzureCaper: posts big blind $3
*** HOLE CARDS ***
kismespit: calls $2
AzureCaper: checks
*** FLOP *** [6c 3h 4c]
AzureCaper: bets $3
kismespit: calls $3
*** TURN *** [6c 3h 4c] [4s]
AzureCaper: bets $6
kismespit: calls $6
*** RIVER *** [6c 3h 4c 4s] [Kd]
AzureCaper: bets $6
kismespit: calls $6
*** SHOW DOWN ***
AzureCaper: shows [Td 2c] (a pair of Fours)
kismespit: shows [3d Ac] (two pair, Fours and Threes)
kismespit collected $35.50 from pot
*** SUMMARY ***
Total pot $36 | Rake $0.50
Board [6c 3h 4c 4s Kd]
Seat 3: kismespit (button) (small blind) showed [3d Ac] and won ($35.50) with two pair, Fours and Threes
Seat 4: AzureCaper (big blind) showed [Td 2c] and lost with a pair of Fours


PokerStars Hand #146998263716:  Hold'em Limit ($3/$6 USD) - 2016/01/13 19:04:57 ET
Table 'Volpecula' 6-max Seat #3 is the button
Seat 3: kismespit ($122.76 in chips)
Seat 4: AzureCaper ($86.50 in chips)
kismespit: posts small blind $1
AzureCaper: posts big blind $3
*** HOLE CARDS ***
kismespit: folds
Uncalled bet ($2) returned to AzureCaper
AzureCaper collected $2 from pot
AzureCaper: doesn't show hand
*** SUMMARY ***
Total pot $2 | Rake $0
Seat 3: kismespit (button) (small blind) folded before Flop
Seat 4: AzureCaper (big blind) collected ($2)


PokerStars Hand #146998245122:  Hold'em Limit ($3/$6 USD) - 2016/01/13 19:04:32 ET
Table 'Volpecula' 6-max Seat #4 is the button
Seat 3: kismespit ($137.76 in chips)
Seat 4: AzureCaper ($72 in chips)
AzureCaper: posts small blind $1
kismespit: posts big blind $3
*** HOLE CARDS ***
AzureCaper: raises $3 to $6
kismespit: calls $3
*** FLOP *** [4h 8s 9s]
kismespit: checks
AzureCaper: bets $3
kismespit: calls $3
*** TURN *** [4h 8s 9s] [Td]
kismespit: checks
AzureCaper: bets $6
kismespit: calls $6
*** RIVER *** [4h 8s 9s Td] [Ks]
kismespit: checks
AzureCaper: checks
*** SHOW DOWN ***
kismespit: shows [7c Ah] (high card Ace)
AzureCaper: shows [7s 9d] (a pair of Nines)
AzureCaper collected $29.50 from pot
*** SUMMARY ***
Total pot $30 | Rake $0.50
Board [4h 8s 9s Td Ks]
Seat 3: kismespit (big blind) showed [7c Ah] and lost with high card Ace
Seat 4: AzureCaper (button) (small blind) showed [7s 9d] and won ($29.50) with a pair of Nines


PokerStars Hand #146998267268:  Hold'em Limit ($3/$6 USD) - 2016/01/13 19:05:02 ET
Table 'Volpecula' 6-max Seat #4 is the button
Seat 3: kismespit ($121.76 in chips)
Seat 4: AzureCaper ($87.50 in chips)
AzureCaper: posts small blind $1
kismespit: posts big blind $3
*** HOLE CARDS ***
AzureCaper: raises $3 to $6
kismespit: calls $3
*** FLOP *** [2d Jc Th]
kismespit: checks
AzureCaper: bets $3
kismespit: folds
Uncalled bet ($3) returned to AzureCaper
AzureCaper collected $11.76 from pot
AzureCaper: doesn't show hand
*** SUMMARY ***
Total pot $12 | Rake $0.24
Board [2d Jc Th]
Seat 3: kismespit (big blind) folded on the Flop
Seat 4: AzureCaper (button) (small blind) collected ($11.76)


PokerStars Hand #146998275366:  Hold'em Limit ($3/$6 USD) - 2016/01/13 19:05:13 ET
Table 'Volpecula' 6-max Seat #3 is the button
Seat 3: kismespit ($115.76 in chips)
Seat 4: AzureCaper ($93.26 in chips)
kismespit: posts small blind $1
AzureCaper: posts big blind $3
*** HOLE CARDS ***
kismespit: raises $3 to $6
AzureCaper: folds
Uncalled bet ($3) returned to kismespit
kismespit collected $6 from pot
*** SUMMARY ***
Total pot $6 | Rake $0
Seat 3: kismespit (button) (small blind) collected ($6)
Seat 4: AzureCaper (big blind) folded before Flop


PokerStars Hand #146998284009:  Hold'em Limit ($3/$6 USD) - 2016/01/13 19:05:25 ET
Table 'Volpecula' 6-max Seat #3 is the button
Seat 3: kismespit ($119.76 in chips)
Seat 4: AzureCaper ($89.26 in chips)
kismespit: posts small blind $1
AzureCaper: posts big blind $3
*** HOLE CARDS ***
kismespit: folds
Uncalled bet ($2) returned to AzureCaper
AzureCaper collected $2 from pot
AzureCaper: doesn't show hand
*** SUMMARY ***
Total pot $2 | Rake $0
Seat 3: kismespit (button) (small blind) folded before Flop
Seat 4: AzureCaper (big blind) collected ($2)


PokerStars Hand #146998280692:  Hold'em Limit ($3/$6 USD) - 2016/01/13 19:05:20 ET
Table 'Volpecula' 6-max Seat #4 is the button
Seat 3: kismespit ($118.76 in chips)
Seat 4: AzureCaper ($90.26 in chips)
AzureCaper: posts small blind $1
kismespit: posts big blind $3
*** HOLE CARDS ***
AzureCaper: folds
Uncalled bet ($2) returned to kismespit
kismespit collected $2 from pot
*** SUMMARY ***
Total pot $2 | Rake $0
Seat 3: kismespit (big blind) collected ($2)
Seat 4: AzureCaper (button) (small blind) folded before Flop


PokerStars Hand #146998287618:  Hold'em Limit ($3/$6 USD) - 2016/01/13 19:05:30 ET
Table 'Volpecula' 6-max Seat #4 is the button
Seat 3: kismespit ($118.76 in chips)
Seat 4: AzureCaper ($90.26 in chips)
AzureCaper: posts small blind $1
kismespit: posts big blind $3
*** HOLE CARDS ***
AzureCaper: raises $3 to $6
kismespit: calls $3
*** FLOP *** [6h Kh 2h]
kismespit: checks
AzureCaper: bets $3
kismespit: calls $3
*** TURN *** [6h Kh 2h] [4s]
kismespit: checks
AzureCaper: bets $6
kismespit: raises $6 to $12
AzureCaper: calls $6
*** RIVER *** [6h Kh 2h 4s] [Th]
bianca_AK joins the table at seat #2
kismespit: bets $6
AzureCaper: raises $6 to $12
kismespit: calls $6
*** SHOW DOWN ***
AzureCaper: shows [Jc Jh] (a flush, King high)
kismespit: shows [Qh 8h] (a flush, King high - Queen higher)
kismespit collected $65.50 from pot
*** SUMMARY ***
Total pot $66 | Rake $0.50
Board [6h Kh 2h 4s Th]
Seat 3: kismespit (big blind) showed [Qh 8h] and won ($65.50) with a flush, King high
Seat 4: AzureCaper (button) (small blind) showed [Jc Jh] and lost with a flush, King high


PokerStars Hand #146998302142:  Hold'em Limit ($3/$6 USD) - 2016/01/13 19:05:49 ET
Table 'Volpecula' 6-max Seat #3 is the button
Seat 3: kismespit ($151.26 in chips)
Seat 4: AzureCaper ($72 in chips)
kismespit: posts small blind $1
AzureCaper: posts big blind $3
*** HOLE CARDS ***
kismespit: raises $3 to $6
AzureCaper: raises $3 to $9
kismespit: calls $3
*** FLOP *** [3h 8c Js]
AzureCaper: bets $3
kismespit: folds
Uncalled bet ($3) returned to AzureCaper
AzureCaper collected $17.64 from pot
AzureCaper: doesn't show hand
*** SUMMARY ***
Total pot $18 | Rake $0.36
Board [3h 8c Js]
Seat 3: kismespit (button) (small blind) folded on the Flop
Seat 4: AzureCaper (big blind) collected ($17.64)


PokerStars Hand #146998336949:  Hold'em Limit ($3/$6 USD) - 2016/01/13 19:06:36 ET
Table 'Volpecula' 6-max Seat #3 is the button
Seat 3: kismespit ($115.26 in chips)
Seat 4: AzureCaper ($107.14 in chips)
kismespit: posts small blind $1
AzureCaper: posts big blind $3
*** HOLE CARDS ***
kismespit: folds
Uncalled bet ($2) returned to AzureCaper
AzureCaper collected $2 from pot
AzureCaper: doesn't show hand
*** SUMMARY ***
Total pot $2 | Rake $0
Seat 3: kismespit (button) (small blind) folded before Flop
Seat 4: AzureCaper (big blind) collected ($2)


PokerStars Hand #146998310866:  Hold'em Limit ($3/$6 USD) - 2016/01/13 19:06:01 ET
Table 'Volpecula' 6-max Seat #4 is the button
Seat 3: kismespit ($142.26 in chips)
Seat 4: AzureCaper ($80.64 in chips)
AzureCaper: posts small blind $1
kismespit: posts big blind $3
*** HOLE CARDS ***
AzureCaper: raises $3 to $6
Aculamalim joins the table at seat #6
kismespit: calls $3
*** FLOP *** [Kc 6h 3s]
kismespit: checks
Zubasa07 joins the table at seat #5
TinaTurner72 joins the table at seat #1
AzureCaper: bets $3
kismespit: calls $3
*** TURN *** [Kc 6h 3s] [4d]
kismespit: bets $6
AzureCaper: raises $6 to $12
kismespit: calls $6
*** RIVER *** [Kc 6h 3s 4d] [Qd]
kismespit: checks
AzureCaper: bets $6
kismespit: calls $6
*** SHOW DOWN ***
AzureCaper: shows [4h 4s] (three of a kind, Fours)
kismespit: mucks hand
AzureCaper collected $53.50 from pot
*** SUMMARY ***
Total pot $54 | Rake $0.50
Board [Kc 6h 3s 4d Qd]
Seat 3: kismespit (big blind) mucked
Seat 4: AzureCaper (button) (small blind) showed [4h 4s] and won ($53.50) with three of a kind, Fours


PokerStars Hand #146999118308:  Hold'em Limit ($3/$6 USD) - 2016/01/13 19:24:43 ET
Table 'Volpecula' 6-max Seat #3 is the button
Seat 1: TinaTurner72 ($36.66 in chips)
Seat 3: kismespit ($88.59 in chips)
kismespit: posts small blind $1
TinaTurner72: posts big blind $3
*** HOLE CARDS ***
kismespit: raises $3 to $6
TinaTurner72: calls $3
*** FLOP *** [2c Qh Jd]
TinaTurner72: checks
kismespit: bets $3
TinaTurner72: folds
Uncalled bet ($3) returned to kismespit
kismespit collected $11.76 from pot
*** SUMMARY ***
Total pot $12 | Rake $0.24
Board [2c Qh Jd]
Seat 1: TinaTurner72 (big blind) folded on the Flop
Seat 3: kismespit (button) (small blind) collected ($11.76)


PokerStars Hand #146999112960:  Hold'em Limit ($3/$6 USD) - 2016/01/13 19:24:36 ET
Table 'Volpecula' 6-max Seat #1 is the button
Seat 1: TinaTurner72 ($33.66 in chips)
Seat 3: kismespit ($91.59 in chips)
TinaTurner72: posts small blind $1
kismespit: posts big blind $3
*** HOLE CARDS ***
TinaTurner72: raises $3 to $6
kismespit: folds
Uncalled bet ($3) returned to TinaTurner72
TinaTurner72 collected $6 from pot
TinaTurner72: doesn't show hand
*** SUMMARY ***
Total pot $6 | Rake $0
Seat 1: TinaTurner72 (button) (small blind) collected ($6)
Seat 3: kismespit (big blind) folded before Flop


PokerStars Hand #146999109625:  Hold'em Limit ($3/$6 USD) - 2016/01/13 19:24:31 ET
Table 'Volpecula' 6-max Seat #3 is the button
Seat 1: TinaTurner72 ($32.66 in chips)
Seat 3: kismespit ($92.59 in chips)
kismespit: posts small blind $1
TinaTurner72: posts big blind $3
*** HOLE CARDS ***
kismespit: folds
Uncalled bet ($2) returned to TinaTurner72
TinaTurner72 collected $2 from pot
TinaTurner72: doesn't show hand
*** SUMMARY ***
Total pot $2 | Rake $0
Seat 1: TinaTurner72 (big blind) collected ($2)
Seat 3: kismespit (button) (small blind) folded before Flop


PokerStars Hand #146999154363:  Hold'em Limit ($3/$6 USD) - 2016/01/13 19:25:35 ET
Table 'Volpecula' 6-max Seat #3 is the button
Seat 1: TinaTurner72 ($63.66 in chips)
Seat 3: kismespit ($120.85 in chips)
kismespit: posts small blind $1
TinaTurner72: posts big blind $3
*** HOLE CARDS ***
kismespit: raises $3 to $6
TinaTurner72: calls $3
*** FLOP *** [5h 5d 3c]
TinaTurner72: checks
kismespit: checks
*** TURN *** [5h 5d 3c] [8c]
TinaTurner72: checks
kismespit: checks
*** RIVER *** [5h 5d 3c 8c] [4h]
TinaTurner72: bets $6
kismespit: folds
Uncalled bet ($6) returned to TinaTurner72
TinaTurner72 collected $11.76 from pot
TinaTurner72: doesn't show hand
*** SUMMARY ***
Total pot $12 | Rake $0.24
Board [5h 5d 3c 8c 4h]
Seat 1: TinaTurner72 (big blind) collected ($11.76)
Seat 3: kismespit (button) (small blind) folded on the River


PokerStars Hand #146999136704:  Hold'em Limit ($3/$6 USD) - 2016/01/13 19:25:10 ET
Table 'Volpecula' 6-max Seat #1 is the button
Seat 1: TinaTurner72 ($90.66 in chips)
Seat 3: kismespit ($94.35 in chips)
TinaTurner72: posts small blind $1
kismespit: posts big blind $3
*** HOLE CARDS ***
TinaTurner72: raises $3 to $6
kismespit: calls $3
*** FLOP *** [2s 3c Kc]
kismespit: checks
TinaTurner72: bets $3
kismespit: calls $3
*** TURN *** [2s 3c Kc] [Ts]
kismespit: checks
TinaTurner72: bets $6
kismespit: raises $6 to $12
TinaTurner72: calls $6
*** RIVER *** [2s 3c Kc Ts] [9h]
kismespit: bets $6
TinaTurner72: calls $6
*** SHOW DOWN ***
kismespit: shows [9d Kh] (two pair, Kings and Nines)
TinaTurner72: mucks hand
kismespit collected $53.50 from pot
*** SUMMARY ***
Total pot $54 | Rake $0.50
Board [2s 3c Kc Ts 9h]
Seat 1: TinaTurner72 (button) (small blind) mucked
Seat 3: kismespit (big blind) showed [9d Kh] and won ($53.50) with two pair, Kings and Nines


PokerStars Hand #146999206944:  Hold'em Limit ($3/$6 USD) - 2016/01/13 19:26:50 ET
Table 'Volpecula' 6-max Seat #1 is the button
Seat 1: TinaTurner72 ($57.42 in chips)
Seat 3: kismespit ($126.37 in chips)
TinaTurner72: posts small blind $1
kismespit: posts big blind $3
*** HOLE CARDS ***
TinaTurner72: raises $3 to $6
kismespit: folds
Uncalled bet ($3) returned to TinaTurner72
TinaTurner72 collected $6 from pot
TinaTurner72: doesn't show hand
*** SUMMARY ***
Total pot $6 | Rake $0
Seat 1: TinaTurner72 (button) (small blind) collected ($6)
Seat 3: kismespit (big blind) folded before Flop


PokerStars Hand #146999187240:  Hold'em Limit ($3/$6 USD) - 2016/01/13 19:26:22 ET
Table 'Volpecula' 6-max Seat #3 is the button
Seat 1: TinaTurner72 ($60.42 in chips)
Seat 3: kismespit ($123.49 in chips)
kismespit: posts small blind $1
TinaTurner72: posts big blind $3
*** HOLE CARDS ***
kismespit: calls $2
TinaTurner72: checks
*** FLOP *** [9s 9h Kd]
TinaTurner72: checks
kismespit: checks
*** TURN *** [9s 9h Kd] [6s]
TinaTurner72: checks
kismespit: checks
*** RIVER *** [9s 9h Kd 6s] [8s]
TinaTurner72: checks
kismespit: checks
*** SHOW DOWN ***
TinaTurner72: shows [2h Jh] (a pair of Nines)
kismespit: shows [7h Qh] (a pair of Nines - King+Queen kicker)
kismespit collected $5.88 from pot
*** SUMMARY ***
Total pot $6 | Rake $0.12
Board [9s 9h Kd 6s 8s]
Seat 1: TinaTurner72 (big blind) showed [2h Jh] and lost with a pair of Nines
Seat 3: kismespit (button) (small blind) showed [7h Qh] and won ($5.88) with a pair of Nines


PokerStars Hand #146999167248:  Hold'em Limit ($3/$6 USD) - 2016/01/13 19:25:53 ET
Table 'Volpecula' 6-max Seat #1 is the button
Seat 1: TinaTurner72 ($69.42 in chips)
Seat 3: kismespit ($114.85 in chips)
TinaTurner72: posts small blind $1
kismespit: posts big blind $3
*** HOLE CARDS ***
TinaTurner72: raises $3 to $6
kismespit: calls $3
*** FLOP *** [9d Js Kc]
kismespit: checks
TinaTurner72: bets $3
kismespit: calls $3
*** TURN *** [9d Js Kc] [5h]
kismespit: checks
TinaTurner72: checks
*** RIVER *** [9d Js Kc 5h] [6d]
kismespit: bets $6
TinaTurner72: folds
Uncalled bet ($6) returned to kismespit
kismespit collected $17.64 from pot
*** SUMMARY ***
Total pot $18 | Rake $0.36
Board [9d Js Kc 5h 6d]
Seat 1: TinaTurner72 (button) (small blind) folded on the River
Seat 3: kismespit (big blind) collected ($17.64)


PokerStars Hand #146999250827:  Hold'em Limit ($3/$6 USD) - 2016/01/13 19:27:53 ET
Table 'Volpecula' 6-max Seat #3 is the button
Seat 1: TinaTurner72 ($45.42 in chips)
Seat 3: kismespit ($137.77 in chips)
kismespit: posts small blind $1
TinaTurner72: posts big blind $3
*** HOLE CARDS ***
kismespit: folds
Uncalled bet ($2) returned to TinaTurner72
TinaTurner72 collected $2 from pot
TinaTurner72: doesn't show hand
*** SUMMARY ***
Total pot $2 | Rake $0
Seat 1: TinaTurner72 (big blind) collected ($2)
Seat 3: kismespit (button) (small blind) folded before Flop


PokerStars Hand #146999229731:  Hold'em Limit ($3/$6 USD) - 2016/01/13 19:27:23 ET
Table 'Volpecula' 6-max Seat #1 is the button
Seat 1: TinaTurner72 ($54.42 in chips)
Seat 3: kismespit ($129.13 in chips)
TinaTurner72: posts small blind $1
kismespit: posts big blind $3
*** HOLE CARDS ***
TinaTurner72: raises $3 to $6
kismespit: calls $3
*** FLOP *** [Ac 7d 3c]
kismespit: checks
TinaTurner72: bets $3
kismespit: calls $3
*** TURN *** [Ac 7d 3c] [3h]
kismespit: checks
TinaTurner72: checks
*** RIVER *** [Ac 7d 3c 3h] [6s]
kismespit: bets $6
TinaTurner72: folds
Uncalled bet ($6) returned to kismespit
kismespit collected $17.64 from pot
kismespit: doesn't show hand
*** SUMMARY ***
Total pot $18 | Rake $0.36
Board [Ac 7d 3c 3h 6s]
Seat 1: TinaTurner72 (button) (small blind) folded on the River
Seat 3: kismespit (big blind) collected ($17.64)


PokerStars Hand #146999210765:  Hold'em Limit ($3/$6 USD) - 2016/01/13 19:26:56 ET
Table 'Volpecula' 6-max Seat #3 is the button
Seat 1: TinaTurner72 ($60.42 in chips)
Seat 3: kismespit ($123.37 in chips)
kismespit: posts small blind $1
TinaTurner72: posts big blind $3
*** HOLE CARDS ***
kismespit: raises $3 to $6
TinaTurner72: calls $3
*** FLOP *** [7s 8c 3d]
TinaTurner72: checks
kismespit: checks
*** TURN *** [7s 8c 3d] [Td]
TinaTurner72: checks
kismespit: bets $6
TinaTurner72: folds
Uncalled bet ($6) returned to kismespit
kismespit collected $11.76 from pot
*** SUMMARY ***
Total pot $12 | Rake $0.24
Board [7s 8c 3d Td]
Seat 1: TinaTurner72 (big blind) folded on the Turn
Seat 3: kismespit (button) (small blind) collected ($11.76)


PokerStars Hand #146999287397:  Hold'em Limit ($3/$6 USD) - 2016/01/13 19:28:46 ET
Table 'Volpecula' 6-max Seat #3 is the button
Seat 1: TinaTurner72 ($56.92 in chips)
Seat 3: kismespit ($125.77 in chips)
kismespit: posts small blind $1
TinaTurner72: posts big blind $3
*** HOLE CARDS ***
kismespit: folds
Uncalled bet ($2) returned to TinaTurner72
TinaTurner72 collected $2 from pot
TinaTurner72: doesn't show hand
*** SUMMARY ***
Total pot $2 | Rake $0
Seat 1: TinaTurner72 (big blind) collected ($2)
Seat 3: kismespit (button) (small blind) folded before Flop


PokerStars Hand #146999284530:  Hold'em Limit ($3/$6 USD) - 2016/01/13 19:28:42 ET
Table 'Volpecula' 6-max Seat #1 is the button
Seat 1: TinaTurner72 ($57.92 in chips)
Seat 3: kismespit ($124.77 in chips)
TinaTurner72: posts small blind $1
kismespit: posts big blind $3
*** HOLE CARDS ***
TinaTurner72: folds
Uncalled bet ($2) returned to kismespit
kismespit collected $2 from pot
*** SUMMARY ***
Total pot $2 | Rake $0
Seat 1: TinaTurner72 (button) (small blind) folded before Flop
Seat 3: kismespit (big blind) collected ($2)


PokerStars Hand #146999280083:  Hold'em Limit ($3/$6 USD) - 2016/01/13 19:28:36 ET
Table 'Volpecula' 6-max Seat #3 is the button
Seat 1: TinaTurner72 ($60.92 in chips)
Seat 3: kismespit ($121.77 in chips)
kismespit: posts small blind $1
TinaTurner72: posts big blind $3
*** HOLE CARDS ***
kismespit: raises $3 to $6
TinaTurner72: folds
Uncalled bet ($3) returned to kismespit
kismespit collected $6 from pot
*** SUMMARY ***
Total pot $6 | Rake $0
Seat 1: TinaTurner72 (big blind) folded before Flop
Seat 3: kismespit (button) (small blind) collected ($6)


PokerStars Hand #146999276937:  Hold'em Limit ($3/$6 USD) - 2016/01/13 19:28:31 ET
Table 'Volpecula' 6-max Seat #1 is the button
Seat 1: TinaTurner72 ($61.92 in chips)
Seat 3: kismespit ($120.77 in chips)
TinaTurner72: posts small blind $1
kismespit: posts big blind $3
*** HOLE CARDS ***
TinaTurner72: folds
Uncalled bet ($2) returned to kismespit
kismespit collected $2 from pot
*** SUMMARY ***
Total pot $2 | Rake $0
Seat 1: TinaTurner72 (button) (small blind) folded before Flop
Seat 3: kismespit (big blind) collected ($2)


PokerStars Hand #146999273638:  Hold'em Limit ($3/$6 USD) - 2016/01/13 19:28:26 ET
Table 'Volpecula' 6-max Seat #3 is the button
Seat 1: TinaTurner72 ($60.92 in chips)
Seat 3: kismespit ($121.77 in chips)
kismespit: posts small blind $1
TinaTurner72: posts big blind $3
*** HOLE CARDS ***
kismespit: folds
Uncalled bet ($2) returned to TinaTurner72
TinaTurner72 collected $2 from pot
TinaTurner72: doesn't show hand
*** SUMMARY ***
Total pot $2 | Rake $0
Seat 1: TinaTurner72 (big blind) collected ($2)
Seat 3: kismespit (button) (small blind) folded before Flop


PokerStars Hand #146999253731:  Hold'em Limit ($3/$6 USD) - 2016/01/13 19:27:57 ET
Table 'Volpecula' 6-max Seat #1 is the button
Seat 1: TinaTurner72 ($46.42 in chips)
Seat 3: kismespit ($136.77 in chips)
TinaTurner72: posts small blind $1
kismespit: posts big blind $3
*** HOLE CARDS ***
TinaTurner72: raises $3 to $6
kismespit: calls $3
*** FLOP *** [Td 6s Kd]
kismespit: checks
TinaTurner72: bets $3
kismespit: calls $3
*** TURN *** [Td 6s Kd] [Tc]
kismespit: checks
TinaTurner72: bets $6
kismespit: calls $6
*** RIVER *** [Td 6s Kd Tc] [Qc]
kismespit: checks
TinaTurner72: checks
*** SHOW DOWN ***
kismespit: shows [Jd 3d] (a pair of Tens)
TinaTurner72: shows [2c Ac] (a pair of Tens - Ace kicker)
TinaTurner72 collected $29.50 from pot
*** SUMMARY ***
Total pot $30 | Rake $0.50
Board [Td 6s Kd Tc Qc]
Seat 1: TinaTurner72 (button) (small blind) showed [2c Ac] and won ($29.50) with a pair of Tens
Seat 3: kismespit (big blind) showed [Jd 3d] and lost with a pair of Tens


PokerStars Hand #146999290602:  Hold'em Limit ($3/$6 USD) - 2016/01/13 19:28:51 ET
Table 'Volpecula' 6-max Seat #1 is the button
Seat 1: TinaTurner72 ($57.92 in chips)
Seat 3: kismespit ($124.77 in chips)
TinaTurner72: posts small blind $1
kismespit: posts big blind $3
*** HOLE CARDS ***
TinaTurner72: raises $3 to $6
kismespit: calls $3
*** FLOP *** [5h 3h Jh]
kismespit: checks
TinaTurner72: bets $3
kismespit: raises $3 to $6
TinaTurner72: calls $3
*** TURN *** [5h 3h Jh] [4d]
kismespit: checks
TinaTurner72: bets $6
kismespit: calls $6
*** RIVER *** [5h 3h Jh 4d] [7c]
kismespit: checks
TinaTurner72: bets $6
kismespit: folds
Uncalled bet ($6) returned to TinaTurner72
TinaTurner72 collected $35.50 from pot
TinaTurner72: doesn't show hand
*** SUMMARY ***
Total pot $36 | Rake $0.50
Board [5h 3h Jh 4d 7c]
Seat 1: TinaTurner72 (button) (small blind) collected ($35.50)
Seat 3: kismespit (big blind) folded on the River


PokerStars Hand #146999321025:  Hold'em Limit ($3/$6 USD) - 2016/01/13 19:29:36 ET
Table 'Volpecula' 6-max Seat #1 is the button
Seat 1: TinaTurner72 ($80.42 in chips)
Seat 3: kismespit ($101.77 in chips)
TinaTurner72: posts small blind $1
kismespit: posts big blind $3
*** HOLE CARDS ***
TinaTurner72: raises $3 to $6
kismespit: raises $3 to $9
TinaTurner72: calls $3
*** FLOP *** [7c Kh 4d]
kismespit: bets $3
TinaTurner72: calls $3
*** TURN *** [7c Kh 4d] [3d]
kismespit: bets $6
TinaTurner72: calls $6
*** RIVER *** [7c Kh 4d 3d] [7s]
kismespit: bets $6
TinaTurner72: calls $6
*** SHOW DOWN ***
kismespit: shows [9s Ah] (a pair of Sevens)
TinaTurner72: mucks hand
kismespit collected $47.50 from pot
*** SUMMARY ***
Total pot $48 | Rake $0.50
Board [7c Kh 4d 3d 7s]
Seat 1: TinaTurner72 (button) (small blind) mucked
Seat 3: kismespit (big blind) showed [9s Ah] and won ($47.50) with a pair of Sevens


PokerStars Hand #146999318292:  Hold'em Limit ($3/$6 USD) - 2016/01/13 19:29:32 ET
Table 'Volpecula' 6-max Seat #3 is the button
Seat 1: TinaTurner72 ($79.42 in chips)
Seat 3: kismespit ($102.77 in chips)
kismespit: posts small blind $1
TinaTurner72: posts big blind $3
*** HOLE CARDS ***
kismespit: folds
Uncalled bet ($2) returned to TinaTurner72
TinaTurner72 collected $2 from pot
TinaTurner72: doesn't show hand
*** SUMMARY ***
Total pot $2 | Rake $0
Seat 1: TinaTurner72 (big blind) collected ($2)
Seat 3: kismespit (button) (small blind) folded before Flop


PokerStars Hand #146999313849:  Hold'em Limit ($3/$6 USD) - 2016/01/13 19:29:25 ET
Table 'Volpecula' 6-max Seat #1 is the button
Seat 1: TinaTurner72 ($76.42 in chips)
Seat 3: kismespit ($105.77 in chips)
TinaTurner72: posts small blind $1
kismespit: posts big blind $3
*** HOLE CARDS ***
TinaTurner72: raises $3 to $6
kismespit: folds
Uncalled bet ($3) returned to TinaTurner72
TinaTurner72 collected $6 from pot
TinaTurner72: doesn't show hand
*** SUMMARY ***
Total pot $6 | Rake $0
Seat 1: TinaTurner72 (button) (small blind) collected ($6)
Seat 3: kismespit (big blind) folded before Flop


PokerStars Hand #146999309640:  Hold'em Limit ($3/$6 USD) - 2016/01/13 19:29:19 ET
Table 'Volpecula' 6-max Seat #3 is the button
Seat 1: TinaTurner72 ($75.42 in chips)
Seat 3: kismespit ($106.77 in chips)
kismespit: posts small blind $1
TinaTurner72: posts big blind $3
*** HOLE CARDS ***
kismespit: folds
Uncalled bet ($2) returned to TinaTurner72
TinaTurner72 collected $2 from pot
TinaTurner72: doesn't show hand
*** SUMMARY ***
Total pot $2 | Rake $0
Seat 1: TinaTurner72 (big blind) collected ($2)
Seat 3: kismespit (button) (small blind) folded before Flop


PokerStars Hand #146999378806:  Hold'em Limit ($3/$6 USD) - 2016/01/13 19:31:01 ET
Table 'Volpecula' 6-max Seat #3 is the button
Seat 1: TinaTurner72 ($53.18 in chips)
Seat 3: kismespit ($127.91 in chips)
kismespit: posts small blind $1
TinaTurner72: posts big blind $3
*** HOLE CARDS ***
kismespit: folds
Uncalled bet ($2) returned to TinaTurner72
TinaTurner72 collected $2 from pot
TinaTurner72: doesn't show hand
*** SUMMARY ***
Total pot $2 | Rake $0
Seat 1: TinaTurner72 (big blind) collected ($2)
Seat 3: kismespit (button) (small blind) folded before Flop


PokerStars Hand #146999355790:  Hold'em Limit ($3/$6 USD) - 2016/01/13 19:30:26 ET
Table 'Volpecula' 6-max Seat #1 is the button
Seat 1: TinaTurner72 ($62.18 in chips)
Seat 3: kismespit ($119.27 in chips)
TinaTurner72: posts small blind $1
kismespit: posts big blind $3
*** HOLE CARDS ***
TinaTurner72: raises $3 to $6
kismespit: calls $3
*** FLOP *** [Jd Ts Kc]
kismespit: bets $3
TinaTurner72: calls $3
*** TURN *** [Jd Ts Kc] [Qd]
kismespit: checks
TinaTurner72: checks
*** RIVER *** [Jd Ts Kc Qd] [Qs]
kismespit: bets $6
TinaTurner72: folds
Uncalled bet ($6) returned to kismespit
kismespit collected $17.64 from pot
*** SUMMARY ***
Total pot $18 | Rake $0.36
Board [Jd Ts Kc Qd Qs]
Seat 1: TinaTurner72 (button) (small blind) folded on the River
Seat 3: kismespit (big blind) collected ($17.64)


PokerStars Hand #146999385754:  Hold'em Limit ($3/$6 USD) - 2016/01/13 19:31:11 ET
Table 'Volpecula' 6-max Seat #1 is the button
Seat 1: TinaTurner72 ($54.18 in chips)
Seat 3: kismespit ($126.91 in chips)
TinaTurner72: posts small blind $1
kismespit: posts big blind $3
*** HOLE CARDS ***
TinaTurner72: raises $3 to $6
kismespit: folds
Uncalled bet ($3) returned to TinaTurner72
TinaTurner72 collected $6 from pot
TinaTurner72: doesn't show hand
*** SUMMARY ***
Total pot $6 | Rake $0
Seat 1: TinaTurner72 (button) (small blind) collected ($6)
Seat 3: kismespit (big blind) folded before Flop


PokerStars Hand #146999337940:  Hold'em Limit ($3/$6 USD) - 2016/01/13 19:30:00 ET
Table 'Volpecula' 6-max Seat #3 is the button
Seat 1: TinaTurner72 ($56.42 in chips)
Seat 3: kismespit ($125.27 in chips)
kismespit: posts small blind $1
TinaTurner72: posts big blind $3
*** HOLE CARDS ***
kismespit: raises $3 to $6
TinaTurner72: calls $3
*** FLOP *** [9c Jh Th]
TinaTurner72: checks
kismespit: checks
*** TURN *** [9c Jh Th] [6d]
TinaTurner72: checks
kismespit: checks
*** RIVER *** [9c Jh Th 6d] [6h]
TinaTurner72: checks
kismespit: checks
*** SHOW DOWN ***
TinaTurner72: shows [Kc 2h] (a pair of Sixes)
kismespit: mucks hand
TinaTurner72 collected $11.76 from pot
*** SUMMARY ***
Total pot $12 | Rake $0.24
Board [9c Jh Th 6d 6h]
Seat 1: TinaTurner72 (big blind) showed [Kc 2h] and won ($11.76) with a pair of Sixes
Seat 3: kismespit (button) (small blind) mucked


PokerStars Hand #146999402884:  Hold'em Limit ($3/$6 USD) - 2016/01/13 19:31:36 ET
Table 'Volpecula' 6-max Seat #1 is the button
Seat 1: TinaTurner72 ($54.18 in chips)
Seat 3: kismespit ($126.91 in chips)
TinaTurner72: posts small blind $1
kismespit: posts big blind $3
*** HOLE CARDS ***
TinaTurner72: raises $3 to $6
kismespit: folds
Uncalled bet ($3) returned to TinaTurner72
TinaTurner72 collected $6 from pot
TinaTurner72: doesn't show hand
*** SUMMARY ***
Total pot $6 | Rake $0
Seat 1: TinaTurner72 (button) (small blind) collected ($6)
Seat 3: kismespit (big blind) folded before Flop


PokerStars Hand #146999392812:  Hold'em Limit ($3/$6 USD) - 2016/01/13 19:31:21 ET
Table 'Volpecula' 6-max Seat #3 is the button
Seat 1: TinaTurner72 ($57.18 in chips)
Seat 3: kismespit ($123.91 in chips)
kismespit: posts small blind $1
TinaTurner72: posts big blind $3
*** HOLE CARDS ***
kismespit: raises $3 to $6
TinaTurner72: folds
Uncalled bet ($3) returned to kismespit
kismespit collected $6 from pot
*** SUMMARY ***
Total pot $6 | Rake $0
Seat 1: TinaTurner72 (big blind) folded before Flop
Seat 3: kismespit (button) (small blind) collected ($6)


PokerStars Hand #146999413752:  Hold'em Limit ($3/$6 USD) - 2016/01/13 19:31:52 ET
Table 'Volpecula' 6-max Seat #1 is the button
Seat 1: TinaTurner72 ($54.18 in chips)
Seat 3: kismespit ($126.91 in chips)
TinaTurner72: posts small blind $1
kismespit: posts big blind $3
*** HOLE CARDS ***
TinaTurner72: raises $3 to $6
kismespit: raises $3 to $9
TinaTurner72: calls $3
*** FLOP *** [5s Th Td]
kismespit: bets $3
TinaTurner72: folds
Uncalled bet ($3) returned to kismespit
kismespit collected $17.64 from pot
*** SUMMARY ***
Total pot $18 | Rake $0.36
Board [5s Th Td]
Seat 1: TinaTurner72 (button) (small blind) folded on the Flop
Seat 3: kismespit (big blind) collected ($17.64)


PokerStars Hand #146999432289:  Hold'em Limit ($3/$6 USD) - 2016/01/13 19:32:20 ET
Table 'Volpecula' 6-max Seat #3 is the button
Seat 1: TinaTurner72 ($45.18 in chips)
Seat 3: kismespit ($135.55 in chips)
kismespit: posts small blind $1
TinaTurner72: posts big blind $3
*** HOLE CARDS ***
kismespit: folds
Uncalled bet ($2) returned to TinaTurner72
TinaTurner72 collected $2 from pot
TinaTurner72: doesn't show hand
*** SUMMARY ***
Total pot $2 | Rake $0
Seat 1: TinaTurner72 (big blind) collected ($2)
Seat 3: kismespit (button) (small blind) folded before Flop


PokerStars Hand #146999435466:  Hold'em Limit ($3/$6 USD) - 2016/01/13 19:32:24 ET
Table 'Volpecula' 6-max Seat #1 is the button
Seat 1: TinaTurner72 ($46.18 in chips)
Seat 3: kismespit ($134.55 in chips)
TinaTurner72: posts small blind $1
kismespit: posts big blind $3
*** HOLE CARDS ***
TinaTurner72: raises $3 to $6
kismespit: calls $3
*** FLOP *** [7d 8s 7s]
kismespit: checks
TinaTurner72: bets $3
kismespit: calls $3
*** TURN *** [7d 8s 7s] [7h]
kismespit: checks
TinaTurner72: bets $6
kismespit: calls $6
*** RIVER *** [7d 8s 7s 7h] [Tc]
kismespit: checks
TinaTurner72: bets $6
kismespit: calls $6
*** SHOW DOWN ***
TinaTurner72: shows [8h Qd] (a full house, Sevens full of Eights)
kismespit: mucks hand
TinaTurner72 collected $41.50 from pot
*** SUMMARY ***
Total pot $42 | Rake $0.50
Board [7d 8s 7s 7h Tc]
Seat 1: TinaTurner72 (button) (small blind) showed [8h Qd] and won ($41.50) with a full house, Sevens full of Eights
Seat 3: kismespit (big blind) mucked


PokerStars Hand #146999458548:  Hold'em Limit ($3/$6 USD) - 2016/01/13 19:32:59 ET
Table 'Volpecula' 6-max Seat #3 is the button
Seat 1: TinaTurner72 ($66.68 in chips)
Seat 3: kismespit ($113.55 in chips)
kismespit: posts small blind $1
TinaTurner72: posts big blind $3
*** HOLE CARDS ***
Aaaqqq joins the table at seat #4
kismespit: raises $3 to $6
TinaTurner72: calls $3
*** FLOP *** [5h 7c Qd]
TinaTurner72: checks
kismespit: bets $3
TinaTurner72: calls $3
*** TURN *** [5h 7c Qd] [Ad]
TinaTurner72: checks
kismespit: checks
*** RIVER *** [5h 7c Qd Ad] [8c]
TinaTurner72: checks
kismespit: checks
*** SHOW DOWN ***
TinaTurner72: shows [Kc 6c] (high card Ace)
kismespit: shows [3c 3d] (a pair of Threes)
kismespit collected $17.64 from pot
*** SUMMARY ***
Total pot $18 | Rake $0.36
Board [5h 7c Qd Ad 8c]
Seat 1: TinaTurner72 (big blind) showed [Kc 6c] and lost with high card Ace
Seat 3: kismespit (button) (small blind) showed [3c 3d] and won ($17.64) with a pair of Threes


PokerStars Hand #146999477617:  Hold'em Limit ($3/$6 USD) - 2016/01/13 19:33:27 ET
Table 'Volpecula' 6-max Seat #1 is the button
Seat 1: TinaTurner72 ($57.68 in chips)
Seat 3: kismespit ($122.19 in chips)
TinaTurner72: posts small blind $1
kismespit: posts big blind $3
*** HOLE CARDS ***
TinaTurner72: raises $3 to $6
kismespit: calls $3
*** FLOP *** [8c 5c 6h]
kismespit: checks
TinaTurner72: bets $3
kismespit: calls $3
*** TURN *** [8c 5c 6h] [3h]
kismespit: checks
TinaTurner72: bets $6
kismespit: folds
Uncalled bet ($6) returned to TinaTurner72
TinaTurner72 collected $17.64 from pot
TinaTurner72: doesn't show hand
*** SUMMARY ***
Total pot $18 | Rake $0.36
Board [8c 5c 6h 3h]
Seat 1: TinaTurner72 (button) (small blind) collected ($17.64)
Seat 3: kismespit (big blind) folded on the Turn


PokerStars Hand #146999614024:  Hold'em Limit ($3/$6 USD) - 2016/01/13 19:36:51 ET
Table 'Volpecula' 6-max Seat #3 is the button
Seat 1: TinaTurner72 ($32.93 in chips)
Seat 3: kismespit ($99.19 in chips)
kismespit: posts small blind $1
TinaTurner72: posts big blind $3
*** HOLE CARDS ***
kismespit: raises $3 to $6
TinaTurner72: folds
Uncalled bet ($3) returned to kismespit
Aaaqqq leaves the table
kismespit collected $6 from pot
*** SUMMARY ***
Total pot $6 | Rake $0
Seat 1: TinaTurner72 (big blind) folded before Flop
Seat 3: kismespit (button) (small blind) collected ($6)


PokerStars Hand #146999619052:  Hold'em Limit ($3/$6 USD) - 2016/01/13 19:36:59 ET
Table 'Volpecula' 6-max Seat #1 is the button
Seat 1: TinaTurner72 ($29.93 in chips)
Seat 3: kismespit ($102.19 in chips)
TinaTurner72: posts small blind $1
kismespit: posts big blind $3
*** HOLE CARDS ***
TinaTurner72: raises $3 to $6
kismespit: calls $3
*** FLOP *** [3c Qd 6h]
kismespit: checks
TinaTurner72: bets $3
kismespit: calls $3
*** TURN *** [3c Qd 6h] [5s]
kismespit: checks
TinaTurner72: bets $6
kismespit: folds
Uncalled bet ($6) returned to TinaTurner72
TinaTurner72 collected $17.64 from pot
TinaTurner72: doesn't show hand
*** SUMMARY ***
Total pot $18 | Rake $0.36
Board [3c Qd 6h 5s]
Seat 1: TinaTurner72 (button) (small blind) collected ($17.64)
Seat 3: kismespit (big blind) folded on the Turn


PokerStars Hand #146999649780:  Hold'em Limit ($3/$6 USD) - 2016/01/13 19:37:46 ET
Table 'Volpecula' 6-max Seat #1 is the button
Seat 1: TinaTurner72 ($56.07 in chips)
Seat 3: kismespit ($75.19 in chips)
TinaTurner72: posts small blind $1
kismespit: posts big blind $3
*** HOLE CARDS ***
TinaTurner72: raises $3 to $6
kismespit: folds
Uncalled bet ($3) returned to TinaTurner72
TinaTurner72 collected $6 from pot
TinaTurner72: doesn't show hand
*** SUMMARY ***
Total pot $6 | Rake $0
Seat 1: TinaTurner72 (button) (small blind) collected ($6)
Seat 3: kismespit (big blind) folded before Flop


PokerStars Hand #146999634128:  Hold'em Limit ($3/$6 USD) - 2016/01/13 19:37:22 ET
Table 'Volpecula' 6-max Seat #3 is the button
Seat 1: TinaTurner72 ($38.57 in chips)
Seat 3: kismespit ($93.19 in chips)
kismespit: posts small blind $1
TinaTurner72: posts big blind $3
*** HOLE CARDS ***
kismespit: raises $3 to $6
TinaTurner72: raises $3 to $9
kismespit: calls $3
*** FLOP *** [Tc 3c Qd]
TinaTurner72: bets $3
kismespit: calls $3
*** TURN *** [Tc 3c Qd] [3s]
TinaTurner72: bets $6
kismespit: calls $6
*** RIVER *** [Tc 3c Qd 3s] [4h]
TinaTurner72: bets $6
kismespit: folds
Uncalled bet ($6) returned to TinaTurner72
TinaTurner72 collected $35.50 from pot
TinaTurner72: doesn't show hand
*** SUMMARY ***
Total pot $36 | Rake $0.50
Board [Tc 3c Qd 3s 4h]
Seat 1: TinaTurner72 (big blind) collected ($35.50)
Seat 3: kismespit (button) (small blind) folded on the River


PokerStars Hand #146999671717:  Hold'em Limit ($3/$6 USD) - 2016/01/13 19:38:19 ET
Table 'Volpecula' 6-max Seat #1 is the button
Seat 1: TinaTurner72 ($58.82 in chips)
Seat 3: kismespit ($71.94 in chips)
TinaTurner72: posts small blind $1
kismespit: posts big blind $3
*** HOLE CARDS ***
TinaTurner72: raises $3 to $6
kismespit: folds
Uncalled bet ($3) returned to TinaTurner72
TinaTurner72 collected $6 from pot
TinaTurner72: doesn't show hand
*** SUMMARY ***
Total pot $6 | Rake $0
Seat 1: TinaTurner72 (button) (small blind) collected ($6)
Seat 3: kismespit (big blind) folded before Flop


PokerStars Hand #146999654109:  Hold'em Limit ($3/$6 USD) - 2016/01/13 19:37:52 ET
Table 'Volpecula' 6-max Seat #3 is the button
Seat 1: TinaTurner72 ($59.07 in chips)
Seat 3: kismespit ($72.19 in chips)
kismespit: posts small blind $1
TinaTurner72: posts big blind $3
*** HOLE CARDS ***
kismespit: raises $3 to $6
TinaTurner72: raises $3 to $9
kismespit: calls $3
*** FLOP *** [4h 5s Ks]
TinaTurner72: bets $3
kismespit: calls $3
*** TURN *** [4h 5s Ks] [2c]
TinaTurner72: checks
kismespit: checks
*** RIVER *** [4h 5s Ks 2c] [2s]
TinaTurner72: checks
kismespit: bets $6
TinaTurner72: calls $6
*** SHOW DOWN ***
kismespit: shows [9c As] (a pair of Deuces)
TinaTurner72: shows [Ad 9s] (a pair of Deuces)
TinaTurner72 collected $17.75 from pot
kismespit collected $17.75 from pot
*** SUMMARY ***
Total pot $36 | Rake $0.50
Board [4h 5s Ks 2c 2s]
Seat 1: TinaTurner72 (big blind) showed [Ad 9s] and won ($17.75) with a pair of Deuces
Seat 3: kismespit (button) (small blind) showed [9c As] and won ($17.75) with a pair of Deuces


PokerStars Hand #146999675551:  Hold'em Limit ($3/$6 USD) - 2016/01/13 19:38:25 ET
Table 'Volpecula' 6-max Seat #3 is the button
Seat 1: TinaTurner72 ($61.82 in chips)
Seat 3: kismespit ($68.94 in chips)
kismespit: posts small blind $1
TinaTurner72: posts big blind $3
*** HOLE CARDS ***
kismespit: raises $3 to $6
TinaTurner72: calls $3
*** FLOP *** [Kd 7c Jc]
TinaTurner72: checks
kismespit: bets $3
TinaTurner72: folds
Uncalled bet ($3) returned to kismespit
kismespit collected $11.76 from pot
*** SUMMARY ***
Total pot $12 | Rake $0.24
Board [Kd 7c Jc]
Seat 1: TinaTurner72 (big blind) folded on the Flop
Seat 3: kismespit (button) (small blind) collected ($11.76)


PokerStars Hand #146999686642:  Hold'em Limit ($3/$6 USD) - 2016/01/13 19:38:42 ET
Table 'Volpecula' 6-max Seat #1 is the button
Seat 1: TinaTurner72 ($55.82 in chips)
Seat 3: kismespit ($74.70 in chips)
TinaTurner72: posts small blind $1
kismespit: posts big blind $3
*** HOLE CARDS ***
TinaTurner72: raises $3 to $6
kismespit: calls $3
*** FLOP *** [2h Td Ts]
kismespit: checks
TinaTurner72: bets $3
kismespit: folds
Uncalled bet ($3) returned to TinaTurner72
TinaTurner72 collected $11.76 from pot
TinaTurner72: doesn't show hand
*** SUMMARY ***
Total pot $12 | Rake $0.24
Board [2h Td Ts]
Seat 1: TinaTurner72 (button) (small blind) collected ($11.76)
Seat 3: kismespit (big blind) folded on the Flop


PokerStars Hand #146999696823:  Hold'em Limit ($3/$6 USD) - 2016/01/13 19:38:57 ET
Table 'Volpecula' 6-max Seat #3 is the button
Seat 1: TinaTurner72 ($61.58 in chips)
Seat 3: kismespit ($68.70 in chips)
kismespit: posts small blind $1
TinaTurner72: posts big blind $3
*** HOLE CARDS ***
kismespit: raises $3 to $6
TinaTurner72: folds
Uncalled bet ($3) returned to kismespit
kismespit collected $6 from pot
*** SUMMARY ***
Total pot $6 | Rake $0
Seat 1: TinaTurner72 (big blind) folded before Flop
Seat 3: kismespit (button) (small blind) collected ($6)


PokerStars Hand #146999721237:  Hold'em Limit ($3/$6 USD) - 2016/01/13 19:39:35 ET
Table 'Volpecula' 6-max Seat #1 is the button
Seat 1: TinaTurner72 ($50.58 in chips)
Seat 3: kismespit ($79.34 in chips)
TinaTurner72: posts small blind $1
kismespit: posts big blind $3
*** HOLE CARDS ***
TinaTurner72: folds
Uncalled bet ($2) returned to kismespit
kismespit collected $2 from pot
*** SUMMARY ***
Total pot $2 | Rake $0
Seat 1: TinaTurner72 (button) (small blind) folded before Flop
Seat 3: kismespit (big blind) collected ($2)


PokerStars Hand #146999729471:  Hold'em Limit ($3/$6 USD) - 2016/01/13 19:39:48 ET
Table 'Volpecula' 6-max Seat #1 is the button
Seat 1: TinaTurner72 ($46.58 in chips)
Seat 3: kismespit ($83.34 in chips)
TinaTurner72: posts small blind $1
kismespit: posts big blind $3
*** HOLE CARDS ***
TinaTurner72: raises $3 to $6
kismespit: calls $3
*** FLOP *** [Js Kh Qd]
kismespit: checks
TinaTurner72: bets $3
kismespit: folds
Uncalled bet ($3) returned to TinaTurner72
TinaTurner72 collected $11.76 from pot
TinaTurner72: doesn't show hand
*** SUMMARY ***
Total pot $12 | Rake $0.24
Board [Js Kh Qd]
Seat 1: TinaTurner72 (button) (small blind) collected ($11.76)
Seat 3: kismespit (big blind) folded on the Flop


PokerStars Hand #146999737990:  Hold'em Limit ($3/$6 USD) - 2016/01/13 19:40:01 ET
Table 'Volpecula' 6-max Seat #3 is the button
Seat 1: TinaTurner72 ($52.34 in chips)
Seat 3: kismespit ($77.34 in chips)
kismespit: posts small blind $1
TinaTurner72: posts big blind $3
*** HOLE CARDS ***
kismespit: raises $3 to $6
TinaTurner72: folds
Uncalled bet ($3) returned to kismespit
kismespit collected $6 from pot
*** SUMMARY ***
Total pot $6 | Rake $0
Seat 1: TinaTurner72 (big blind) folded before Flop
Seat 3: kismespit (button) (small blind) collected ($6)


PokerStars Hand #146999749011:  Hold'em Limit ($3/$6 USD) - 2016/01/13 19:40:18 ET
Table 'Volpecula' 6-max Seat #3 is the button
Seat 1: TinaTurner72 ($52.34 in chips)
Seat 3: kismespit ($77.34 in chips)
kismespit: posts small blind $1
TinaTurner72: posts big blind $3
*** HOLE CARDS ***
kismespit: raises $3 to $6
TinaTurner72: folds
Uncalled bet ($3) returned to kismespit
kismespit collected $6 from pot
*** SUMMARY ***
Total pot $6 | Rake $0
Seat 1: TinaTurner72 (big blind) folded before Flop
Seat 3: kismespit (button) (small blind) collected ($6)


PokerStars Hand #146999744765:  Hold'em Limit ($3/$6 USD) - 2016/01/13 19:40:11 ET
Table 'Volpecula' 6-max Seat #1 is the button
Seat 1: TinaTurner72 ($49.34 in chips)
Seat 3: kismespit ($80.34 in chips)
TinaTurner72: posts small blind $1
kismespit: posts big blind $3
*** HOLE CARDS ***
TinaTurner72: raises $3 to $6
kismespit: folds
Uncalled bet ($3) returned to TinaTurner72
TinaTurner72 collected $6 from pot
TinaTurner72: doesn't show hand
*** SUMMARY ***
Total pot $6 | Rake $0
Seat 1: TinaTurner72 (button) (small blind) collected ($6)
Seat 3: kismespit (big blind) folded before Flop


PokerStars Hand #146999718635:  Hold'em Limit ($3/$6 USD) - 2016/01/13 19:39:31 ET
Table 'Volpecula' 6-max Seat #3 is the button
Seat 1: TinaTurner72 ($49.58 in chips)
Seat 3: kismespit ($80.34 in chips)
kismespit: posts small blind $1
TinaTurner72: posts big blind $3
*** HOLE CARDS ***
kismespit: folds
Uncalled bet ($2) returned to TinaTurner72
TinaTurner72 collected $2 from pot
TinaTurner72: doesn't show hand
*** SUMMARY ***
Total pot $2 | Rake $0
Seat 1: TinaTurner72 (big blind) collected ($2)
Seat 3: kismespit (button) (small blind) folded before Flop


PokerStars Hand #146999702514:  Hold'em Limit ($3/$6 USD) - 2016/01/13 19:39:06 ET
Table 'Volpecula' 6-max Seat #1 is the button
Seat 1: TinaTurner72 ($58.58 in chips)
Seat 3: kismespit ($71.70 in chips)
TinaTurner72: posts small blind $1
kismespit: posts big blind $3
*** HOLE CARDS ***
TinaTurner72: raises $3 to $6
kismespit: raises $3 to $9
TinaTurner72: calls $3
*** FLOP *** [As 9s 4d]
kismespit: bets $3
TinaTurner72: folds
Uncalled bet ($3) returned to kismespit
kismespit collected $17.64 from pot
*** SUMMARY ***
Total pot $18 | Rake $0.36
Board [As 9s 4d]
Seat 1: TinaTurner72 (button) (small blind) folded on the Flop
Seat 3: kismespit (big blind) collected ($17.64)


PokerStars Hand #146999761635:  Hold'em Limit ($3/$6 USD) - 2016/01/13 19:40:37 ET
Table 'Volpecula' 6-max Seat #3 is the button
Seat 1: TinaTurner72 ($55.10 in chips)
Seat 3: kismespit ($74.34 in chips)
kismespit: posts small blind $1
TinaTurner72: posts big blind $3
*** HOLE CARDS ***
kismespit: folds
Uncalled bet ($2) returned to TinaTurner72
TinaTurner72 collected $2 from pot
TinaTurner72: doesn't show hand
*** SUMMARY ***
Total pot $2 | Rake $0
Seat 1: TinaTurner72 (big blind) collected ($2)
Seat 3: kismespit (button) (small blind) folded before Flop


PokerStars Hand #146999753494:  Hold'em Limit ($3/$6 USD) - 2016/01/13 19:40:25 ET
Table 'Volpecula' 6-max Seat #1 is the button
Seat 1: TinaTurner72 ($49.34 in chips)
Seat 3: kismespit ($80.34 in chips)
TinaTurner72: posts small blind $1
kismespit: posts big blind $3
*** HOLE CARDS ***
TinaTurner72: raises $3 to $6
kismespit: calls $3
*** FLOP *** [Td 5h As]
kismespit: checks
TinaTurner72: bets $3
kismespit: folds
Uncalled bet ($3) returned to TinaTurner72
TinaTurner72 collected $11.76 from pot
TinaTurner72: doesn't show hand
*** SUMMARY ***
Total pot $12 | Rake $0.24
Board [Td 5h As]
Seat 1: TinaTurner72 (button) (small blind) collected ($11.76)
Seat 3: kismespit (big blind) folded on the Flop


PokerStars Hand #146999764505:  Hold'em Limit ($3/$6 USD) - 2016/01/13 19:40:41 ET
Table 'Volpecula' 6-max Seat #1 is the button
Seat 1: TinaTurner72 ($56.10 in chips)
Seat 3: kismespit ($73.34 in chips)
TinaTurner72: posts small blind $1
kismespit: posts big blind $3
*** HOLE CARDS ***
TinaTurner72: raises $3 to $6
kismespit: calls $3
*** FLOP *** [9c Ac 7s]
kismespit: bets $3
TinaTurner72: calls $3
*** TURN *** [9c Ac 7s] [4c]
kismespit: bets $6
TinaTurner72: calls $6
*** RIVER *** [9c Ac 7s 4c] [8s]
kismespit: checks
TinaTurner72: bets $6
kismespit: folds
Uncalled bet ($6) returned to TinaTurner72
TinaTurner72 collected $29.50 from pot
TinaTurner72: doesn't show hand
*** SUMMARY ***
Total pot $30 | Rake $0.50
Board [9c Ac 7s 4c 8s]
Seat 1: TinaTurner72 (button) (small blind) collected ($29.50)
Seat 3: kismespit (big blind) folded on the River


PokerStars Hand #146999801648:  Hold'em Limit ($3/$6 USD) - 2016/01/13 19:41:38 ET
Table 'Volpecula' 6-max Seat #1 is the button
Seat 1: TinaTurner72 ($64.60 in chips)
Seat 3: kismespit ($64.10 in chips)
TinaTurner72: posts small blind $1
kismespit: posts big blind $3
*** HOLE CARDS ***
TinaTurner72: folds
Uncalled bet ($2) returned to kismespit
kismespit collected $2 from pot
*** SUMMARY ***
Total pot $2 | Rake $0
Seat 1: TinaTurner72 (button) (small blind) folded before Flop
Seat 3: kismespit (big blind) collected ($2)


PokerStars Hand #146999784594:  Hold'em Limit ($3/$6 USD) - 2016/01/13 19:41:12 ET
Table 'Volpecula' 6-max Seat #3 is the button
Seat 1: TinaTurner72 ($70.60 in chips)
Seat 3: kismespit ($58.34 in chips)
kismespit: posts small blind $1
TinaTurner72: posts big blind $3
*** HOLE CARDS ***
kismespit: raises $3 to $6
TinaTurner72: calls $3
*** FLOP *** [3s 7h Js]
TinaTurner72: checks
kismespit: bets $3
TinaTurner72: folds
Uncalled bet ($3) returned to kismespit
kismespit collected $11.76 from pot
*** SUMMARY ***
Total pot $12 | Rake $0.24
Board [3s 7h Js]
Seat 1: TinaTurner72 (big blind) folded on the Flop
Seat 3: kismespit (button) (small blind) collected ($11.76)


PokerStars Hand #146999804677:  Hold'em Limit ($3/$6 USD) - 2016/01/13 19:41:43 ET
Table 'Volpecula' 6-max Seat #3 is the button
Seat 1: TinaTurner72 ($63.60 in chips)
Seat 3: kismespit ($65.10 in chips)
kismespit: posts small blind $1
TinaTurner72: posts big blind $3
*** HOLE CARDS ***
kismespit: raises $3 to $6
TinaTurner72: calls $3
*** FLOP *** [3s 2c 2s]
TinaTurner72: checks
kismespit: bets $3
TinaTurner72: raises $3 to $6
kismespit: calls $3
*** TURN *** [3s 2c 2s] [5s]
TinaTurner72: bets $6
kismespit: calls $6
*** RIVER *** [3s 2c 2s 5s] [9d]
TinaTurner72: bets $6
kismespit: calls $6
*** SHOW DOWN ***
TinaTurner72: shows [2d Jc] (three of a kind, Deuces)
kismespit: mucks hand
TinaTurner72 collected $47.50 from pot
*** SUMMARY ***
Total pot $48 | Rake $0.50
Board [3s 2c 2s 5s 9d]
Seat 1: TinaTurner72 (big blind) showed [2d Jc] and won ($47.50) with three of a kind, Deuces
Seat 3: kismespit (button) (small blind) mucked


PokerStars Hand #146999819623:  Hold'em Limit ($3/$6 USD) - 2016/01/13 19:42:06 ET
Table 'Volpecula' 6-max Seat #1 is the button
Seat 1: TinaTurner72 ($87.10 in chips)
Seat 3: kismespit ($41.10 in chips)
TinaTurner72: posts small blind $1
kismespit: posts big blind $3
*** HOLE CARDS ***
TinaTurner72: folds
Uncalled bet ($2) returned to kismespit
kismespit collected $2 from pot
*** SUMMARY ***
Total pot $2 | Rake $0
Seat 1: TinaTurner72 (button) (small blind) folded before Flop
Seat 3: kismespit (big blind) collected ($2)


PokerStars Hand #146999823315:  Hold'em Limit ($3/$6 USD) - 2016/01/13 19:42:12 ET
Table 'Volpecula' 6-max Seat #3 is the button
Seat 1: TinaTurner72 ($86.10 in chips)
Seat 3: kismespit ($42.10 in chips)
kismespit: posts small blind $1
TinaTurner72: posts big blind $3
*** HOLE CARDS ***
kismespit: raises $3 to $6
TinaTurner72: calls $3
*** FLOP *** [9h 7c 2d]
TinaTurner72: checks
kismespit: checks
*** TURN *** [9h 7c 2d] [Kh]
TinaTurner72: checks
kismespit: bets $6
TinaTurner72: folds
Uncalled bet ($6) returned to kismespit
kismespit collected $11.76 from pot
*** SUMMARY ***
Total pot $12 | Rake $0.24
Board [9h 7c 2d Kh]
Seat 1: TinaTurner72 (big blind) folded on the Turn
Seat 3: kismespit (button) (small blind) collected ($11.76)


