PokerStars Hand #148344027729:  Hold'em Limit ($3/$6 USD) - 2016/02/06 13:16:18 ET
Table 'Volpecula II' 2-max Seat #2 is the button
Seat 1: Azrarn ($120 in chips)
Seat 2: edpowers6969 ($30 in chips)
edpowers6969: posts small blind $1
Azrarn: posts big blind $3
*** HOLE CARDS ***
edpowers6969: calls $2
Azrarn: raises $3 to $6
edpowers6969: calls $3
*** FLOP *** [Kc 2s 9h]
Azrarn: bets $3
edpowers6969: folds
Uncalled bet ($3) returned to Azrarn
Azrarn collected $11.76 from pot
Azrarn: doesn't show hand
*** SUMMARY ***
Total pot $12 | Rake $0.24
Board [Kc 2s 9h]
Seat 1: Azrarn (big blind) collected ($11.76)
Seat 2: edpowers6969 (button) (small blind) folded on the Flop


PokerStars Hand #148344058430:  Hold'em Limit ($3/$6 USD) - 2016/02/06 13:16:50 ET
Table 'Volpecula II' 2-max Seat #1 is the button
Seat 1: Azrarn ($125.76 in chips)
Seat 2: edpowers6969 ($24 in chips)
Azrarn: posts small blind $1
edpowers6969: posts big blind $3
*** HOLE CARDS ***
Azrarn: raises $3 to $6
edpowers6969: calls $3
*** FLOP *** [Th 4d 5h]
edpowers6969: bets $3
Azrarn: calls $3
*** TURN *** [Th 4d 5h] [7s]
edpowers6969: bets $6
Azrarn: raises $6 to $12
edpowers6969: calls $6
*** RIVER *** [Th 4d 5h 7s] [5s]
edpowers6969: checks
Azrarn: bets $6
edpowers6969: folds
Uncalled bet ($6) returned to Azrarn
Azrarn collected $41.50 from pot
Azrarn: doesn't show hand
*** SUMMARY ***
Total pot $42 | Rake $0.50
Board [Th 4d 5h 7s 5s]
Seat 1: Azrarn (button) (small blind) collected ($41.50)
Seat 2: edpowers6969 (big blind) folded on the River


PokerStars Hand #148344098353:  Hold'em Limit ($3/$6 USD) - 2016/02/06 13:17:31 ET
Table 'Volpecula II' 2-max Seat #2 is the button
Seat 1: Azrarn ($146.26 in chips)
Seat 2: edpowers6969 ($3 in chips)
edpowers6969: posts small blind $1
Azrarn: posts big blind $3
*** HOLE CARDS ***
edpowers6969: calls $2 and is all-in
*** FLOP *** [7d 2h Kc]
*** TURN *** [7d 2h Kc] [6c]
*** RIVER *** [7d 2h Kc 6c] [7s]
*** SHOW DOWN ***
Azrarn: shows [9c 2c] (two pair, Sevens and Deuces)
edpowers6969: shows [7h Tc] (three of a kind, Sevens)
edpowers6969 collected $5.88 from pot
*** SUMMARY ***
Total pot $6 | Rake $0.12
Board [7d 2h Kc 6c 7s]
Seat 1: Azrarn (big blind) showed [9c 2c] and lost with two pair, Sevens and Deuces
Seat 2: edpowers6969 (button) (small blind) showed [7h Tc] and won ($5.88) with three of a kind, Sevens


PokerStars Hand #148344109982:  Hold'em Limit ($3/$6 USD) - 2016/02/06 13:17:43 ET
Table 'Volpecula II' 2-max Seat #1 is the button
Seat 1: Azrarn ($143.26 in chips)
Seat 2: edpowers6969 ($5.88 in chips)
Azrarn: posts small blind $1
edpowers6969: posts big blind $3
*** HOLE CARDS ***
Azrarn: raises $3 to $6
edpowers6969: calls $2.88 and is all-in
Uncalled bet ($0.12) returned to Azrarn
*** FLOP *** [3s 4s Qc]
*** TURN *** [3s 4s Qc] [Qh]
*** RIVER *** [3s 4s Qc Qh] [7c]
*** SHOW DOWN ***
edpowers6969: shows [8s 6s] (a pair of Queens)
Azrarn: shows [5h Jd] (a pair of Queens - Jack kicker)
Azrarn collected $11.52 from pot
*** SUMMARY ***
Total pot $11.76 | Rake $0.24
Board [3s 4s Qc Qh 7c]
Seat 1: Azrarn (button) (small blind) showed [5h Jd] and won ($11.52) with a pair of Queens
Seat 2: edpowers6969 (big blind) showed [8s 6s] and lost with a pair of Queens


PokerStars Hand #148344151576:  Hold'em Limit ($3/$6 USD) - 2016/02/06 13:18:25 ET
Table 'Volpecula II' 2-max Seat #1 is the button
Seat 1: Azrarn ($149.90 in chips)
Seat 2: edpowers6969 ($30.80 in chips)
Azrarn: posts small blind $1
edpowers6969: posts big blind $3
*** HOLE CARDS ***
Azrarn: raises $3 to $6
edpowers6969: calls $3
*** FLOP *** [3h Qc Ks]
edpowers6969: bets $3
Azrarn: calls $3
*** TURN *** [3h Qc Ks] [Qd]
edpowers6969: bets $6
Azrarn: raises $6 to $12
edpowers6969: folds
Uncalled bet ($6) returned to Azrarn
Azrarn collected $29.50 from pot
Azrarn: doesn't show hand
*** SUMMARY ***
Total pot $30 | Rake $0.50
Board [3h Qc Ks Qd]
Seat 1: Azrarn (button) (small blind) collected ($29.50)
Seat 2: edpowers6969 (big blind) folded on the Turn


PokerStars Hand #148344181563:  Hold'em Limit ($3/$6 USD) - 2016/02/06 13:18:57 ET
Table 'Volpecula II' 2-max Seat #2 is the button
Seat 1: Azrarn ($164.40 in chips)
Seat 2: edpowers6969 ($15.80 in chips)
edpowers6969: posts small blind $1
Azrarn: posts big blind $3
*** HOLE CARDS ***
edpowers6969: folds
Uncalled bet ($2) returned to Azrarn
Azrarn collected $2 from pot
Azrarn: doesn't show hand
*** SUMMARY ***
Total pot $2 | Rake $0
Seat 1: Azrarn (big blind) collected ($2)
Seat 2: edpowers6969 (button) (small blind) folded before Flop


PokerStars Hand #148344207242:  Hold'em Limit ($3/$6 USD) - 2016/02/06 13:19:23 ET
Table 'Volpecula II' 2-max Seat #2 is the button
Seat 1: Azrarn ($164.40 in chips)
Seat 2: edpowers6969 ($15.80 in chips)
edpowers6969: posts small blind $1
Azrarn: posts big blind $3
*** HOLE CARDS ***
edpowers6969: folds
Uncalled bet ($2) returned to Azrarn
Azrarn collected $2 from pot
Azrarn: doesn't show hand
*** SUMMARY ***
Total pot $2 | Rake $0
Seat 1: Azrarn (big blind) collected ($2)
Seat 2: edpowers6969 (button) (small blind) folded before Flop


PokerStars Hand #148344187146:  Hold'em Limit ($3/$6 USD) - 2016/02/06 13:19:02 ET
Table 'Volpecula II' 2-max Seat #1 is the button
Seat 1: Azrarn ($165.40 in chips)
Seat 2: edpowers6969 ($14.80 in chips)
Azrarn: posts small blind $1
edpowers6969: posts big blind $3
*** HOLE CARDS ***
Azrarn: folds
Uncalled bet ($2) returned to edpowers6969
edpowers6969 collected $2 from pot
edpowers6969: doesn't show hand
*** SUMMARY ***
Total pot $2 | Rake $0
Seat 1: Azrarn (button) (small blind) folded before Flop
Seat 2: edpowers6969 (big blind) collected ($2)


PokerStars Hand #148344212752:  Hold'em Limit ($3/$6 USD) - 2016/02/06 13:19:29 ET
Table 'Volpecula II' 2-max Seat #1 is the button
Seat 1: Azrarn ($165.40 in chips)
Seat 2: edpowers6969 ($14.80 in chips)
Azrarn: posts small blind $1
edpowers6969: posts big blind $3
*** HOLE CARDS ***
Azrarn: raises $3 to $6
edpowers6969: raises $3 to $9
Azrarn: calls $3
*** FLOP *** [2h 9h Jh]
edpowers6969: bets $3
Azrarn: folds
Uncalled bet ($3) returned to edpowers6969
edpowers6969 collected $17.64 from pot
edpowers6969: doesn't show hand
*** SUMMARY ***
Total pot $18 | Rake $0.36
Board [2h 9h Jh]
Seat 1: Azrarn (button) (small blind) folded on the Flop
Seat 2: edpowers6969 (big blind) collected ($17.64)


PokerStars Hand #148344247517:  Hold'em Limit ($3/$6 USD) - 2016/02/06 13:20:05 ET
Table 'Volpecula II' 2-max Seat #1 is the button
Seat 1: Azrarn ($157.40 in chips)
Seat 2: edpowers6969 ($22.44 in chips)
Azrarn: posts small blind $1
edpowers6969: posts big blind $3
*** HOLE CARDS ***
Azrarn: raises $3 to $6
edpowers6969: calls $3
*** FLOP *** [Qs 3s 9d]
edpowers6969: checks
Azrarn: bets $3
edpowers6969: calls $3
*** TURN *** [Qs 3s 9d] [8d]
edpowers6969: checks
Azrarn: bets $6
edpowers6969: calls $6
*** RIVER *** [Qs 3s 9d 8d] [Ah]
edpowers6969: checks
Azrarn: bets $6
edpowers6969: calls $6
*** SHOW DOWN ***
Azrarn: shows [7c 6d] (high card Ace)
edpowers6969: shows [2c Qd] (a pair of Queens)
edpowers6969 collected $41.50 from pot
*** SUMMARY ***
Total pot $42 | Rake $0.50
Board [Qs 3s 9d 8d Ah]
Seat 1: Azrarn (button) (small blind) showed [7c 6d] and lost with high card Ace
Seat 2: edpowers6969 (big blind) showed [2c Qd] and won ($41.50) with a pair of Queens


PokerStars Hand #148344317158:  Hold'em Limit ($3/$6 USD) - 2016/02/06 13:21:17 ET
Table 'Volpecula II' 2-max Seat #2 is the button
Seat 1: Azrarn ($136.40 in chips)
Seat 2: edpowers6969 ($42.94 in chips)
edpowers6969: posts small blind $1
Azrarn: posts big blind $3
*** HOLE CARDS ***
edpowers6969: calls $2
Azrarn: checks
*** FLOP *** [Qs Kc 8d]
Azrarn: bets $3
edpowers6969: calls $3
*** TURN *** [Qs Kc 8d] [4d]
Azrarn: checks
edpowers6969: bets $6
Azrarn: folds
Uncalled bet ($6) returned to edpowers6969
edpowers6969 collected $11.76 from pot
edpowers6969: doesn't show hand
*** SUMMARY ***
Total pot $12 | Rake $0.24
Board [Qs Kc 8d 4d]
Seat 1: Azrarn (big blind) folded on the Turn
Seat 2: edpowers6969 (button) (small blind) collected ($11.76)


PokerStars Hand #148344351249:  Hold'em Limit ($3/$6 USD) - 2016/02/06 13:21:53 ET
Table 'Volpecula II' 2-max Seat #1 is the button
Seat 1: Azrarn ($130.40 in chips)
Seat 2: edpowers6969 ($48.70 in chips)
Azrarn: posts small blind $1
edpowers6969: posts big blind $3
*** HOLE CARDS ***
Azrarn: raises $3 to $6
edpowers6969: calls $3
*** FLOP *** [Ac 3d 3s]
edpowers6969: checks
Azrarn: bets $3
edpowers6969: folds
Uncalled bet ($3) returned to Azrarn
Azrarn collected $11.76 from pot
Azrarn: doesn't show hand
*** SUMMARY ***
Total pot $12 | Rake $0.24
Board [Ac 3d 3s]
Seat 1: Azrarn (button) (small blind) collected ($11.76)
Seat 2: edpowers6969 (big blind) folded on the Flop


PokerStars Hand #148344413360:  Hold'em Limit ($3/$6 USD) - 2016/02/06 13:22:57 ET
Table 'Volpecula II' 2-max Seat #2 is the button
Seat 1: Azrarn ($136.16 in chips)
Seat 2: edpowers6969 ($42.70 in chips)
edpowers6969: posts small blind $1
Azrarn: posts big blind $3
*** HOLE CARDS ***
edpowers6969: calls $2
Azrarn: checks
*** FLOP *** [Th 8s 9c]
Azrarn: checks
edpowers6969: bets $3
Azrarn: folds
Uncalled bet ($3) returned to edpowers6969
edpowers6969 collected $5.88 from pot
edpowers6969: doesn't show hand
*** SUMMARY ***
Total pot $6 | Rake $0.12
Board [Th 8s 9c]
Seat 1: Azrarn (big blind) folded on the Flop
Seat 2: edpowers6969 (button) (small blind) collected ($5.88)


PokerStars Hand #148344440181:  Hold'em Limit ($3/$6 USD) - 2016/02/06 13:23:25 ET
Table 'Volpecula II' 2-max Seat #1 is the button
Seat 1: Azrarn ($133.16 in chips)
Seat 2: edpowers6969 ($45.58 in chips)
Azrarn: posts small blind $1
edpowers6969: posts big blind $3
*** HOLE CARDS ***
Azrarn: raises $3 to $6
edpowers6969: calls $3
*** FLOP *** [Ah 6h 5c]
edpowers6969: checks
Azrarn: bets $3
edpowers6969: calls $3
*** TURN *** [Ah 6h 5c] [3s]
edpowers6969: checks
Azrarn: bets $6
edpowers6969: calls $6
*** RIVER *** [Ah 6h 5c 3s] [2d]
edpowers6969: checks
Azrarn: bets $6
edpowers6969: calls $6
*** SHOW DOWN ***
Azrarn: shows [4h 6c] (a straight, Deuce to Six)
edpowers6969: mucks hand
Azrarn collected $41.50 from pot
*** SUMMARY ***
Total pot $42 | Rake $0.50
Board [Ah 6h 5c 3s 2d]
Seat 1: Azrarn (button) (small blind) showed [4h 6c] and won ($41.50) with a straight, Deuce to Six
Seat 2: edpowers6969 (big blind) mucked


PokerStars Hand #148344491443:  Hold'em Limit ($3/$6 USD) - 2016/02/06 13:24:18 ET
Table 'Volpecula II' 2-max Seat #2 is the button
Seat 1: Azrarn ($153.66 in chips)
Seat 2: edpowers6969 ($24.58 in chips)
edpowers6969: posts small blind $1
Azrarn: posts big blind $3
*** HOLE CARDS ***
edpowers6969: calls $2
Azrarn: checks
*** FLOP *** [8d Jc 4d]
Azrarn: checks
edpowers6969: checks
*** TURN *** [8d Jc 4d] [3d]
Azrarn: bets $6
edpowers6969: calls $6
*** RIVER *** [8d Jc 4d 3d] [Ts]
Azrarn: bets $6
edpowers6969: folds
Uncalled bet ($6) returned to Azrarn
Azrarn collected $17.64 from pot
Azrarn: doesn't show hand
*** SUMMARY ***
Total pot $18 | Rake $0.36
Board [8d Jc 4d 3d Ts]
Seat 1: Azrarn (big blind) collected ($17.64)
Seat 2: edpowers6969 (button) (small blind) folded on the River


PokerStars Hand #148344543297:  Hold'em Limit ($3/$6 USD) - 2016/02/06 13:25:13 ET
Table 'Volpecula II' 2-max Seat #1 is the button
Seat 1: Azrarn ($162.30 in chips)
Seat 2: edpowers6969 ($15.58 in chips)
Azrarn: posts small blind $1
edpowers6969: posts big blind $3
*** HOLE CARDS ***
Azrarn: raises $3 to $6
edpowers6969: calls $3
*** FLOP *** [6s 3h Qc]
edpowers6969: bets $3
Azrarn: calls $3
*** TURN *** [6s 3h Qc] [7s]
edpowers6969: bets $6
Azrarn: calls $6
*** RIVER *** [6s 3h Qc 7s] [4d]
edpowers6969: bets $0.58 and is all-in
Azrarn: calls $0.58
*** SHOW DOWN ***
edpowers6969: shows [Ks 5s] (a straight, Three to Seven)
Azrarn: shows [9c 8c] (high card Queen)
edpowers6969 collected $30.66 from pot
*** SUMMARY ***
Total pot $31.16 | Rake $0.50
Board [6s 3h Qc 7s 4d]
Seat 1: Azrarn (button) (small blind) showed [9c 8c] and lost with high card Queen
Seat 2: edpowers6969 (big blind) showed [Ks 5s] and won ($30.66) with a straight, Three to Seven


PokerStars Hand #148344571348:  Hold'em Limit ($3/$6 USD) - 2016/02/06 13:25:42 ET
Table 'Volpecula II' 2-max Seat #2 is the button
Seat 1: Azrarn ($146.72 in chips)
Seat 2: edpowers6969 ($30.66 in chips)
edpowers6969: posts small blind $1
Azrarn: posts big blind $3
*** HOLE CARDS ***
edpowers6969: folds
Uncalled bet ($2) returned to Azrarn
Azrarn collected $2 from pot
Azrarn: doesn't show hand
*** SUMMARY ***
Total pot $2 | Rake $0
Seat 1: Azrarn (big blind) collected ($2)
Seat 2: edpowers6969 (button) (small blind) folded before Flop


PokerStars Hand #148344579754:  Hold'em Limit ($3/$6 USD) - 2016/02/06 13:25:51 ET
Table 'Volpecula II' 2-max Seat #1 is the button
Seat 1: Azrarn ($147.72 in chips)
Seat 2: edpowers6969 ($29.66 in chips)
Azrarn: posts small blind $1
edpowers6969: posts big blind $3
*** HOLE CARDS ***
Azrarn: raises $3 to $6
edpowers6969: calls $3
*** FLOP *** [7d 7s Jd]
edpowers6969: checks
Azrarn: bets $3
edpowers6969: calls $3
*** TURN *** [7d 7s Jd] [8c]
edpowers6969: checks
Azrarn: bets $6
edpowers6969: calls $6
*** RIVER *** [7d 7s Jd 8c] [2c]
edpowers6969: checks
Azrarn: bets $6
edpowers6969: calls $6
*** SHOW DOWN ***
Azrarn: shows [Kh Ks] (two pair, Kings and Sevens)
edpowers6969: mucks hand
Azrarn collected $41.50 from pot
*** SUMMARY ***
Total pot $42 | Rake $0.50
Board [7d 7s Jd 8c 2c]
Seat 1: Azrarn (button) (small blind) showed [Kh Ks] and won ($41.50) with two pair, Kings and Sevens
Seat 2: edpowers6969 (big blind) mucked


PokerStars Hand #148344631686:  Hold'em Limit ($3/$6 USD) - 2016/02/06 13:26:45 ET
Table 'Volpecula II' 2-max Seat #2 is the button
Seat 1: Azrarn ($168.22 in chips)
Seat 2: edpowers6969 ($8.66 in chips)
edpowers6969: posts small blind $1
Azrarn: posts big blind $3
*** HOLE CARDS ***
edpowers6969: raises $3 to $6
Azrarn: folds
Uncalled bet ($3) returned to edpowers6969
edpowers6969 collected $6 from pot
edpowers6969: doesn't show hand
*** SUMMARY ***
Total pot $6 | Rake $0
Seat 1: Azrarn (big blind) folded before Flop
Seat 2: edpowers6969 (button) (small blind) collected ($6)


PokerStars Hand #148344647042:  Hold'em Limit ($3/$6 USD) - 2016/02/06 13:27:01 ET
Table 'Volpecula II' 2-max Seat #1 is the button
Seat 1: Azrarn ($165.22 in chips)
Seat 2: edpowers6969 ($11.66 in chips)
Azrarn: posts small blind $1
edpowers6969: posts big blind $3
*** HOLE CARDS ***
Azrarn: folds
Uncalled bet ($2) returned to edpowers6969
edpowers6969 collected $2 from pot
edpowers6969: doesn't show hand
*** SUMMARY ***
Total pot $2 | Rake $0
Seat 1: Azrarn (button) (small blind) folded before Flop
Seat 2: edpowers6969 (big blind) collected ($2)


PokerStars Hand #148344662135:  Hold'em Limit ($3/$6 USD) - 2016/02/06 13:27:17 ET
Table 'Volpecula II' 2-max Seat #2 is the button
Seat 1: Azrarn ($164.22 in chips)
Seat 2: edpowers6969 ($12.66 in chips)
edpowers6969: posts small blind $1
Azrarn: posts big blind $3
*** HOLE CARDS ***
edpowers6969: raises $3 to $6
Azrarn: raises $3 to $9
edpowers6969: calls $3
*** FLOP *** [6d 5h 5c]
Azrarn: bets $3
edpowers6969: raises $0.66 to $3.66 and is all-in
Azrarn: calls $0.66
*** TURN *** [6d 5h 5c] [8c]
*** RIVER *** [6d 5h 5c 8c] [Jh]
*** SHOW DOWN ***
Azrarn: shows [Ad Ks] (a pair of Fives)
edpowers6969: shows [8h 9c] (two pair, Eights and Fives)
edpowers6969 collected $24.82 from pot
*** SUMMARY ***
Total pot $25.32 | Rake $0.50
Board [6d 5h 5c 8c Jh]
Seat 1: Azrarn (big blind) showed [Ad Ks] and lost with a pair of Fives
Seat 2: edpowers6969 (button) (small blind) showed [8h 9c] and won ($24.82) with two pair, Eights and Fives


PokerStars Hand #148344681152:  Hold'em Limit ($3/$6 USD) - 2016/02/06 13:27:37 ET
Table 'Volpecula II' 2-max Seat #1 is the button
Seat 1: Azrarn ($151.56 in chips)
Seat 2: edpowers6969 ($24.82 in chips)
Azrarn: posts small blind $1
edpowers6969: posts big blind $3
*** HOLE CARDS ***
Azrarn: raises $3 to $6
edpowers6969: calls $3
*** FLOP *** [4d 9s 2c]
edpowers6969: checks
Azrarn: bets $3
edpowers6969: raises $3 to $6
Azrarn: calls $3
*** TURN *** [4d 9s 2c] [9h]
edpowers6969: checks
Azrarn: checks
*** RIVER *** [4d 9s 2c 9h] [Ad]
edpowers6969: bets $6
Azrarn: folds
Uncalled bet ($6) returned to edpowers6969
edpowers6969 collected $23.52 from pot
edpowers6969: doesn't show hand
*** SUMMARY ***
Total pot $24 | Rake $0.48
Board [4d 9s 2c 9h Ad]
Seat 1: Azrarn (button) (small blind) folded on the River
Seat 2: edpowers6969 (big blind) collected ($23.52)


PokerStars Hand #148344737843:  Hold'em Limit ($3/$6 USD) - 2016/02/06 13:28:36 ET
Table 'Volpecula II' 2-max Seat #2 is the button
Seat 1: Azrarn ($139.56 in chips)
Seat 2: edpowers6969 ($36.34 in chips)
edpowers6969: posts small blind $1
Azrarn: posts big blind $3
*** HOLE CARDS ***
edpowers6969: raises $3 to $6
Azrarn: calls $3
*** FLOP *** [3h 5h 3d]
Azrarn: checks
edpowers6969: bets $3
Azrarn: calls $3
*** TURN *** [3h 5h 3d] [Jd]
Azrarn: checks
edpowers6969: checks
*** RIVER *** [3h 5h 3d Jd] [Kh]
Azrarn: checks
edpowers6969: bets $6
Azrarn: folds
Uncalled bet ($6) returned to edpowers6969
edpowers6969 collected $17.64 from pot
edpowers6969: doesn't show hand
*** SUMMARY ***
Total pot $18 | Rake $0.36
Board [3h 5h 3d Jd Kh]
Seat 1: Azrarn (big blind) folded on the River
Seat 2: edpowers6969 (button) (small blind) collected ($17.64)


PokerStars Hand #148344780740:  Hold'em Limit ($3/$6 USD) - 2016/02/06 13:29:21 ET
Table 'Volpecula II' 2-max Seat #1 is the button
Seat 1: Azrarn ($130.56 in chips)
Seat 2: edpowers6969 ($44.98 in chips)
Azrarn: posts small blind $1
edpowers6969: posts big blind $3
*** HOLE CARDS ***
Azrarn: raises $3 to $6
edpowers6969: calls $3
*** FLOP *** [6s Ac 8h]
edpowers6969: bets $3
Azrarn: raises $3 to $6
edpowers6969: calls $3
*** TURN *** [6s Ac 8h] [Th]
edpowers6969: checks
Azrarn: checks
*** RIVER *** [6s Ac 8h Th] [Kc]
edpowers6969: bets $6
Azrarn: calls $6
*** SHOW DOWN ***
edpowers6969: shows [4s 7h] (high card Ace)
Azrarn: shows [5c 6d] (a pair of Sixes)
Azrarn collected $35.50 from pot
*** SUMMARY ***
Total pot $36 | Rake $0.50
Board [6s Ac 8h Th Kc]
Seat 1: Azrarn (button) (small blind) showed [5c 6d] and won ($35.50) with a pair of Sixes
Seat 2: edpowers6969 (big blind) showed [4s 7h] and lost with high card Ace


PokerStars Hand #148344804257:  Hold'em Limit ($3/$6 USD) - 2016/02/06 13:29:46 ET
Table 'Volpecula II' 2-max Seat #2 is the button
Seat 1: Azrarn ($148.06 in chips)
Seat 2: edpowers6969 ($26.98 in chips)
edpowers6969: posts small blind $1
Azrarn: posts big blind $3
*** HOLE CARDS ***
edpowers6969: raises $3 to $6
Azrarn: calls $3
*** FLOP *** [9h 3d 6d]
Azrarn: checks
edpowers6969: checks
*** TURN *** [9h 3d 6d] [7s]
Azrarn: checks
edpowers6969: checks
*** RIVER *** [9h 3d 6d 7s] [3s]
Azrarn: checks
edpowers6969: bets $6
Azrarn: calls $6
*** SHOW DOWN ***
edpowers6969: shows [As Jd] (a pair of Threes)
Azrarn: mucks hand
edpowers6969 collected $23.52 from pot
*** SUMMARY ***
Total pot $24 | Rake $0.48
Board [9h 3d 6d 7s 3s]
Seat 1: Azrarn (big blind) mucked
Seat 2: edpowers6969 (button) (small blind) showed [As Jd] and won ($23.52) with a pair of Threes


PokerStars Hand #148344908222:  Hold'em Limit ($3/$6 USD) - 2016/02/06 13:31:36 ET
Table 'Volpecula II' 2-max Seat #1 is the button
Seat 1: Azrarn ($100.06 in chips)
Seat 2: edpowers6969 ($73.50 in chips)
Azrarn: posts small blind $1
edpowers6969: posts big blind $3
*** HOLE CARDS ***
Azrarn: folds
Uncalled bet ($2) returned to edpowers6969
edpowers6969 collected $2 from pot
edpowers6969: doesn't show hand
*** SUMMARY ***
Total pot $2 | Rake $0
Seat 1: Azrarn (button) (small blind) folded before Flop
Seat 2: edpowers6969 (big blind) collected ($2)


PokerStars Hand #148344884098:  Hold'em Limit ($3/$6 USD) - 2016/02/06 13:31:10 ET
Table 'Volpecula II' 2-max Seat #2 is the button
Seat 1: Azrarn ($121.06 in chips)
Seat 2: edpowers6969 ($53 in chips)
edpowers6969: posts small blind $1
Azrarn: posts big blind $3
*** HOLE CARDS ***
edpowers6969: raises $3 to $6
Azrarn: calls $3
*** FLOP *** [Js 3s Ks]
Azrarn: checks
edpowers6969: bets $3
Azrarn: calls $3
*** TURN *** [Js 3s Ks] [Jd]
Azrarn: checks
edpowers6969: bets $6
Azrarn: calls $6
*** RIVER *** [Js 3s Ks Jd] [Kc]
Azrarn: checks
edpowers6969: bets $6
Azrarn: calls $6
*** SHOW DOWN ***
edpowers6969: shows [Kd Jh] (a full house, Kings full of Jacks)
Azrarn: mucks hand
edpowers6969 collected $41.50 from pot
*** SUMMARY ***
Total pot $42 | Rake $0.50
Board [Js 3s Ks Jd Kc]
Seat 1: Azrarn (big blind) mucked
Seat 2: edpowers6969 (button) (small blind) showed [Kd Jh] and won ($41.50) with a full house, Kings full of Jacks


PokerStars Hand #148344845380:  Hold'em Limit ($3/$6 USD) - 2016/02/06 13:30:29 ET
Table 'Volpecula II' 2-max Seat #1 is the button
Seat 1: Azrarn ($136.06 in chips)
Seat 2: edpowers6969 ($38.50 in chips)
Azrarn: posts small blind $1
edpowers6969: posts big blind $3
*** HOLE CARDS ***
Azrarn: raises $3 to $6
edpowers6969: calls $3
*** FLOP *** [8d 3d 8s]
edpowers6969: bets $3
Azrarn: calls $3
*** TURN *** [8d 3d 8s] [Qc]
edpowers6969: bets $6
Azrarn: calls $6
*** RIVER *** [8d 3d 8s Qc] [Ks]
edpowers6969: checks
Azrarn: checks
*** SHOW DOWN ***
edpowers6969: shows [Jd Qs] (two pair, Queens and Eights)
Azrarn: mucks hand
edpowers6969 collected $29.50 from pot
*** SUMMARY ***
Total pot $30 | Rake $0.50
Board [8d 3d 8s Qc Ks]
Seat 1: Azrarn (button) (small blind) mucked
Seat 2: edpowers6969 (big blind) showed [Jd Qs] and won ($29.50) with two pair, Queens and Eights


PokerStars Hand #148344932293:  Hold'em Limit ($3/$6 USD) - 2016/02/06 13:32:01 ET
Table 'Volpecula II' 2-max Seat #1 is the button
Seat 1: Azrarn ($104.82 in chips)
Seat 2: edpowers6969 ($68.50 in chips)
Azrarn: posts small blind $1
edpowers6969: posts big blind $3
*** HOLE CARDS ***
Azrarn: raises $3 to $6
edpowers6969: calls $3
*** FLOP *** [4c 8h Jh]
edpowers6969: checks
Azrarn: bets $3
edpowers6969: calls $3
*** TURN *** [4c 8h Jh] [Jd]
edpowers6969: bets $6
Azrarn: calls $6
*** RIVER *** [4c 8h Jh Jd] [6d]
edpowers6969: bets $6
Azrarn: calls $6
*** SHOW DOWN ***
edpowers6969: shows [8s 5c] (two pair, Jacks and Eights)
Azrarn: mucks hand
edpowers6969 collected $41.50 from pot
*** SUMMARY ***
Total pot $42 | Rake $0.50
Board [4c 8h Jh Jd 6d]
Seat 1: Azrarn (button) (small blind) mucked
Seat 2: edpowers6969 (big blind) showed [8s 5c] and won ($41.50) with two pair, Jacks and Eights


PokerStars Hand #148344912721:  Hold'em Limit ($3/$6 USD) - 2016/02/06 13:31:40 ET
Table 'Volpecula II' 2-max Seat #2 is the button
Seat 1: Azrarn ($99.06 in chips)
Seat 2: edpowers6969 ($74.50 in chips)
edpowers6969: posts small blind $1
Azrarn: posts big blind $3
*** HOLE CARDS ***
edpowers6969: calls $2
Azrarn: raises $3 to $6
edpowers6969: calls $3
*** FLOP *** [7h Ac Qs]
Azrarn: bets $3
edpowers6969: folds
Uncalled bet ($3) returned to Azrarn
Azrarn collected $11.76 from pot
Azrarn: doesn't show hand
*** SUMMARY ***
Total pot $12 | Rake $0.24
Board [7h Ac Qs]
Seat 1: Azrarn (big blind) collected ($11.76)
Seat 2: edpowers6969 (button) (small blind) folded on the Flop


PokerStars Hand #148344997804:  Hold'em Limit ($3/$6 USD) - 2016/02/06 13:33:09 ET
Table 'Volpecula II' 2-max Seat #1 is the button
Seat 1: Azrarn ($72 in chips)
Seat 2: edpowers6969 ($106.50 in chips)
Azrarn: posts small blind $1
edpowers6969: posts big blind $3
*** HOLE CARDS ***
Azrarn: raises $3 to $6
edpowers6969: calls $3
*** FLOP *** [4s 4d As]
edpowers6969: checks
Azrarn: checks
*** TURN *** [4s 4d As] [3s]
edpowers6969: bets $6
Azrarn: raises $6 to $12
edpowers6969: calls $6
*** RIVER *** [4s 4d As 3s] [6h]
edpowers6969: checks
Azrarn: bets $6
edpowers6969: calls $6
*** SHOW DOWN ***
Azrarn: shows [Ad Qh] (two pair, Aces and Fours)
edpowers6969: shows [4h 2d] (three of a kind, Fours)
edpowers6969 collected $47.50 from pot
*** SUMMARY ***
Total pot $48 | Rake $0.50
Board [4s 4d As 3s 6h]
Seat 1: Azrarn (button) (small blind) showed [Ad Qh] and lost with two pair, Aces and Fours
Seat 2: edpowers6969 (big blind) showed [4h 2d] and won ($47.50) with three of a kind, Fours


PokerStars Hand #148344967864:  Hold'em Limit ($3/$6 USD) - 2016/02/06 13:32:38 ET
Table 'Volpecula II' 2-max Seat #2 is the button
Seat 1: Azrarn ($83.82 in chips)
Seat 2: edpowers6969 ($89 in chips)
edpowers6969: posts small blind $1
Azrarn: posts big blind $3
*** HOLE CARDS ***
edpowers6969: raises $3 to $6
Azrarn: calls $3
*** FLOP *** [6c 9c Td]
Azrarn: checks
edpowers6969: bets $3
Azrarn: raises $3 to $6
edpowers6969: calls $3
*** TURN *** [6c 9c Td] [Kc]
Azrarn: checks
edpowers6969: bets $6
Azrarn: calls $6
*** RIVER *** [6c 9c Td Kc] [8h]
Azrarn: checks
edpowers6969: checks
*** SHOW DOWN ***
Azrarn: shows [5d Tc] (a pair of Tens)
edpowers6969: shows [Qs Ts] (a pair of Tens - King+Queen kicker)
edpowers6969 collected $35.50 from pot
*** SUMMARY ***
Total pot $36 | Rake $0.50
Board [6c 9c Td Kc 8h]
Seat 1: Azrarn (big blind) showed [5d Tc] and lost with a pair of Tens
Seat 2: edpowers6969 (button) (small blind) showed [Qs Ts] and won ($35.50) with a pair of Tens


PokerStars Hand #148345031409:  Hold'em Limit ($3/$6 USD) - 2016/02/06 13:33:44 ET
Table 'Volpecula II' 2-max Seat #2 is the button
Seat 1: Azrarn ($72 in chips)
Seat 2: edpowers6969 ($130 in chips)
edpowers6969: posts small blind $1
Azrarn: posts big blind $3
*** HOLE CARDS ***
edpowers6969: calls $2
Azrarn: raises $3 to $6
edpowers6969: calls $3
*** FLOP *** [8s Jh 3d]
Azrarn: checks
edpowers6969: bets $3
Azrarn: raises $3 to $6
edpowers6969: calls $3
*** TURN *** [8s Jh 3d] [6d]
Azrarn: checks
edpowers6969: bets $6
Azrarn: calls $6
*** RIVER *** [8s Jh 3d 6d] [Ks]
Azrarn: checks
edpowers6969: bets $6
Azrarn: raises $6 to $12
edpowers6969: folds
Uncalled bet ($6) returned to Azrarn
Azrarn collected $47.50 from pot
Azrarn: doesn't show hand
*** SUMMARY ***
Total pot $48 | Rake $0.50
Board [8s Jh 3d 6d Ks]
Seat 1: Azrarn (big blind) collected ($47.50)
Seat 2: edpowers6969 (button) (small blind) folded on the River


PokerStars Hand #148345136894:  Hold'em Limit ($3/$6 USD) - 2016/02/06 13:35:35 ET
Table 'Volpecula II' 2-max Seat #2 is the button
Seat 1: Azrarn ($116 in chips)
Seat 2: edpowers6969 ($85 in chips)
edpowers6969: posts small blind $1
Azrarn: posts big blind $3
*** HOLE CARDS ***
edpowers6969: calls $2
Azrarn: checks
*** FLOP *** [3h 2h Td]
Azrarn: checks
edpowers6969: bets $3
Azrarn: folds
Uncalled bet ($3) returned to edpowers6969
edpowers6969 collected $5.88 from pot
edpowers6969: doesn't show hand
*** SUMMARY ***
Total pot $6 | Rake $0.12
Board [3h 2h Td]
Seat 1: Azrarn (big blind) folded on the Flop
Seat 2: edpowers6969 (button) (small blind) collected ($5.88)


PokerStars Hand #148345093068:  Hold'em Limit ($3/$6 USD) - 2016/02/06 13:34:49 ET
Table 'Volpecula II' 2-max Seat #1 is the button
Seat 1: Azrarn ($95.50 in chips)
Seat 2: edpowers6969 ($106 in chips)
Azrarn: posts small blind $1
edpowers6969: posts big blind $3
*** HOLE CARDS ***
Azrarn: raises $3 to $6
edpowers6969: calls $3
*** FLOP *** [7s 2c Qc]
edpowers6969: bets $3
Azrarn: calls $3
*** TURN *** [7s 2c Qc] [Kd]
edpowers6969: checks
Azrarn: bets $6
edpowers6969: calls $6
*** RIVER *** [7s 2c Qc Kd] [4c]
edpowers6969: checks
Azrarn: bets $6
edpowers6969: calls $6
*** SHOW DOWN ***
Azrarn: shows [9c Kh] (a pair of Kings)
edpowers6969: mucks hand
Azrarn collected $41.50 from pot
*** SUMMARY ***
Total pot $42 | Rake $0.50
Board [7s 2c Qc Kd 4c]
Seat 1: Azrarn (button) (small blind) showed [9c Kh] and won ($41.50) with a pair of Kings
Seat 2: edpowers6969 (big blind) mucked


PokerStars Hand #148345173051:  Hold'em Limit ($3/$6 USD) - 2016/02/06 13:36:13 ET
Table 'Volpecula II' 2-max Seat #1 is the button
Seat 1: Azrarn ($105 in chips)
Seat 2: edpowers6969 ($95.52 in chips)
Azrarn: posts small blind $1
edpowers6969: posts big blind $3
*** HOLE CARDS ***
Azrarn: raises $3 to $6
edpowers6969: calls $3
*** FLOP *** [2d 2s 7s]
edpowers6969: checks
Azrarn: bets $3
edpowers6969: calls $3
*** TURN *** [2d 2s 7s] [9h]
edpowers6969: checks
Azrarn: bets $6
edpowers6969: calls $6
*** RIVER *** [2d 2s 7s 9h] [6c]
edpowers6969: checks
Azrarn: bets $6
edpowers6969: calls $6
*** SHOW DOWN ***
Azrarn: shows [5c Jc] (a pair of Deuces)
edpowers6969: shows [Ah 3d] (a pair of Deuces - Ace kicker)
edpowers6969 collected $41.50 from pot
*** SUMMARY ***
Total pot $42 | Rake $0.50
Board [2d 2s 7s 9h 6c]
Seat 1: Azrarn (button) (small blind) showed [5c Jc] and lost with a pair of Deuces
Seat 2: edpowers6969 (big blind) showed [Ah 3d] and won ($41.50) with a pair of Deuces


PokerStars Hand #148345167503:  Hold'em Limit ($3/$6 USD) - 2016/02/06 13:36:08 ET
Table 'Volpecula II' 2-max Seat #2 is the button
Seat 1: Azrarn ($104 in chips)
Seat 2: edpowers6969 ($96.52 in chips)
edpowers6969: posts small blind $1
Azrarn: posts big blind $3
*** HOLE CARDS ***
edpowers6969: folds
Uncalled bet ($2) returned to Azrarn
Azrarn collected $2 from pot
Azrarn: doesn't show hand
*** SUMMARY ***
Total pot $2 | Rake $0
Seat 1: Azrarn (big blind) collected ($2)
Seat 2: edpowers6969 (button) (small blind) folded before Flop


PokerStars Hand #148345155071:  Hold'em Limit ($3/$6 USD) - 2016/02/06 13:35:54 ET
Table 'Volpecula II' 2-max Seat #1 is the button
Seat 1: Azrarn ($113 in chips)
Seat 2: edpowers6969 ($87.88 in chips)
Azrarn: posts small blind $1
edpowers6969: posts big blind $3
*** HOLE CARDS ***
Azrarn: raises $3 to $6
edpowers6969: raises $3 to $9
Azrarn: calls $3
*** FLOP *** [Kc 8c 2s]
edpowers6969: bets $3
Azrarn: folds
Uncalled bet ($3) returned to edpowers6969
edpowers6969 collected $17.64 from pot
edpowers6969: doesn't show hand
*** SUMMARY ***
Total pot $18 | Rake $0.36
Board [Kc 8c 2s]
Seat 1: Azrarn (button) (small blind) folded on the Flop
Seat 2: edpowers6969 (big blind) collected ($17.64)


PokerStars Hand #148345231633:  Hold'em Limit ($3/$6 USD) - 2016/02/06 13:37:17 ET
Table 'Volpecula II' 2-max Seat #1 is the button
Seat 1: Azrarn ($107.50 in chips)
Seat 2: edpowers6969 ($92.02 in chips)
Azrarn: posts small blind $1
edpowers6969: posts big blind $3
*** HOLE CARDS ***
Azrarn: raises $3 to $6
edpowers6969: calls $3
*** FLOP *** [Qd 3h 8s]
edpowers6969: bets $3
Azrarn: calls $3
*** TURN *** [Qd 3h 8s] [Kd]
edpowers6969: checks
Azrarn: bets $6
edpowers6969: calls $6
*** RIVER *** [Qd 3h 8s Kd] [Kc]
edpowers6969: checks
Azrarn: checks
*** SHOW DOWN ***
edpowers6969: shows [8h Ac] (two pair, Kings and Eights)
Azrarn: mucks hand
edpowers6969 collected $29.50 from pot
*** SUMMARY ***
Total pot $30 | Rake $0.50
Board [Qd 3h 8s Kd Kc]
Seat 1: Azrarn (button) (small blind) mucked
Seat 2: edpowers6969 (big blind) showed [8h Ac] and won ($29.50) with two pair, Kings and Eights


PokerStars Hand #148345202032:  Hold'em Limit ($3/$6 USD) - 2016/02/06 13:36:44 ET
Table 'Volpecula II' 2-max Seat #2 is the button
Seat 1: Azrarn ($84 in chips)
Seat 2: edpowers6969 ($116.02 in chips)
edpowers6969: posts small blind $1
Azrarn: posts big blind $3
*** HOLE CARDS ***
edpowers6969: raises $3 to $6
Azrarn: calls $3
*** FLOP *** [Ad 5s Td]
Azrarn: checks
edpowers6969: bets $3
Azrarn: raises $3 to $6
edpowers6969: calls $3
*** TURN *** [Ad 5s Td] [2h]
Azrarn: bets $6
edpowers6969: calls $6
*** RIVER *** [Ad 5s Td 2h] [6d]
Azrarn: bets $6
edpowers6969: calls $6
*** SHOW DOWN ***
Azrarn: shows [Ah 7s] (a pair of Aces)
edpowers6969: mucks hand
Azrarn collected $47.50 from pot
*** SUMMARY ***
Total pot $48 | Rake $0.50
Board [Ad 5s Td 2h 6d]
Seat 1: Azrarn (big blind) showed [Ah 7s] and won ($47.50) with a pair of Aces
Seat 2: edpowers6969 (button) (small blind) mucked


PokerStars Hand #148345292293:  Hold'em Limit ($3/$6 USD) - 2016/02/06 13:38:22 ET
Table 'Volpecula II' 2-max Seat #1 is the button
Seat 1: Azrarn ($119 in chips)
Seat 2: edpowers6969 ($79.52 in chips)
Azrarn: posts small blind $1
edpowers6969: posts big blind $3
*** HOLE CARDS ***
Azrarn: raises $3 to $6
edpowers6969: calls $3
*** FLOP *** [Qs Jh Ts]
edpowers6969: checks
Azrarn: bets $3
edpowers6969: folds
Uncalled bet ($3) returned to Azrarn
Azrarn collected $11.76 from pot
Azrarn: doesn't show hand
*** SUMMARY ***
Total pot $12 | Rake $0.24
Board [Qs Jh Ts]
Seat 1: Azrarn (button) (small blind) collected ($11.76)
Seat 2: edpowers6969 (big blind) folded on the Flop


PokerStars Hand #148345263935:  Hold'em Limit ($3/$6 USD) - 2016/02/06 13:37:52 ET
Table 'Volpecula II' 2-max Seat #2 is the button
Seat 1: Azrarn ($92.50 in chips)
Seat 2: edpowers6969 ($106.52 in chips)
edpowers6969: posts small blind $1
Azrarn: posts big blind $3
*** HOLE CARDS ***
edpowers6969: raises $3 to $6
Azrarn: calls $3
*** FLOP *** [Th Ac Ks]
Azrarn: checks
edpowers6969: bets $3
Azrarn: calls $3
*** TURN *** [Th Ac Ks] [Kc]
Azrarn: checks
edpowers6969: bets $6
Azrarn: raises $6 to $12
edpowers6969: calls $6
*** RIVER *** [Th Ac Ks Kc] [4d]
Azrarn: bets $6
edpowers6969: calls $6
*** SHOW DOWN ***
Azrarn: shows [5s Kd] (three of a kind, Kings)
edpowers6969: mucks hand
Azrarn collected $53.50 from pot
*** SUMMARY ***
Total pot $54 | Rake $0.50
Board [Th Ac Ks Kc 4d]
Seat 1: Azrarn (big blind) showed [5s Kd] and won ($53.50) with three of a kind, Kings
Seat 2: edpowers6969 (button) (small blind) mucked


PokerStars Hand #148345341918:  Hold'em Limit ($3/$6 USD) - 2016/02/06 13:39:14 ET
Table 'Volpecula II' 2-max Seat #1 is the button
Seat 1: Azrarn ($112.76 in chips)
Seat 2: edpowers6969 ($85.04 in chips)
Azrarn: posts small blind $1
edpowers6969: posts big blind $3
*** HOLE CARDS ***
Azrarn: raises $3 to $6
edpowers6969: calls $3
*** FLOP *** [Qs 4s Jc]
edpowers6969: checks
Azrarn: bets $3
edpowers6969: calls $3
*** TURN *** [Qs 4s Jc] [Js]
edpowers6969: checks
Azrarn: bets $6
edpowers6969: calls $6
*** RIVER *** [Qs 4s Jc Js] [3s]
edpowers6969: bets $6
Azrarn: folds
Uncalled bet ($6) returned to edpowers6969
edpowers6969 collected $29.50 from pot
edpowers6969: doesn't show hand
*** SUMMARY ***
Total pot $30 | Rake $0.50
Board [Qs 4s Jc Js 3s]
Seat 1: Azrarn (button) (small blind) folded on the River
Seat 2: edpowers6969 (big blind) collected ($29.50)


PokerStars Hand #148345309718:  Hold'em Limit ($3/$6 USD) - 2016/02/06 13:38:40 ET
Table 'Volpecula II' 2-max Seat #2 is the button
Seat 1: Azrarn ($124.76 in chips)
Seat 2: edpowers6969 ($73.52 in chips)
edpowers6969: posts small blind $1
Azrarn: posts big blind $3
*** HOLE CARDS ***
edpowers6969: calls $2
Azrarn: checks
*** FLOP *** [3h 7c Jd]
Azrarn: bets $3
edpowers6969: calls $3
*** TURN *** [3h 7c Jd] [3d]
Azrarn: bets $6
edpowers6969: calls $6
*** RIVER *** [3h 7c Jd 3d] [2c]
Azrarn: checks
edpowers6969: checks
*** SHOW DOWN ***
Azrarn: shows [6h 4s] (a pair of Threes)
edpowers6969: shows [Ah Kd] (a pair of Threes - Ace kicker)
edpowers6969 collected $23.52 from pot
*** SUMMARY ***
Total pot $24 | Rake $0.48
Board [3h 7c Jd 3d 2c]
Seat 1: Azrarn (big blind) showed [6h 4s] and lost with a pair of Threes
Seat 2: edpowers6969 (button) (small blind) showed [Ah Kd] and won ($23.52) with a pair of Threes


PokerStars Hand #148345421922:  Hold'em Limit ($3/$6 USD) - 2016/02/06 13:40:39 ET
Table 'Volpecula II' 2-max Seat #1 is the button
Seat 1: Azrarn ($84.76 in chips)
Seat 2: edpowers6969 ($112.06 in chips)
Azrarn: posts small blind $1
edpowers6969: posts big blind $3
*** HOLE CARDS ***
Azrarn: raises $3 to $6
edpowers6969: folds
Uncalled bet ($3) returned to Azrarn
Azrarn collected $6 from pot
Azrarn: doesn't show hand
*** SUMMARY ***
Total pot $6 | Rake $0
Seat 1: Azrarn (button) (small blind) collected ($6)
Seat 2: edpowers6969 (big blind) folded before Flop


PokerStars Hand #148345408228:  Hold'em Limit ($3/$6 USD) - 2016/02/06 13:40:24 ET
Table 'Volpecula II' 2-max Seat #2 is the button
Seat 1: Azrarn ($87.76 in chips)
Seat 2: edpowers6969 ($109.18 in chips)
edpowers6969: posts small blind $1
Azrarn: posts big blind $3
*** HOLE CARDS ***
edpowers6969: calls $2
Azrarn: checks
*** FLOP *** [Js 7c 6h]
Azrarn: checks
edpowers6969: bets $3
Azrarn: folds
Uncalled bet ($3) returned to edpowers6969
edpowers6969 collected $5.88 from pot
edpowers6969: doesn't show hand
*** SUMMARY ***
Total pot $6 | Rake $0.12
Board [Js 7c 6h]
Seat 1: Azrarn (big blind) folded on the Flop
Seat 2: edpowers6969 (button) (small blind) collected ($5.88)


PokerStars Hand #148345401730:  Hold'em Limit ($3/$6 USD) - 2016/02/06 13:40:18 ET
Table 'Volpecula II' 2-max Seat #1 is the button
Seat 1: Azrarn ($88.76 in chips)
Seat 2: edpowers6969 ($108.18 in chips)
Azrarn: posts small blind $1
edpowers6969: posts big blind $3
*** HOLE CARDS ***
Azrarn: folds
Uncalled bet ($2) returned to edpowers6969
edpowers6969 collected $2 from pot
edpowers6969: doesn't show hand
*** SUMMARY ***
Total pot $2 | Rake $0
Seat 1: Azrarn (button) (small blind) folded before Flop
Seat 2: edpowers6969 (big blind) collected ($2)


PokerStars Hand #148345373456:  Hold'em Limit ($3/$6 USD) - 2016/02/06 13:39:48 ET
Table 'Volpecula II' 2-max Seat #2 is the button
Seat 1: Azrarn ($97.76 in chips)
Seat 2: edpowers6969 ($99.54 in chips)
edpowers6969: posts small blind $1
Azrarn: posts big blind $3
*** HOLE CARDS ***
edpowers6969: raises $3 to $6
Azrarn: calls $3
*** FLOP *** [7d 5s 7s]
Azrarn: checks
edpowers6969: bets $3
Azrarn: calls $3
*** TURN *** [7d 5s 7s] [2c]
Azrarn: checks
edpowers6969: bets $6
Azrarn: folds
Uncalled bet ($6) returned to edpowers6969
edpowers6969 collected $17.64 from pot
edpowers6969: doesn't show hand
*** SUMMARY ***
Total pot $18 | Rake $0.36
Board [7d 5s 7s 2c]
Seat 1: Azrarn (big blind) folded on the Turn
Seat 2: edpowers6969 (button) (small blind) collected ($17.64)


PokerStars Hand #148345456314:  Hold'em Limit ($3/$6 USD) - 2016/02/06 13:41:16 ET
Table 'Volpecula II' 2-max Seat #1 is the button
Seat 1: Azrarn ($111.26 in chips)
Seat 2: edpowers6969 ($85.06 in chips)
Azrarn: posts small blind $1
edpowers6969: posts big blind $3
*** HOLE CARDS ***
Azrarn: raises $3 to $6
edpowers6969: raises $3 to $9
Azrarn: calls $3
*** FLOP *** [Th 4d 4h]
edpowers6969: bets $3
Azrarn: calls $3
*** TURN *** [Th 4d 4h] [6h]
edpowers6969: bets $6
Azrarn: raises $6 to $12
edpowers6969: calls $6
*** RIVER *** [Th 4d 4h 6h] [9d]
edpowers6969: bets $6
Azrarn: raises $6 to $12
edpowers6969: raises $6 to $18
Azrarn: calls $6
*** SHOW DOWN ***
edpowers6969: shows [8c 7c] (a straight, Six to Ten)
Azrarn: shows [2h 8h] (a flush, Ten high)
Azrarn collected $83.50 from pot
*** SUMMARY ***
Total pot $84 | Rake $0.50
Board [Th 4d 4h 6h 9d]
Seat 1: Azrarn (button) (small blind) showed [2h 8h] and won ($83.50) with a flush, Ten high
Seat 2: edpowers6969 (big blind) showed [8c 7c] and lost with a straight, Six to Ten


PokerStars Hand #148345501300:  Hold'em Limit ($3/$6 USD) - 2016/02/06 13:42:05 ET
Table 'Volpecula II' 2-max Seat #1 is the button
Seat 1: Azrarn ($155.64 in chips)
Seat 2: edpowers6969 ($40.06 in chips)
Azrarn: posts small blind $1
edpowers6969: posts big blind $3
*** HOLE CARDS ***
Azrarn: raises $3 to $6
edpowers6969: raises $3 to $9
Azrarn: calls $3
*** FLOP *** [7d Js 4c]
edpowers6969: bets $3
Azrarn: calls $3
*** TURN *** [7d Js 4c] [As]
edpowers6969: bets $6
Azrarn: folds
Uncalled bet ($6) returned to edpowers6969
edpowers6969 collected $23.52 from pot
edpowers6969: doesn't show hand
*** SUMMARY ***
Total pot $24 | Rake $0.48
Board [7d Js 4c As]
Seat 1: Azrarn (button) (small blind) folded on the Turn
Seat 2: edpowers6969 (big blind) collected ($23.52)


PokerStars Hand #148345487223:  Hold'em Limit ($3/$6 USD) - 2016/02/06 13:41:50 ET
Table 'Volpecula II' 2-max Seat #2 is the button
Seat 1: Azrarn ($152.76 in chips)
Seat 2: edpowers6969 ($43.06 in chips)
edpowers6969: posts small blind $1
Azrarn: posts big blind $3
*** HOLE CARDS ***
edpowers6969: calls $2
Azrarn: checks
*** FLOP *** [2c 8d 3c]
Azrarn: bets $3
edpowers6969: folds
Uncalled bet ($3) returned to Azrarn
Azrarn collected $5.88 from pot
Azrarn: doesn't show hand
*** SUMMARY ***
Total pot $6 | Rake $0.12
Board [2c 8d 3c]
Seat 1: Azrarn (big blind) collected ($5.88)
Seat 2: edpowers6969 (button) (small blind) folded on the Flop


PokerStars Hand #148345587513:  Hold'em Limit ($3/$6 USD) - 2016/02/06 13:43:38 ET
Table 'Volpecula II' 2-max Seat #2 is the button
Seat 1: Azrarn ($113.64 in chips)
Seat 2: edpowers6969 ($80.72 in chips)
edpowers6969: posts small blind $1
Azrarn: posts big blind $3
*** HOLE CARDS ***
edpowers6969: raises $3 to $6
Azrarn: raises $3 to $9
edpowers6969: calls $3
*** FLOP *** [9s 7d Js]
Azrarn: bets $3
edpowers6969: folds
Uncalled bet ($3) returned to Azrarn
Azrarn collected $17.64 from pot
Azrarn: doesn't show hand
*** SUMMARY ***
Total pot $18 | Rake $0.36
Board [9s 7d Js]
Seat 1: Azrarn (big blind) collected ($17.64)
Seat 2: edpowers6969 (button) (small blind) folded on the Flop


PokerStars Hand #148345557153:  Hold'em Limit ($3/$6 USD) - 2016/02/06 13:43:05 ET
Table 'Volpecula II' 2-max Seat #1 is the button
Seat 1: Azrarn ($134.64 in chips)
Seat 2: edpowers6969 ($60.22 in chips)
Azrarn: posts small blind $1
edpowers6969: posts big blind $3
*** HOLE CARDS ***
Azrarn: raises $3 to $6
edpowers6969: calls $3
*** FLOP *** [6d 7s 5h]
edpowers6969: checks
Azrarn: bets $3
edpowers6969: calls $3
*** TURN *** [6d 7s 5h] [2c]
edpowers6969: bets $6
Azrarn: calls $6
*** RIVER *** [6d 7s 5h 2c] [Jc]
edpowers6969: bets $6
Azrarn: calls $6
*** SHOW DOWN ***
edpowers6969: shows [Qc 6s] (a pair of Sixes)
Azrarn: mucks hand
edpowers6969 collected $41.50 from pot
*** SUMMARY ***
Total pot $42 | Rake $0.50
Board [6d 7s 5h 2c Jc]
Seat 1: Azrarn (button) (small blind) mucked
Seat 2: edpowers6969 (big blind) showed [Qc 6s] and won ($41.50) with a pair of Sixes


PokerStars Hand #148345534224:  Hold'em Limit ($3/$6 USD) - 2016/02/06 13:42:40 ET
Table 'Volpecula II' 2-max Seat #2 is the button
Seat 1: Azrarn ($143.64 in chips)
Seat 2: edpowers6969 ($51.58 in chips)
edpowers6969: posts small blind $1
Azrarn: posts big blind $3
*** HOLE CARDS ***
edpowers6969: raises $3 to $6
Azrarn: calls $3
*** FLOP *** [4h 3h 3d]
Azrarn: checks
edpowers6969: bets $3
Azrarn: calls $3
*** TURN *** [4h 3h 3d] [7s]
Azrarn: checks
edpowers6969: checks
*** RIVER *** [4h 3h 3d 7s] [8s]
Azrarn: checks
edpowers6969: checks
*** SHOW DOWN ***
Azrarn: shows [5c Tc] (a pair of Threes)
edpowers6969: shows [9s As] (a pair of Threes - Ace kicker)
edpowers6969 collected $17.64 from pot
*** SUMMARY ***
Total pot $18 | Rake $0.36
Board [4h 3h 3d 7s 8s]
Seat 1: Azrarn (big blind) showed [5c Tc] and lost with a pair of Threes
Seat 2: edpowers6969 (button) (small blind) showed [9s As] and won ($17.64) with a pair of Threes


PokerStars Hand #148345620743:  Hold'em Limit ($3/$6 USD) - 2016/02/06 13:44:13 ET
Table 'Volpecula II' 2-max Seat #2 is the button
Seat 1: Azrarn ($110.28 in chips)
Seat 2: edpowers6969 ($83.24 in chips)
edpowers6969: posts small blind $1
Azrarn: posts big blind $3
*** HOLE CARDS ***
edpowers6969: calls $2
Azrarn: raises $3 to $6
edpowers6969: calls $3
*** FLOP *** [Ts 8d Tc]
Azrarn: bets $3
edpowers6969: folds
Uncalled bet ($3) returned to Azrarn
Azrarn collected $11.76 from pot
Azrarn: doesn't show hand
*** SUMMARY ***
Total pot $12 | Rake $0.24
Board [Ts 8d Tc]
Seat 1: Azrarn (big blind) collected ($11.76)
Seat 2: edpowers6969 (button) (small blind) folded on the Flop


PokerStars Hand #148345598221:  Hold'em Limit ($3/$6 USD) - 2016/02/06 13:43:49 ET
Table 'Volpecula II' 2-max Seat #1 is the button
Seat 1: Azrarn ($122.28 in chips)
Seat 2: edpowers6969 ($71.72 in chips)
Azrarn: posts small blind $1
edpowers6969: posts big blind $3
*** HOLE CARDS ***
Azrarn: raises $3 to $6
edpowers6969: raises $3 to $9
Azrarn: calls $3
*** FLOP *** [Ks 3s Ad]
edpowers6969: bets $3
Azrarn: calls $3
*** TURN *** [Ks 3s Ad] [Th]
edpowers6969: checks
Azrarn: checks
*** RIVER *** [Ks 3s Ad Th] [6h]
edpowers6969: checks
Azrarn: checks
*** SHOW DOWN ***
edpowers6969: shows [8c 8s] (a pair of Eights)
Azrarn: mucks hand
edpowers6969 collected $23.52 from pot
*** SUMMARY ***
Total pot $24 | Rake $0.48
Board [Ks 3s Ad Th 6h]
Seat 1: Azrarn (button) (small blind) mucked
Seat 2: edpowers6969 (big blind) showed [8c 8s] and won ($23.52) with a pair of Eights


PokerStars Hand #148345633684:  Hold'em Limit ($3/$6 USD) - 2016/02/06 13:44:27 ET
Table 'Volpecula II' 2-max Seat #1 is the button
Seat 1: Azrarn ($116.04 in chips)
Seat 2: edpowers6969 ($77.24 in chips)
Azrarn: posts small blind $1
edpowers6969: posts big blind $3
*** HOLE CARDS ***
Azrarn: raises $3 to $6
edpowers6969: raises $3 to $9
Azrarn: calls $3
*** FLOP *** [9h 5s 2h]
edpowers6969: bets $3
Azrarn: calls $3
*** TURN *** [9h 5s 2h] [3h]
edpowers6969: checks
Azrarn: bets $6
edpowers6969: calls $6
*** RIVER *** [9h 5s 2h 3h] [Td]
edpowers6969: checks
Azrarn: bets $6
edpowers6969: calls $6
*** SHOW DOWN ***
Azrarn: shows [4d 6d] (a straight, Deuce to Six)
edpowers6969: mucks hand
Azrarn collected $47.50 from pot
*** SUMMARY ***
Total pot $48 | Rake $0.50
Board [9h 5s 2h 3h Td]
Seat 1: Azrarn (button) (small blind) showed [4d 6d] and won ($47.50) with a straight, Deuce to Six
Seat 2: edpowers6969 (big blind) mucked


PokerStars Hand #148345764745:  Hold'em Limit ($3/$6 USD) - 2016/02/06 13:46:46 ET
Table 'Volpecula II' 2-max Seat #2 is the button
Seat 1: Azrarn ($171.54 in chips)
Seat 2: edpowers6969 ($20.24 in chips)
edpowers6969: posts small blind $1
Azrarn: posts big blind $3
*** HOLE CARDS ***
edpowers6969: raises $3 to $6
Azrarn: folds
Uncalled bet ($3) returned to edpowers6969
edpowers6969 collected $6 from pot
edpowers6969: doesn't show hand
*** SUMMARY ***
Total pot $6 | Rake $0
Seat 1: Azrarn (big blind) folded before Flop
Seat 2: edpowers6969 (button) (small blind) collected ($6)


PokerStars Hand #148345701197:  Hold'em Limit ($3/$6 USD) - 2016/02/06 13:45:39 ET
Table 'Volpecula II' 2-max Seat #2 is the button
Seat 1: Azrarn ($139.54 in chips)
Seat 2: edpowers6969 ($53.24 in chips)
edpowers6969: posts small blind $1
Azrarn: posts big blind $3
*** HOLE CARDS ***
edpowers6969: calls $2
Azrarn: raises $3 to $6
edpowers6969: calls $3
*** FLOP *** [6h Th 4c]
Azrarn: checks
edpowers6969: bets $3
Azrarn: raises $3 to $6
edpowers6969: calls $3
*** TURN *** [6h Th 4c] [2h]
Azrarn: bets $6
edpowers6969: calls $6
*** RIVER *** [6h Th 4c 2h] [8c]
Azrarn: checks
edpowers6969: checks
*** SHOW DOWN ***
Azrarn: shows [Ac 6d] (a pair of Sixes)
edpowers6969: mucks hand
Azrarn collected $35.50 from pot
*** SUMMARY ***
Total pot $36 | Rake $0.50
Board [6h Th 4c 2h 8c]
Seat 1: Azrarn (big blind) showed [Ac 6d] and won ($35.50) with a pair of Sixes
Seat 2: edpowers6969 (button) (small blind) mucked


PokerStars Hand #148345747495:  Hold'em Limit ($3/$6 USD) - 2016/02/06 13:46:28 ET
Table 'Volpecula II' 2-max Seat #1 is the button
Seat 1: Azrarn ($157.04 in chips)
Seat 2: edpowers6969 ($35.24 in chips)
Azrarn: posts small blind $1
edpowers6969: posts big blind $3
*** HOLE CARDS ***
Azrarn: raises $3 to $6
edpowers6969: calls $3
*** FLOP *** [2s Ks 7d]
edpowers6969: bets $3
Azrarn: calls $3
*** TURN *** [2s Ks 7d] [Td]
edpowers6969: bets $6
Azrarn: raises $6 to $12
edpowers6969: folds
Uncalled bet ($6) returned to Azrarn
Azrarn collected $29.50 from pot
Azrarn: doesn't show hand
*** SUMMARY ***
Total pot $30 | Rake $0.50
Board [2s Ks 7d Td]
Seat 1: Azrarn (button) (small blind) collected ($29.50)
Seat 2: edpowers6969 (big blind) folded on the Turn


PokerStars Hand #148345773025:  Hold'em Limit ($3/$6 USD) - 2016/02/06 13:46:55 ET
Table 'Volpecula II' 2-max Seat #1 is the button
Seat 1: Azrarn ($168.54 in chips)
Seat 2: edpowers6969 ($23.24 in chips)
Azrarn: posts small blind $1
edpowers6969: posts big blind $3
*** HOLE CARDS ***
Azrarn: raises $3 to $6
edpowers6969: calls $3
*** FLOP *** [As 9d Qh]
edpowers6969: checks
Azrarn: checks
*** TURN *** [As 9d Qh] [8c]
edpowers6969: checks
Azrarn: bets $6
edpowers6969: folds
Uncalled bet ($6) returned to Azrarn
Azrarn collected $11.76 from pot
Azrarn: doesn't show hand
*** SUMMARY ***
Total pot $12 | Rake $0.24
Board [As 9d Qh 8c]
Seat 1: Azrarn (button) (small blind) collected ($11.76)
Seat 2: edpowers6969 (big blind) folded on the Turn


PokerStars Hand #148345803664:  Hold'em Limit ($3/$6 USD) - 2016/02/06 13:47:27 ET
Table 'Volpecula II' 2-max Seat #2 is the button
Seat 1: Azrarn ($174.30 in chips)
Seat 2: edpowers6969 ($17.24 in chips)
edpowers6969: posts small blind $1
Azrarn: posts big blind $3
*** HOLE CARDS ***
edpowers6969: raises $3 to $6
Azrarn: raises $3 to $9
edpowers6969: calls $3
*** FLOP *** [Ks 2d 6d]
Azrarn: bets $3
edpowers6969: calls $3
*** TURN *** [Ks 2d 6d] [7s]
Azrarn: bets $6
edpowers6969: folds
Uncalled bet ($6) returned to Azrarn
Azrarn collected $23.52 from pot
Azrarn: doesn't show hand
*** SUMMARY ***
Total pot $24 | Rake $0.48
Board [Ks 2d 6d 7s]
Seat 1: Azrarn (big blind) collected ($23.52)
Seat 2: edpowers6969 (button) (small blind) folded on the Turn


PokerStars Hand #148345841727:  Hold'em Limit ($3/$6 USD) - 2016/02/06 13:48:08 ET
Table 'Volpecula II' 2-max Seat #1 is the button
Seat 1: Azrarn ($185.82 in chips)
Seat 2: edpowers6969 ($5.24 in chips)
Azrarn: posts small blind $1
edpowers6969: posts big blind $3
*** HOLE CARDS ***
Azrarn: raises $3 to $6
edpowers6969: calls $2.24 and is all-in
Uncalled bet ($0.76) returned to Azrarn
*** FLOP *** [Ks Qs 2c]
*** TURN *** [Ks Qs 2c] [9d]
*** RIVER *** [Ks Qs 2c 9d] [Ad]
*** SHOW DOWN ***
edpowers6969: shows [5h 7d] (high card Ace)
Azrarn: shows [Jd 6c] (high card Ace - King+Queen+Jack kicker)
Azrarn collected $10.27 from pot
edpowers6969 leaves the table
*** SUMMARY ***
Total pot $10.48 | Rake $0.21
Board [Ks Qs 2c 9d Ad]
Seat 1: Azrarn (button) (small blind) showed [Jd 6c] and won ($10.27) with high card Ace
Seat 2: edpowers6969 (big blind) showed [5h 7d] and lost with high card Ace


