PokerStars Hand #146012120635:  Hold'em Limit ($3/$6 USD) - 2015/12/27 13:21:56 ET
Table 'Vundtia' 6-max Seat #2 is the button
Seat 1: LWNS ($72.74 in chips)
Seat 2: Great_Kang ($120 in chips)
Great_Kang: posts small blind $1
PelonCabelao: is sitting out
LWNS: posts big blind $3
*** HOLE CARDS ***
Great_Kang: raises $3 to $6
LWNS: calls $3
*** FLOP *** [3d Qc 2h]
LWNS: checks
Great_Kang: bets $3
LWNS: calls $3
*** TURN *** [3d Qc 2h] [9h]
LWNS: checks
Great_Kang: checks
*** RIVER *** [3d Qc 2h 9h] [Ah]
LWNS: checks
Great_Kang: bets $6
LWNS: folds
Uncalled bet ($6) returned to Great_Kang
Great_Kang collected $17.64 from pot
Great_Kang: doesn't show hand
*** SUMMARY ***
Total pot $18 | Rake $0.36
Board [3d Qc 2h 9h Ah]
Seat 1: LWNS (big blind) folded on the River
Seat 2: Great_Kang (button) (small blind) collected ($17.64)


PokerStars Hand #146012153609:  Hold'em Limit ($3/$6 USD) - 2015/12/27 13:22:26 ET
Table 'Vundtia' 6-max Seat #1 is the button
Seat 1: LWNS ($63.74 in chips)
Seat 2: Great_Kang ($128.64 in chips)
LWNS: posts small blind $1
Great_Kang: posts big blind $3
*** HOLE CARDS ***
LWNS: raises $3 to $6
Great_Kang: calls $3
*** FLOP *** [2d 5c 3s]
Great_Kang: checks
LWNS: bets $3
Great_Kang: calls $3
*** TURN *** [2d 5c 3s] [3h]
Great_Kang: checks
LWNS: bets $6
Great_Kang: calls $6
*** RIVER *** [2d 5c 3s 3h] [Js]
Great_Kang: checks
LWNS: checks
*** SHOW DOWN ***
Great_Kang: shows [Jc Qh] (two pair, Jacks and Threes)
LWNS: mucks hand
Great_Kang collected $29.50 from pot
*** SUMMARY ***
Total pot $30 | Rake $0.50
Board [2d 5c 3s 3h Js]
Seat 1: LWNS (button) (small blind) mucked
Seat 2: Great_Kang (big blind) showed [Jc Qh] and won ($29.50) with two pair, Jacks and Threes


