PokerStars Hand #166946451373:  Hold'em Limit ($3/$6 USD) - 2017/03/01 8:10:06 ET
Table 'Vundtia' 6-max Seat #6 is the button
Seat 5: boogi ($93.72 in chips)
Seat 6: Grieserix ($113.61 in chips)
Grieserix: posts small blind $1
boogi: posts big blind $3
*** HOLE CARDS ***
Grieserix: folds
Uncalled bet ($2) returned to boogi
boogi collected $2 from pot
boogi: doesn't show hand
*** SUMMARY ***
Total pot $2 | Rake $0
Seat 5: boogi (big blind) collected ($2)
Seat 6: Grieserix (button) (small blind) folded before Flop


PokerStars Hand #166946437944:  Hold'em Limit ($3/$6 USD) - 2017/03/01 8:09:41 ET
Table 'Vundtia' 6-max Seat #5 is the button
Seat 5: boogi ($87.96 in chips)
Seat 6: Grieserix ($119.61 in chips)
boogi: posts small blind $1
Grieserix: posts big blind $3
*** HOLE CARDS ***
boogi: raises $3 to $6
Grieserix: calls $3
*** FLOP *** [Jd 7c 7d]
Grieserix: checks
boogi: checks
*** TURN *** [Jd 7c 7d] [4d]
B_loJkl leaves the table
Grieserix: checks
boogi: bets $6
B_loJkl joins the table at seat #1
Grieserix: folds
Uncalled bet ($6) returned to boogi
boogi collected $11.76 from pot
boogi: doesn't show hand
*** SUMMARY ***
Total pot $12 | Rake $0.24
Board [Jd 7c 7d 4d]
Seat 5: boogi (button) (small blind) collected ($11.76)
Seat 6: Grieserix (big blind) folded on the Turn


PokerStars Hand #166946435229:  Hold'em Limit ($3/$6 USD) - 2017/03/01 8:09:36 ET
Table 'Vundtia' 6-max Seat #6 is the button
Seat 5: boogi ($86.96 in chips)
Seat 6: Grieserix ($120.61 in chips)
Grieserix: posts small blind $1
B_loJkl: is sitting out
boogi: posts big blind $3
*** HOLE CARDS ***
Grieserix: folds
Uncalled bet ($2) returned to boogi
boogi collected $2 from pot
boogi: doesn't show hand
*** SUMMARY ***
Total pot $2 | Rake $0
Seat 5: boogi (big blind) collected ($2)
Seat 6: Grieserix (button) (small blind) folded before Flop


PokerStars Hand #166946486550:  Hold'em Limit ($3/$6 USD) - 2017/03/01 8:11:09 ET
Table 'Vundtia' 6-max Seat #6 is the button
Seat 5: boogi ($113.36 in chips)
Seat 6: Grieserix ($93.61 in chips)
Grieserix: posts small blind $1
boogi: posts big blind $3
*** HOLE CARDS ***
Grieserix: folds
Uncalled bet ($2) returned to boogi
boogi collected $2 from pot
boogi: doesn't show hand
Grieserix leaves the table
*** SUMMARY ***
Total pot $2 | Rake $0
Seat 5: boogi (big blind) collected ($2)
Seat 6: Grieserix (button) (small blind) folded before Flop


PokerStars Hand #166946482690:  Hold'em Limit ($3/$6 USD) - 2017/03/01 8:11:02 ET
Table 'Vundtia' 6-max Seat #5 is the button
Seat 5: boogi ($110.36 in chips)
Seat 6: Grieserix ($96.61 in chips)
boogi: posts small blind $1
Grieserix: posts big blind $3
*** HOLE CARDS ***
boogi: raises $3 to $6
Grieserix: folds
Uncalled bet ($3) returned to boogi
boogi collected $6 from pot
boogi: doesn't show hand
*** SUMMARY ***
Total pot $6 | Rake $0
Seat 5: boogi (button) (small blind) collected ($6)
Seat 6: Grieserix (big blind) folded before Flop


PokerStars Hand #166946458788:  Hold'em Limit ($3/$6 USD) - 2017/03/01 8:10:19 ET
Table 'Vundtia' 6-max Seat #6 is the button
Seat 5: boogi ($97.72 in chips)
Seat 6: Grieserix ($109.61 in chips)
Grieserix: posts small blind $1
boogi: posts big blind $3
*** HOLE CARDS ***
Grieserix: folds
Uncalled bet ($2) returned to boogi
boogi collected $2 from pot
boogi: doesn't show hand
*** SUMMARY ***
Total pot $2 | Rake $0
Seat 5: boogi (big blind) collected ($2)
Seat 6: Grieserix (button) (small blind) folded before Flop


PokerStars Hand #166946454117:  Hold'em Limit ($3/$6 USD) - 2017/03/01 8:10:11 ET
Table 'Vundtia' 6-max Seat #5 is the button
Seat 5: boogi ($94.72 in chips)
Seat 6: Grieserix ($112.61 in chips)
boogi: posts small blind $1
Grieserix: posts big blind $3
*** HOLE CARDS ***
boogi: raises $3 to $6
Grieserix: folds
Uncalled bet ($3) returned to boogi
boogi collected $6 from pot
boogi: doesn't show hand
*** SUMMARY ***
Total pot $6 | Rake $0
Seat 5: boogi (button) (small blind) collected ($6)
Seat 6: Grieserix (big blind) folded before Flop


PokerStars Hand #166946461740:  Hold'em Limit ($3/$6 USD) - 2017/03/01 8:10:24 ET
Table 'Vundtia' 6-max Seat #5 is the button
Seat 5: boogi ($98.72 in chips)
Seat 6: Grieserix ($108.61 in chips)
boogi: posts small blind $1
Grieserix: posts big blind $3
*** HOLE CARDS ***
boogi: raises $3 to $6
Grieserix: folds
Uncalled bet ($3) returned to boogi
boogi collected $6 from pot
boogi: doesn't show hand
*** SUMMARY ***
Total pot $6 | Rake $0
Seat 5: boogi (button) (small blind) collected ($6)
Seat 6: Grieserix (big blind) folded before Flop


PokerStars Hand #166946465581:  Hold'em Limit ($3/$6 USD) - 2017/03/01 8:10:31 ET
Table 'Vundtia' 6-max Seat #6 is the button
Seat 5: boogi ($101.72 in chips)
Seat 6: Grieserix ($105.61 in chips)
Grieserix: posts small blind $1
boogi: posts big blind $3
*** HOLE CARDS ***
Grieserix: calls $2
boogi: checks
*** FLOP *** [2s Ah 3d]
boogi: checks
Grieserix: checks
*** TURN *** [2s Ah 3d] [Jc]
boogi: bets $6
Grieserix: calls $6
*** RIVER *** [2s Ah 3d Jc] [Kd]
boogi: checks
Grieserix: checks
*** SHOW DOWN ***
boogi: shows [5c 3h] (a pair of Threes)
Grieserix: mucks hand
boogi collected $17.64 from pot
*** SUMMARY ***
Total pot $18 | Rake $0.36
Board [2s Ah 3d Jc Kd]
Seat 5: boogi (big blind) showed [5c 3h] and won ($17.64) with a pair of Threes
Seat 6: Grieserix (button) (small blind) mucked


