PokerStars Hand #168671274164:  Hold'em Limit ($3/$6 USD) - 2017/04/06 15:48:56 ET
Table 'Vundtia II' 6-max Seat #2 is the button
Seat 1: Agniosius ($377.81 in chips)
Seat 2: vestimokrec ($121 in chips)
vestimokrec: posts small blind $1
Agniosius: posts big blind $3
*** HOLE CARDS ***
vestimokrec: raises $3 to $6
Agniosius: calls $3
*** FLOP *** [5s 9h 9d]
Agniosius: checks
vestimokrec: bets $3
Agniosius: calls $3
*** TURN *** [5s 9h 9d] [Qh]
Agniosius: checks
vestimokrec: checks
*** RIVER *** [5s 9h 9d Qh] [7d]
Agniosius: bets $6
vestimokrec: folds
Uncalled bet ($6) returned to Agniosius
Agniosius collected $17.64 from pot
*** SUMMARY ***
Total pot $18 | Rake $0.36
Board [5s 9h 9d Qh 7d]
Seat 1: Agniosius (big blind) collected ($17.64)
Seat 2: vestimokrec (button) (small blind) folded on the River


PokerStars Hand #168671401444:  Hold'em Limit ($3/$6 USD) - 2017/04/06 15:51:16 ET
Table 'Vundtia II' 6-max Seat #2 is the button
Seat 1: Agniosius ($391.95 in chips)
Seat 2: vestimokrec ($105.76 in chips)
vestimokrec: posts small blind $1
Agniosius: posts big blind $3
*** HOLE CARDS ***
vestimokrec: folds
Uncalled bet ($2) returned to Agniosius
Agniosius collected $2 from pot
*** SUMMARY ***
Total pot $2 | Rake $0
Seat 1: Agniosius (big blind) collected ($2)
Seat 2: vestimokrec (button) (small blind) folded before Flop


PokerStars Hand #168671377686:  Hold'em Limit ($3/$6 USD) - 2017/04/06 15:50:50 ET
Table 'Vundtia II' 6-max Seat #1 is the button
Seat 1: Agniosius ($397.95 in chips)
Seat 2: vestimokrec ($100 in chips)
Agniosius: posts small blind $1
vestimokrec: posts big blind $3
*** HOLE CARDS ***
Agniosius: raises $3 to $6
vestimokrec: calls $3
*** FLOP *** [Qd 4c 5h]
vestimokrec: checks
Agniosius: checks
*** TURN *** [Qd 4c 5h] [8d]
vestimokrec: bets $6
Agniosius: folds
Uncalled bet ($6) returned to vestimokrec
vestimokrec collected $11.76 from pot
vestimokrec: doesn't show hand
*** SUMMARY ***
Total pot $12 | Rake $0.24
Board [Qd 4c 5h 8d]
Seat 1: Agniosius (button) (small blind) folded on the Turn
Seat 2: vestimokrec (big blind) collected ($11.76)


PokerStars Hand #168671372056:  Hold'em Limit ($3/$6 USD) - 2017/04/06 15:50:44 ET
Table 'Vundtia II' 6-max Seat #2 is the button
Seat 1: Agniosius ($400.95 in chips)
Seat 2: vestimokrec ($97 in chips)
vestimokrec: posts small blind $1
Agniosius: posts big blind $3
*** HOLE CARDS ***
vestimokrec: raises $3 to $6
Agniosius: folds
Uncalled bet ($3) returned to vestimokrec
vestimokrec collected $6 from pot
vestimokrec: doesn't show hand
*** SUMMARY ***
Total pot $6 | Rake $0
Seat 1: Agniosius (big blind) folded before Flop
Seat 2: vestimokrec (button) (small blind) collected ($6)


PokerStars Hand #168671333171:  Hold'em Limit ($3/$6 USD) - 2017/04/06 15:50:01 ET
Table 'Vundtia II' 6-max Seat #1 is the button
Seat 1: Agniosius ($386.45 in chips)
Seat 2: vestimokrec ($112 in chips)
Agniosius: posts small blind $1
vestimokrec: posts big blind $3
*** HOLE CARDS ***
Agniosius: calls $2
vestimokrec: raises $3 to $6
Agniosius: calls $3
*** FLOP *** [Ac 2c 5c]
vestimokrec: bets $3
Agniosius: calls $3
*** TURN *** [Ac 2c 5c] [9d]
vestimokrec: checks
Agniosius: bets $6
vestimokrec: calls $6
*** RIVER *** [Ac 2c 5c 9d] [4s]
vestimokrec: checks
Agniosius: checks
*** SHOW DOWN ***
vestimokrec: shows [Tc Jd] (high card Ace)
Agniosius: shows [6s 5s] (a pair of Fives)
Agniosius collected $29.50 from pot
*** SUMMARY ***
Total pot $30 | Rake $0.50
Board [Ac 2c 5c 9d 4s]
Seat 1: Agniosius (button) (small blind) showed [6s 5s] and won ($29.50) with a pair of Fives
Seat 2: vestimokrec (big blind) showed [Tc Jd] and lost with high card Ace


PokerStars Hand #168671411041:  Hold'em Limit ($3/$6 USD) - 2017/04/06 15:51:27 ET
Table 'Vundtia II' 6-max Seat #2 is the button
Seat 1: Agniosius ($391.95 in chips)
Seat 2: vestimokrec ($105.76 in chips)
vestimokrec: posts small blind $1
Agniosius: posts big blind $3
*** HOLE CARDS ***
vestimokrec: raises $3 to $6
Agniosius: calls $3
*** FLOP *** [9d 2h Js]
Agniosius: checks
vestimokrec: bets $3
Agniosius: calls $3
*** TURN *** [9d 2h Js] [5d]
Agniosius: checks
vestimokrec: bets $6
Agniosius: calls $6
*** RIVER *** [9d 2h Js 5d] [7d]
Agniosius: checks
vestimokrec: checks
*** SHOW DOWN ***
Agniosius: shows [3c Ad] (high card Ace)
vestimokrec: shows [Ts 5c] (a pair of Fives)
vestimokrec collected $29.50 from pot
*** SUMMARY ***
Total pot $30 | Rake $0.50
Board [9d 2h Js 5d 7d]
Seat 1: Agniosius (big blind) showed [3c Ad] and lost with high card Ace
Seat 2: vestimokrec (button) (small blind) showed [Ts 5c] and won ($29.50) with a pair of Fives


PokerStars Hand #168671406749:  Hold'em Limit ($3/$6 USD) - 2017/04/06 15:51:22 ET
Table 'Vundtia II' 6-max Seat #1 is the button
Seat 1: Agniosius ($392.95 in chips)
Seat 2: vestimokrec ($104.76 in chips)
Agniosius: posts small blind $1
vestimokrec: posts big blind $3
*** HOLE CARDS ***
Agniosius: folds
Uncalled bet ($2) returned to vestimokrec
vestimokrec collected $2 from pot
vestimokrec: doesn't show hand
*** SUMMARY ***
Total pot $2 | Rake $0
Seat 1: Agniosius (button) (small blind) folded before Flop
Seat 2: vestimokrec (big blind) collected ($2)


PokerStars Hand #168671447920:  Hold'em Limit ($3/$6 USD) - 2017/04/06 15:52:08 ET
Table 'Vundtia II' 6-max Seat #1 is the button
Seat 1: Agniosius ($376.95 in chips)
Seat 2: vestimokrec ($120.26 in chips)
Agniosius: posts small blind $1
vestimokrec: posts big blind $3
*** HOLE CARDS ***
Agniosius: raises $3 to $6
vestimokrec: calls $3
*** FLOP *** [9c Qh 2s]
vestimokrec: bets $3
Agniosius: calls $3
*** TURN *** [9c Qh 2s] [Kh]
vestimokrec: bets $6
Agniosius: raises $6 to $12
ToDaFelt joins the table at seat #3
vestimokrec: calls $6
*** RIVER *** [9c Qh 2s Kh] [5s]
vestimokrec: checks
Agniosius: bets $6
vestimokrec: calls $6
*** SHOW DOWN ***
Agniosius: shows [2h 2d] (three of a kind, Deuces)
vestimokrec: mucks hand
Agniosius collected $53.50 from pot
*** SUMMARY ***
Total pot $54 | Rake $0.50
Board [9c Qh 2s Kh 5s]
Seat 1: Agniosius (button) (small blind) showed [2h 2d] and won ($53.50) with three of a kind, Deuces
Seat 2: vestimokrec (big blind) mucked


PokerStars Hand #168671618162:  Hold'em Limit ($3/$6 USD) - 2017/04/06 15:55:16 ET
Table 'Vundtia II' 6-max Seat #3 is the button
Seat 2: vestimokrec ($87.26 in chips)
Seat 3: ToDaFelt ($78 in chips)
ToDaFelt: posts small blind $1
vestimokrec: posts big blind $3
*** HOLE CARDS ***
ToDaFelt: folds
Uncalled bet ($2) returned to vestimokrec
vestimokrec collected $2 from pot
vestimokrec: doesn't show hand
*** SUMMARY ***
Total pot $2 | Rake $0
Seat 2: vestimokrec (big blind) collected ($2)
Seat 3: ToDaFelt (button) (small blind) folded before Flop


