PokerStars Hand #152570813882:  Hold'em Limit ($3/$6 USD) - 2016/04/28 13:45:01 ET
Table 'Vundtia II' 6-max Seat #5 is the button
Seat 3: sawel888 ($276.15 in chips)
Seat 5: craaa ($140.50 in chips)
craaa: posts small blind $1
sawel888: posts big blind $3
*** HOLE CARDS ***
craaa: folds
Uncalled bet ($2) returned to sawel888
sawel888 collected $2 from pot
sawel888: doesn't show hand
*** SUMMARY ***
Total pot $2 | Rake $0
Seat 3: sawel888 (big blind) collected ($2)
Seat 5: craaa (button) (small blind) folded before Flop


PokerStars Hand #152570827880:  Hold'em Limit ($3/$6 USD) - 2016/04/28 13:45:18 ET
Table 'Vundtia II' 6-max Seat #5 is the button
Seat 3: sawel888 ($280.15 in chips)
Seat 5: craaa ($136.50 in chips)
craaa: posts small blind $1
sawel888: posts big blind $3
*** HOLE CARDS ***
craaa: raises $3 to $6
sawel888: calls $3
*** FLOP *** [9s Ac Ah]
sawel888: checks
assitoni joins the table at seat #4
craaa: bets $3
sawel888: folds
Uncalled bet ($3) returned to craaa
craaa collected $11.76 from pot
craaa: doesn't show hand
*** SUMMARY ***
Total pot $12 | Rake $0.24
Board [9s Ac Ah]
Seat 3: sawel888 (big blind) folded on the Flop
Seat 5: craaa (button) (small blind) collected ($11.76)


PokerStars Hand #152570817566:  Hold'em Limit ($3/$6 USD) - 2016/04/28 13:45:06 ET
Table 'Vundtia II' 6-max Seat #3 is the button
Seat 3: sawel888 ($277.15 in chips)
Seat 5: craaa ($139.50 in chips)
sawel888: posts small blind $1
craaa: posts big blind $3
*** HOLE CARDS ***
sawel888: raises $3 to $6
craaa: folds
Uncalled bet ($3) returned to sawel888
sawel888 collected $6 from pot
sawel888: doesn't show hand
*** SUMMARY ***
Total pot $6 | Rake $0
Seat 3: sawel888 (button) (small blind) collected ($6)
Seat 5: craaa (big blind) folded before Flop


PokerStars Hand #152576186117:  Hold'em Limit ($3/$6 USD) - 2016/04/28 15:28:58 ET
Table 'Vundtia II' 6-max Seat #6 is the button
Seat 5: ZinnurovZak ($178.43 in chips)
Seat 6: Chessnok ($181.89 in chips)
Chessnok: posts small blind $1
storpecka: is sitting out
ZinnurovZak: posts big blind $3
*** HOLE CARDS ***
Chessnok: raises $3 to $6
ZinnurovZak: folds
Uncalled bet ($3) returned to Chessnok
Chessnok collected $6 from pot
Chessnok: doesn't show hand
*** SUMMARY ***
Total pot $6 | Rake $0
Seat 5: ZinnurovZak (big blind) folded before Flop
Seat 6: Chessnok (button) (small blind) collected ($6)


PokerStars Hand #152576203000:  Hold'em Limit ($3/$6 USD) - 2016/04/28 15:29:17 ET
Table 'Vundtia II' 6-max Seat #5 is the button
Seat 2: storpecka ($456.46 in chips)
Seat 5: ZinnurovZak ($175.43 in chips)
ZinnurovZak: posts small blind $1
storpecka: posts big blind $3
*** HOLE CARDS ***
ZinnurovZak: folds
Uncalled bet ($2) returned to storpecka
storpecka collected $2 from pot
storpecka: doesn't show hand
*** SUMMARY ***
Total pot $2 | Rake $0
Seat 2: storpecka (big blind) collected ($2)
Seat 5: ZinnurovZak (button) (small blind) folded before Flop


PokerStars Hand #152576208767:  Hold'em Limit ($3/$6 USD) - 2016/04/28 15:29:23 ET
Table 'Vundtia II' 6-max Seat #2 is the button
Seat 2: storpecka ($457.46 in chips)
Seat 5: ZinnurovZak ($174.43 in chips)
storpecka: posts small blind $1
ZinnurovZak: posts big blind $3
*** HOLE CARDS ***
storpecka: raises $3 to $6
ZinnurovZak: raises $3 to $9
storpecka: calls $3
*** FLOP *** [Qc 9c 8d]
ZinnurovZak: bets $3
Chessnok joins the table at seat #4
storpecka: folds
Uncalled bet ($3) returned to ZinnurovZak
ZinnurovZak collected $17.64 from pot
ZinnurovZak: doesn't show hand
*** SUMMARY ***
Total pot $18 | Rake $0.36
Board [Qc 9c 8d]
Seat 2: storpecka (button) (small blind) folded on the Flop
Seat 5: ZinnurovZak (big blind) collected ($17.64)


PokerStars Hand #152579744681:  Hold'em Limit ($3/$6 USD) - 2016/04/28 16:34:08 ET
Table 'Vundtia II' 6-max Seat #6 is the button
Seat 2: krytalex ($72 in chips)
Seat 6: syriapoker ($131.71 in chips)
syriapoker: posts small blind $1
krytalex: posts big blind $3
*** HOLE CARDS ***
sawel888 joins the table at seat #5
syriapoker: folds
Uncalled bet ($2) returned to krytalex
krytalex collected $2 from pot
*** SUMMARY ***
Total pot $2 | Rake $0
Seat 2: krytalex (big blind) collected ($2)
Seat 6: syriapoker (button) (small blind) folded before Flop


PokerStars Hand #152581438621:  Hold'em Limit ($3/$6 USD) - 2016/04/28 17:06:20 ET
Table 'Vundtia II' 6-max Seat #5 is the button
Seat 2: golas 1 ($651.78 in chips)
Seat 5: Kusk1 ($157.24 in chips)
Kusk1: posts small blind $1
ValeryRon: is sitting out
golas 1: posts big blind $3
*** HOLE CARDS ***
Kusk1: raises $3 to $6
golas 1: folds
Uncalled bet ($3) returned to Kusk1
ValeryRon leaves the table
Kusk1 collected $6 from pot
Kusk1: doesn't show hand
*** SUMMARY ***
Total pot $6 | Rake $0
Seat 2: golas 1 (big blind) folded before Flop
Seat 5: Kusk1 (button) (small blind) collected ($6)


PokerStars Hand #152581443670:  Hold'em Limit ($3/$6 USD) - 2016/04/28 17:06:26 ET
Table 'Vundtia II' 6-max Seat #2 is the button
Seat 2: golas 1 ($648.78 in chips)
Seat 5: Kusk1 ($160.24 in chips)
golas 1: posts small blind $1
Kusk1: posts big blind $3
*** HOLE CARDS ***
golas 1: raises $3 to $6
Kusk1: calls $3
*** FLOP *** [Qc Js 5d]
Kusk1: checks
golas 1: checks
*** TURN *** [Qc Js 5d] [9c]
Kusk1: checks
golas 1: checks
*** RIVER *** [Qc Js 5d 9c] [Kh]
Kusk1: checks
golas 1: checks
*** SHOW DOWN ***
Kusk1: shows [8d 8h] (a pair of Eights)
golas 1: mucks hand
Kusk1 collected $11.76 from pot
*** SUMMARY ***
Total pot $12 | Rake $0.24
Board [Qc Js 5d 9c Kh]
Seat 2: golas 1 (button) (small blind) mucked
Seat 5: Kusk1 (big blind) showed [8d 8h] and won ($11.76) with a pair of Eights


PokerStars Hand #152581479216:  Hold'em Limit ($3/$6 USD) - 2016/04/28 17:07:06 ET
Table 'Vundtia II' 6-max Seat #5 is the button
Seat 5: Kusk1 ($166 in chips)
Seat 6: belik555 ($72 in chips)
Kusk1: posts small blind $1
belik555: posts big blind $3
*** HOLE CARDS ***
Kusk1: folds
Uncalled bet ($2) returned to belik555
belik555 collected $2 from pot
belik555: doesn't show hand
*** SUMMARY ***
Total pot $2 | Rake $0
Seat 5: Kusk1 (button) (small blind) folded before Flop
Seat 6: belik555 (big blind) collected ($2)


PokerStars Hand #152581527665:  Hold'em Limit ($3/$6 USD) - 2016/04/28 17:08:00 ET
Table 'Vundtia II' 6-max Seat #5 is the button
Seat 5: Kusk1 ($159 in chips)
Seat 6: belik555 ($78.76 in chips)
Kusk1: posts small blind $1
belik555: posts big blind $3
*** HOLE CARDS ***
Kusk1: raises $3 to $6
belik555: calls $3
*** FLOP *** [Jd Ac As]
belik555: checks
Kusk1: checks
*** TURN *** [Jd Ac As] [2s]
belik555: checks
Kusk1: checks
*** RIVER *** [Jd Ac As 2s] [Ah]
belik555: bets $6
Kusk1: calls $6
*** SHOW DOWN ***
belik555: shows [6h Jc] (a full house, Aces full of Jacks)
Kusk1: mucks hand
belik555 collected $23.52 from pot
*** SUMMARY ***
Total pot $24 | Rake $0.48
Board [Jd Ac As 2s Ah]
Seat 5: Kusk1 (button) (small blind) mucked
Seat 6: belik555 (big blind) showed [6h Jc] and won ($23.52) with a full house, Aces full of Jacks


PokerStars Hand #152581488897:  Hold'em Limit ($3/$6 USD) - 2016/04/28 17:07:17 ET
Table 'Vundtia II' 6-max Seat #6 is the button
Seat 5: Kusk1 ($165 in chips)
Seat 6: belik555 ($73 in chips)
belik555: posts small blind $1
Kusk1: posts big blind $3
*** HOLE CARDS ***
belik555: raises $3 to $6
Kusk1: calls $3
*** FLOP *** [4d Jc Jh]
Kusk1: checks
belik555: bets $3
Kusk1: folds
Uncalled bet ($3) returned to belik555
belik555 collected $11.76 from pot
belik555: doesn't show hand
*** SUMMARY ***
Total pot $12 | Rake $0.24
Board [4d Jc Jh]
Seat 5: Kusk1 (big blind) folded on the Flop
Seat 6: belik555 (button) (small blind) collected ($11.76)


PokerStars Hand #152581595770:  Hold'em Limit ($3/$6 USD) - 2016/04/28 17:09:11 ET
Table 'Vundtia II' 6-max Seat #6 is the button
Seat 5: Kusk1 ($140 in chips)
Seat 6: belik555 ($97.04 in chips)
belik555: posts small blind $1
Kusk1: posts big blind $3
*** HOLE CARDS ***
belik555: raises $3 to $6
Kusk1: calls $3
*** FLOP *** [5s Ts 2h]
Kusk1: bets $3
belik555: calls $3
*** TURN *** [5s Ts 2h] [9h]
Kusk1: bets $6
belik555: calls $6
*** RIVER *** [5s Ts 2h 9h] [8c]
Kusk1: checks
belik555: bets $6
Kusk1: folds
Uncalled bet ($6) returned to belik555
belik555 collected $29.50 from pot
belik555: doesn't show hand
*** SUMMARY ***
Total pot $30 | Rake $0.50
Board [5s Ts 2h 9h 8c]
Seat 5: Kusk1 (big blind) folded on the River
Seat 6: belik555 (button) (small blind) collected ($29.50)


PokerStars Hand #152581591581:  Hold'em Limit ($3/$6 USD) - 2016/04/28 17:09:06 ET
Table 'Vundtia II' 6-max Seat #5 is the button
Seat 5: Kusk1 ($141 in chips)
Seat 6: belik555 ($96.04 in chips)
Kusk1: posts small blind $1
belik555: posts big blind $3
*** HOLE CARDS ***
Kusk1: folds
Uncalled bet ($2) returned to belik555
belik555 collected $2 from pot
belik555: doesn't show hand
*** SUMMARY ***
Total pot $2 | Rake $0
Seat 5: Kusk1 (button) (small blind) folded before Flop
Seat 6: belik555 (big blind) collected ($2)


PokerStars Hand #152581560893:  Hold'em Limit ($3/$6 USD) - 2016/04/28 17:08:30 ET
Table 'Vundtia II' 6-max Seat #6 is the button
Seat 5: Kusk1 ($147 in chips)
Seat 6: belik555 ($90.28 in chips)
belik555: posts small blind $1
Kusk1: posts big blind $3
*** HOLE CARDS ***
belik555: raises $3 to $6
Kusk1: calls $3
*** FLOP *** [As Js 7d]
Kusk1: checks
belik555: bets $3
Kusk1: folds
Uncalled bet ($3) returned to belik555
belik555 collected $11.76 from pot
belik555: doesn't show hand
*** SUMMARY ***
Total pot $12 | Rake $0.24
Board [As Js 7d]
Seat 5: Kusk1 (big blind) folded on the Flop
Seat 6: belik555 (button) (small blind) collected ($11.76)


PokerStars Hand #152581631727:  Hold'em Limit ($3/$6 USD) - 2016/04/28 17:09:52 ET
Table 'Vundtia II' 6-max Seat #5 is the button
Seat 5: Kusk1 ($125 in chips)
Seat 6: belik555 ($111.54 in chips)
Kusk1: posts small blind $1
belik555: posts big blind $3
*** HOLE CARDS ***
Kusk1: folds
Uncalled bet ($2) returned to belik555
belik555 collected $2 from pot
belik555: doesn't show hand
*** SUMMARY ***
Total pot $2 | Rake $0
Seat 5: Kusk1 (button) (small blind) folded before Flop
Seat 6: belik555 (big blind) collected ($2)


