PokerStars Hand #149965797760:  Hold'em Limit ($3/$6 USD) - 2016/03/06 23:21:37 ET
Table 'Vundtia' 6-max Seat #6 is the button
Seat 1: muckding ($137.52 in chips)
Seat 6: JayEm82 ($175.87 in chips)
JayEm82: posts small blind $1
muckding: posts big blind $3
*** HOLE CARDS ***
JayEm82: raises $3 to $6
muckding: calls $3
*** FLOP *** [2d 2h Td]
wind722 leaves the table
muckding: checks
JayEm82: bets $3
muckding: calls $3
*** TURN *** [2d 2h Td] [5s]
muckding: checks
JayEm82: bets $6
muckding: calls $6
*** RIVER *** [2d 2h Td 5s] [4d]
muckding: checks
JayEm82: bets $6
muckding: calls $6
*** SHOW DOWN ***
JayEm82: shows [As 2s] (three of a kind, Deuces)
muckding: mucks hand
JayEm82 collected $41.50 from pot
*** SUMMARY ***
Total pot $42 | Rake $0.50
Board [2d 2h Td 5s 4d]
Seat 1: muckding (big blind) mucked
Seat 6: JayEm82 (button) (small blind) showed [As 2s] and won ($41.50) with three of a kind, Deuces


PokerStars Hand #149965805656:  Hold'em Limit ($3/$6 USD) - 2016/03/06 23:22:05 ET
Table 'Vundtia' 6-max Seat #1 is the button
Seat 1: muckding ($116.52 in chips)
Seat 6: JayEm82 ($196.37 in chips)
muckding: posts small blind $1
JayEm82: posts big blind $3
*** HOLE CARDS ***
muckding: raises $3 to $6
JayEm82: calls $3
*** FLOP *** [6s 5d 8s]
JayEm82: checks
muckding: bets $3
JayEm82: raises $3 to $6
muckding: calls $3
*** TURN *** [6s 5d 8s] [Ac]
JayEm82: bets $6
muckding: folds
Uncalled bet ($6) returned to JayEm82
JayEm82 collected $23.52 from pot
JayEm82: doesn't show hand
*** SUMMARY ***
Total pot $24 | Rake $0.48
Board [6s 5d 8s Ac]
Seat 1: muckding (button) (small blind) folded on the Turn
Seat 6: JayEm82 (big blind) collected ($23.52)


PokerStars Hand #149965810304:  Hold'em Limit ($3/$6 USD) - 2016/03/06 23:22:22 ET
Table 'Vundtia' 6-max Seat #6 is the button
Seat 1: muckding ($104.52 in chips)
Seat 6: JayEm82 ($207.89 in chips)
JayEm82: posts small blind $1
muckding: posts big blind $3
*** HOLE CARDS ***
JayEm82: raises $3 to $6
muckding: raises $3 to $9
JayEm82: calls $3
*** FLOP *** [Ks 8h 6h]
muckding: bets $3
JayEm82: raises $3 to $6
muckding: calls $3
*** TURN *** [Ks 8h 6h] [3d]
muckding: checks
JayEm82: checks
*** RIVER *** [Ks 8h 6h 3d] [9c]
muckding: checks
JayEm82: checks
*** SHOW DOWN ***
muckding: shows [Th Jc] (high card King)
JayEm82: shows [Ts Js] (high card King)
muckding collected $14.75 from pot
JayEm82 collected $14.75 from pot
*** SUMMARY ***
Total pot $30 | Rake $0.50
Board [Ks 8h 6h 3d 9c]
Seat 1: muckding (big blind) showed [Th Jc] and won ($14.75) with high card King
Seat 6: JayEm82 (button) (small blind) showed [Ts Js] and won ($14.75) with high card King


PokerStars Hand #149965819053:  Hold'em Limit ($3/$6 USD) - 2016/03/06 23:22:54 ET
Table 'Vundtia' 6-max Seat #1 is the button
Seat 1: muckding ($104.27 in chips)
Seat 6: JayEm82 ($207.64 in chips)
muckding: posts small blind $1
JayEm82: posts big blind $3
*** HOLE CARDS ***
muckding: raises $3 to $6
JayEm82: calls $3
*** FLOP *** [Qc 7h Th]
JayEm82: checks
muckding: bets $3
JayEm82: calls $3
*** TURN *** [Qc 7h Th] [Ah]
JayEm82: checks
muckding: bets $6
JayEm82: calls $6
*** RIVER *** [Qc 7h Th Ah] [5s]
JayEm82: checks
muckding: bets $6
JayEm82: calls $6
*** SHOW DOWN ***
muckding: shows [9h Ac] (a pair of Aces)
JayEm82: mucks hand
muckding collected $41.50 from pot
*** SUMMARY ***
Total pot $42 | Rake $0.50
Board [Qc 7h Th Ah 5s]
Seat 1: muckding (button) (small blind) showed [9h Ac] and won ($41.50) with a pair of Aces
Seat 6: JayEm82 (big blind) mucked


PokerStars Hand #149965828567:  Hold'em Limit ($3/$6 USD) - 2016/03/06 23:23:28 ET
Table 'Vundtia' 6-max Seat #6 is the button
Seat 1: muckding ($124.77 in chips)
Seat 6: JayEm82 ($186.64 in chips)
JayEm82: posts small blind $1
muckding: posts big blind $3
*** HOLE CARDS ***
JayEm82: raises $3 to $6
muckding: calls $3
*** FLOP *** [4h Ah 9d]
muckding: checks
JayEm82: bets $3
muckding: calls $3
*** TURN *** [4h Ah 9d] [Qh]
muckding: checks
JayEm82: checks
*** RIVER *** [4h Ah 9d Qh] [Ts]
muckding: checks
JayEm82: bets $6
muckding: calls $6
*** SHOW DOWN ***
JayEm82: shows [8s Jd] (a straight, Eight to Queen)
muckding: mucks hand
JayEm82 collected $29.50 from pot
*** SUMMARY ***
Total pot $30 | Rake $0.50
Board [4h Ah 9d Qh Ts]
Seat 1: muckding (big blind) mucked
Seat 6: JayEm82 (button) (small blind) showed [8s Jd] and won ($29.50) with a straight, Eight to Queen


PokerStars Hand #149965836297:  Hold'em Limit ($3/$6 USD) - 2016/03/06 23:23:56 ET
Table 'Vundtia' 6-max Seat #1 is the button
Seat 1: muckding ($109.77 in chips)
Seat 6: JayEm82 ($201.14 in chips)
muckding: posts small blind $1
JayEm82: posts big blind $3
*** HOLE CARDS ***
muckding: raises $3 to $6
JayEm82: raises $3 to $9
muckding: calls $3
*** FLOP *** [Tc 7d 2s]
JayEm82: bets $3
muckding: calls $3
*** TURN *** [Tc 7d 2s] [7c]
JayEm82: bets $6
muckding: folds
Uncalled bet ($6) returned to JayEm82
JayEm82 collected $23.52 from pot
JayEm82: doesn't show hand
*** SUMMARY ***
Total pot $24 | Rake $0.48
Board [Tc 7d 2s 7c]
Seat 1: muckding (button) (small blind) folded on the Turn
Seat 6: JayEm82 (big blind) collected ($23.52)


PokerStars Hand #149965860544:  Hold'em Limit ($3/$6 USD) - 2016/03/06 23:25:22 ET
Table 'Vundtia' 6-max Seat #6 is the button
Seat 1: muckding ($91.27 in chips)
Seat 6: JayEm82 ($218.16 in chips)
JayEm82: posts small blind $1
muckding: posts big blind $3
*** HOLE CARDS ***
JayEm82: folds
Uncalled bet ($2) returned to muckding
muckding collected $2 from pot
muckding: doesn't show hand
*** SUMMARY ***
Total pot $2 | Rake $0
Seat 1: muckding (big blind) collected ($2)
Seat 6: JayEm82 (button) (small blind) folded before Flop


PokerStars Hand #149965852745:  Hold'em Limit ($3/$6 USD) - 2016/03/06 23:24:54 ET
Table 'Vundtia' 6-max Seat #1 is the button
Seat 1: muckding ($112.27 in chips)
Seat 6: JayEm82 ($197.66 in chips)
muckding: posts small blind $1
JayEm82: posts big blind $3
*** HOLE CARDS ***
muckding: raises $3 to $6
JayEm82: calls $3
*** FLOP *** [6c 9c Tc]
JayEm82: checks
muckding: bets $3
JayEm82: calls $3
*** TURN *** [6c 9c Tc] [8s]
JayEm82: bets $6
muckding: calls $6
*** RIVER *** [6c 9c Tc 8s] [2d]
JayEm82: bets $6
muckding: calls $6
*** SHOW DOWN ***
JayEm82: shows [7s 9h] (a straight, Six to Ten)
muckding: mucks hand
JayEm82 collected $41.50 from pot
*** SUMMARY ***
Total pot $42 | Rake $0.50
Board [6c 9c Tc 8s 2d]
Seat 1: muckding (button) (small blind) mucked
Seat 6: JayEm82 (big blind) showed [7s 9h] and won ($41.50) with a straight, Six to Ten


PokerStars Hand #149965840972:  Hold'em Limit ($3/$6 USD) - 2016/03/06 23:24:12 ET
Table 'Vundtia' 6-max Seat #6 is the button
Seat 1: muckding ($97.77 in chips)
Seat 6: JayEm82 ($212.66 in chips)
JayEm82: posts small blind $1
muckding: posts big blind $3
*** HOLE CARDS ***
JayEm82: raises $3 to $6
muckding: raises $3 to $9
JayEm82: calls $3
*** FLOP *** [3h 8d 6d]
muckding: bets $3
JayEm82: raises $3 to $6
muckding: calls $3
*** TURN *** [3h 8d 6d] [Kh]
muckding: checks
JayEm82: checks
*** RIVER *** [3h 8d 6d Kh] [Th]
muckding: bets $6
JayEm82: folds
Uncalled bet ($6) returned to muckding
muckding collected $29.50 from pot
muckding: doesn't show hand
*** SUMMARY ***
Total pot $30 | Rake $0.50
Board [3h 8d 6d Kh Th]
Seat 1: muckding (big blind) collected ($29.50)
Seat 6: JayEm82 (button) (small blind) folded on the River


PokerStars Hand #149965862909:  Hold'em Limit ($3/$6 USD) - 2016/03/06 23:25:31 ET
Table 'Vundtia' 6-max Seat #1 is the button
Seat 1: muckding ($92.27 in chips)
Seat 6: JayEm82 ($217.16 in chips)
muckding: posts small blind $1
JayEm82: posts big blind $3
*** HOLE CARDS ***
muckding: raises $3 to $6
JayEm82: calls $3
*** FLOP *** [9d 3s 2h]
JayEm82: checks
muckding: bets $3
JayEm82: calls $3
*** TURN *** [9d 3s 2h] [Qs]
JayEm82: checks
muckding: bets $6
JayEm82: raises $6 to $12
muckding: calls $6
*** RIVER *** [9d 3s 2h Qs] [4d]
JayEm82: bets $6
muckding: raises $6 to $12
JayEm82: folds
Uncalled bet ($6) returned to muckding
muckding collected $53.50 from pot
muckding: doesn't show hand
*** SUMMARY ***
Total pot $54 | Rake $0.50
Board [9d 3s 2h Qs 4d]
Seat 1: muckding (button) (small blind) collected ($53.50)
Seat 6: JayEm82 (big blind) folded on the River


PokerStars Hand #149965880359:  Hold'em Limit ($3/$6 USD) - 2016/03/06 23:26:33 ET
Table 'Vundtia' 6-max Seat #1 is the button
Seat 1: muckding ($127.41 in chips)
Seat 6: JayEm82 ($181.16 in chips)
muckding: posts small blind $1
JayEm82: posts big blind $3
*** HOLE CARDS ***
muckding: folds
Uncalled bet ($2) returned to JayEm82
JayEm82 collected $2 from pot
JayEm82: doesn't show hand
*** SUMMARY ***
Total pot $2 | Rake $0
Seat 1: muckding (button) (small blind) folded before Flop
Seat 6: JayEm82 (big blind) collected ($2)


PokerStars Hand #149965874127:  Hold'em Limit ($3/$6 USD) - 2016/03/06 23:26:11 ET
Table 'Vundtia' 6-max Seat #6 is the button
Seat 1: muckding ($118.77 in chips)
Seat 6: JayEm82 ($190.16 in chips)
JayEm82: posts small blind $1
muckding: posts big blind $3
*** HOLE CARDS ***
JayEm82: raises $3 to $6
muckding: calls $3
*** FLOP *** [5d Ks Jd]
muckding: checks
JayEm82: bets $3
muckding: calls $3
*** TURN *** [5d Ks Jd] [9d]
muckding: checks
JayEm82: checks
*** RIVER *** [5d Ks Jd 9d] [3d]
muckding: bets $6
JayEm82: folds
Uncalled bet ($6) returned to muckding
muckding collected $17.64 from pot
muckding: doesn't show hand
*** SUMMARY ***
Total pot $18 | Rake $0.36
Board [5d Ks Jd 9d 3d]
Seat 1: muckding (big blind) collected ($17.64)
Seat 6: JayEm82 (button) (small blind) folded on the River


PokerStars Hand #149965883132:  Hold'em Limit ($3/$6 USD) - 2016/03/06 23:26:43 ET
Table 'Vundtia' 6-max Seat #1 is the button
Seat 1: muckding ($127.41 in chips)
Seat 6: JayEm82 ($181.16 in chips)
muckding: posts small blind $1
JayEm82: posts big blind $3
*** HOLE CARDS ***
muckding: raises $3 to $6
JayEm82: folds
Uncalled bet ($3) returned to muckding
muckding collected $6 from pot
muckding: doesn't show hand
*** SUMMARY ***
Total pot $6 | Rake $0
Seat 1: muckding (button) (small blind) collected ($6)
Seat 6: JayEm82 (big blind) folded before Flop


PokerStars Hand #149965881898:  Hold'em Limit ($3/$6 USD) - 2016/03/06 23:26:39 ET
Table 'Vundtia' 6-max Seat #6 is the button
Seat 1: muckding ($126.41 in chips)
Seat 6: JayEm82 ($182.16 in chips)
JayEm82: posts small blind $1
muckding: posts big blind $3
*** HOLE CARDS ***
JayEm82: folds
Uncalled bet ($2) returned to muckding
muckding collected $2 from pot
muckding: doesn't show hand
*** SUMMARY ***
Total pot $2 | Rake $0
Seat 1: muckding (big blind) collected ($2)
Seat 6: JayEm82 (button) (small blind) folded before Flop


PokerStars Hand #149965884870:  Hold'em Limit ($3/$6 USD) - 2016/03/06 23:26:50 ET
Table 'Vundtia' 6-max Seat #6 is the button
Seat 1: muckding ($130.41 in chips)
Seat 6: JayEm82 ($178.16 in chips)
JayEm82: posts small blind $1
muckding: posts big blind $3
*** HOLE CARDS ***
JayEm82: raises $3 to $6
muckding: calls $3
*** FLOP *** [As Ah 7h]
muckding: checks
JayEm82: bets $3
muckding: calls $3
*** TURN *** [As Ah 7h] [3c]
muckding: checks
JayEm82: bets $6
muckding: calls $6
*** RIVER *** [As Ah 7h 3c] [4s]
muckding: checks
JayEm82: checks
*** SHOW DOWN ***
muckding: shows [9h 8h] (a pair of Aces)
JayEm82: shows [9c Qc] (a pair of Aces - Queen kicker)
JayEm82 collected $29.50 from pot
*** SUMMARY ***
Total pot $30 | Rake $0.50
Board [As Ah 7h 3c 4s]
Seat 1: muckding (big blind) showed [9h 8h] and lost with a pair of Aces
Seat 6: JayEm82 (button) (small blind) showed [9c Qc] and won ($29.50) with a pair of Aces


PokerStars Hand #149965889623:  Hold'em Limit ($3/$6 USD) - 2016/03/06 23:27:07 ET
Table 'Vundtia' 6-max Seat #1 is the button
Seat 1: muckding ($115.41 in chips)
Seat 6: JayEm82 ($192.66 in chips)
muckding: posts small blind $1
JayEm82: posts big blind $3
*** HOLE CARDS ***
muckding: raises $3 to $6
JayEm82: calls $3
*** FLOP *** [6c 4h 7s]
JayEm82: checks
muckding: bets $3
JayEm82: raises $3 to $6
muckding: calls $3
*** TURN *** [6c 4h 7s] [Qc]
JayEm82: bets $6
muckding: folds
Uncalled bet ($6) returned to JayEm82
JayEm82 collected $23.52 from pot
JayEm82: doesn't show hand
*** SUMMARY ***
Total pot $24 | Rake $0.48
Board [6c 4h 7s Qc]
Seat 1: muckding (button) (small blind) folded on the Turn
Seat 6: JayEm82 (big blind) collected ($23.52)


PokerStars Hand #149965911233:  Hold'em Limit ($3/$6 USD) - 2016/03/06 23:28:24 ET
Table 'Vundtia' 6-max Seat #6 is the button
Seat 1: muckding ($177.41 in chips)
Seat 6: JayEm82 ($129.18 in chips)
JayEm82: posts small blind $1
muckding: posts big blind $3
*** HOLE CARDS ***
JayEm82: folds
Uncalled bet ($2) returned to muckding
muckding collected $2 from pot
muckding: doesn't show hand
*** SUMMARY ***
Total pot $2 | Rake $0
Seat 1: muckding (big blind) collected ($2)
Seat 6: JayEm82 (button) (small blind) folded before Flop


PokerStars Hand #149965902385:  Hold'em Limit ($3/$6 USD) - 2016/03/06 23:27:52 ET
Table 'Vundtia' 6-max Seat #1 is the button
Seat 1: muckding ($147.91 in chips)
Seat 6: JayEm82 ($159.18 in chips)
muckding: posts small blind $1
JayEm82: posts big blind $3
*** HOLE CARDS ***
muckding: raises $3 to $6
JayEm82: raises $3 to $9
muckding: calls $3
*** FLOP *** [2s 3h 8d]
JayEm82: bets $3
muckding: calls $3
*** TURN *** [2s 3h 8d] [7s]
JayEm82: bets $6
muckding: calls $6
*** RIVER *** [2s 3h 8d 7s] [2h]
JayEm82: checks
muckding: bets $6
Niro010905 joins the table at seat #2
JayEm82: raises $6 to $12
muckding: calls $6
*** SHOW DOWN ***
JayEm82: shows [Ac As] (two pair, Aces and Deuces)
muckding: shows [2c 9d] (three of a kind, Deuces)
muckding collected $59.50 from pot
*** SUMMARY ***
Total pot $60 | Rake $0.50
Board [2s 3h 8d 7s 2h]
Seat 1: muckding (button) (small blind) showed [2c 9d] and won ($59.50) with three of a kind, Deuces
Seat 6: JayEm82 (big blind) showed [Ac As] and lost with two pair, Aces and Deuces


PokerStars Hand #149965894118:  Hold'em Limit ($3/$6 USD) - 2016/03/06 23:27:23 ET
Table 'Vundtia' 6-max Seat #6 is the button
Seat 1: muckding ($103.41 in chips)
Seat 6: JayEm82 ($204.18 in chips)
JayEm82: posts small blind $1
muckding: posts big blind $3
*** HOLE CARDS ***
JayEm82: raises $3 to $6
muckding: raises $3 to $9
JayEm82: raises $3 to $12
Betting is capped
muckding: calls $3
*** FLOP *** [Td 9c 3h]
muckding: checks
JayEm82: bets $3
muckding: calls $3
*** TURN *** [Td 9c 3h] [Ad]
muckding: checks
JayEm82: bets $6
muckding: raises $6 to $12
JayEm82: raises $6 to $18
muckding: raises $6 to $24
Betting is capped
JayEm82: calls $6
*** RIVER *** [Td 9c 3h Ad] [Jh]
muckding: bets $6
JayEm82: calls $6
*** SHOW DOWN ***
muckding: shows [As Kh] (a pair of Aces)
JayEm82: mucks hand
muckding collected $89.50 from pot
*** SUMMARY ***
Total pot $90 | Rake $0.50
Board [Td 9c 3h Ad Jh]
Seat 1: muckding (big blind) showed [As Kh] and won ($89.50) with a pair of Aces
Seat 6: JayEm82 (button) (small blind) mucked


PokerStars Hand #149968880306:  Hold'em Limit ($3/$6 USD) - 2016/03/07 2:43:40 ET
Table 'Vundtia' 6-max Seat #5 is the button
Seat 1: muckding ($244.58 in chips)
Seat 5: happyshine88 ($230.54 in chips)
happyshine88: posts small blind $1
muckding: posts big blind $3
*** HOLE CARDS ***
happyshine88: folds
Uncalled bet ($2) returned to muckding
muckding collected $2 from pot
muckding: doesn't show hand
*** SUMMARY ***
Total pot $2 | Rake $0
Seat 1: muckding (big blind) collected ($2)
Seat 5: happyshine88 (button) (small blind) folded before Flop


PokerStars Hand #149968884116:  Hold'em Limit ($3/$6 USD) - 2016/03/07 2:43:53 ET
Table 'Vundtia' 6-max Seat #5 is the button
Seat 1: muckding ($248.58 in chips)
Seat 5: happyshine88 ($226.54 in chips)
happyshine88: posts small blind $1
muckding: posts big blind $3
*** HOLE CARDS ***
happyshine88: folds
Uncalled bet ($2) returned to muckding
muckding collected $2 from pot
muckding: doesn't show hand
*** SUMMARY ***
Total pot $2 | Rake $0
Seat 1: muckding (big blind) collected ($2)
Seat 5: happyshine88 (button) (small blind) folded before Flop


PokerStars Hand #149968881895:  Hold'em Limit ($3/$6 USD) - 2016/03/07 2:43:45 ET
Table 'Vundtia' 6-max Seat #1 is the button
Seat 1: muckding ($245.58 in chips)
Seat 5: happyshine88 ($229.54 in chips)
muckding: posts small blind $1
happyshine88: posts big blind $3
*** HOLE CARDS ***
muckding: raises $3 to $6
happyshine88: folds
Uncalled bet ($3) returned to muckding
muckding collected $6 from pot
muckding: doesn't show hand
*** SUMMARY ***
Total pot $6 | Rake $0
Seat 1: muckding (button) (small blind) collected ($6)
Seat 5: happyshine88 (big blind) folded before Flop


PokerStars Hand #149968870991:  Hold'em Limit ($3/$6 USD) - 2016/03/07 2:43:07 ET
Table 'Vundtia' 6-max Seat #1 is the button
Seat 1: muckding ($262.58 in chips)
Seat 5: happyshine88 ($213.04 in chips)
Ookpik1969 will be allowed to play after the button
muckding: posts small blind $1
Agrotait: is sitting out
happyshine88: posts big blind $3
*** HOLE CARDS ***
muckding: raises $3 to $6
happyshine88: calls $3
*** FLOP *** [Kh 3c 8s]
Ookpik1969 leaves the table
happyshine88: checks
muckding: checks
*** TURN *** [Kh 3c 8s] [Ks]
happyshine88: checks
muckding: bets $6
Agrotait leaves the table
happyshine88: calls $6
*** RIVER *** [Kh 3c 8s Ks] [Jd]
happyshine88: checks
muckding: bets $6
happyshine88: calls $6
*** SHOW DOWN ***
muckding: shows [9c 6d] (a pair of Kings)
happyshine88: shows [5h 5s] (two pair, Kings and Fives)
happyshine88 collected $35.50 from pot
*** SUMMARY ***
Total pot $36 | Rake $0.50
Board [Kh 3c 8s Ks Jd]
Seat 1: muckding (button) (small blind) showed [9c 6d] and lost with a pair of Kings
Seat 5: happyshine88 (big blind) showed [5h 5s] and won ($35.50) with two pair, Kings and Fives


PokerStars Hand #149968885532:  Hold'em Limit ($3/$6 USD) - 2016/03/07 2:43:58 ET
Table 'Vundtia' 6-max Seat #1 is the button
Seat 1: muckding ($249.58 in chips)
Seat 5: happyshine88 ($225.54 in chips)
muckding: posts small blind $1
happyshine88: posts big blind $3
*** HOLE CARDS ***
muckding: raises $3 to $6
happyshine88: raises $3 to $9
muckding: calls $3
*** FLOP *** [9d Jd 3c]
happyshine88: bets $3
liolilove joins the table at seat #2
muckding: calls $3
*** TURN *** [9d Jd 3c] [Jh]
happyshine88: bets $6
muckding: calls $6
*** RIVER *** [9d Jd 3c Jh] [5s]
happyshine88: bets $6
muckding: calls $6
*** SHOW DOWN ***
happyshine88: shows [9c 9h] (a full house, Nines full of Jacks)
muckding: mucks hand
happyshine88 collected $47.50 from pot
*** SUMMARY ***
Total pot $48 | Rake $0.50
Board [9d Jd 3c Jh 5s]
Seat 1: muckding (button) (small blind) mucked
Seat 5: happyshine88 (big blind) showed [9c 9h] and won ($47.50) with a full house, Nines full of Jacks


PokerStars Hand #149968893682:  Hold'em Limit ($3/$6 USD) - 2016/03/07 2:44:27 ET
Table 'Vundtia' 6-max Seat #5 is the button
Seat 1: muckding ($225.58 in chips)
Seat 5: happyshine88 ($249.04 in chips)
happyshine88: posts small blind $1
muckding: posts big blind $3
*** HOLE CARDS ***
happyshine88: raises $3 to $6
muckding: folds
Uncalled bet ($3) returned to happyshine88
happyshine88 collected $6 from pot
happyshine88: doesn't show hand
*** SUMMARY ***
Total pot $6 | Rake $0
Seat 1: muckding (big blind) folded before Flop
Seat 5: happyshine88 (button) (small blind) collected ($6)


PokerStars Hand #149968921404:  Hold'em Limit ($3/$6 USD) - 2016/03/07 2:46:04 ET
Table 'Vundtia' 6-max Seat #1 is the button
Seat 1: muckding ($219.58 in chips)
Seat 2: liolilove ($141.25 in chips)
muckding: posts small blind $1
liolilove: posts big blind $3
*** HOLE CARDS ***
muckding: raises $3 to $6
liolilove: folds
Uncalled bet ($3) returned to muckding
muckding collected $6 from pot
muckding: doesn't show hand
*** SUMMARY ***
Total pot $6 | Rake $0
Seat 1: muckding (button) (small blind) collected ($6)
Seat 2: liolilove (big blind) folded before Flop


PokerStars Hand #149968928039:  Hold'em Limit ($3/$6 USD) - 2016/03/07 2:46:27 ET
Table 'Vundtia' 6-max Seat #2 is the button
Seat 1: muckding ($222.58 in chips)
Seat 2: liolilove ($138.25 in chips)
liolilove: posts small blind $1
muckding: posts big blind $3
*** HOLE CARDS ***
liolilove: raises $3 to $6
muckding: calls $3
*** FLOP *** [Ks 7d Ad]
JSDM8682 leaves the table
muckding: checks
liolilove: bets $3
muckding: folds
Uncalled bet ($3) returned to liolilove
liolilove collected $11.76 from pot
liolilove: doesn't show hand
*** SUMMARY ***
Total pot $12 | Rake $0.24
Board [Ks 7d Ad]
Seat 1: muckding (big blind) folded on the Flop
Seat 2: liolilove (button) (small blind) collected ($11.76)


