PokerStars Hand #150086629528:  Hold'em Limit ($3/$6 USD) - 2016/03/09 11:53:07 ET
Table 'Vundtia' 10-max Seat #6 is the button
Seat 6: NiktheDon ($69.86 in chips)
Seat 7: Pandakey ($120 in chips)
NiktheDon: posts small blind $1
Pandakey: posts big blind $3
*** HOLE CARDS ***
Great_Kang joins the table at seat #8
NiktheDon: raises $3 to $6
GoliafUa joins the table at seat #9
Pandakey: calls $3
*** FLOP *** [7d 4d 7h]
Pandakey: checks
NiktheDon: checks
*** TURN *** [7d 4d 7h] [2h]
Pandakey: bets $6
NiktheDon: calls $6
*** RIVER *** [7d 4d 7h 2h] [Kh]
Pandakey: checks
NiktheDon: bets $6
Pandakey: calls $6
*** SHOW DOWN ***
NiktheDon: shows [Tc Ah] (a pair of Sevens)
Pandakey: shows [5s 2s] (two pair, Sevens and Deuces)
Pandakey collected $35.50 from pot
*** SUMMARY ***
Total pot $36 | Rake $0.50
Board [7d 4d 7h 2h Kh]
Seat 6: NiktheDon (button) (small blind) showed [Tc Ah] and lost with a pair of Sevens
Seat 7: Pandakey (big blind) showed [5s 2s] and won ($35.50) with two pair, Sevens and Deuces


PokerStars Hand #150086912155:  Hold'em Limit ($3/$6 USD) - 2016/03/09 11:59:52 ET
Table 'Vundtia' 10-max Seat #5 is the button
Seat 5: Arsenavet ($139.43 in chips)
Seat 8: Great_Kang ($120 in chips)
Arsenavet: posts small blind $1
Pandakey: is sitting out
Great_Kang: posts big blind $3
*** HOLE CARDS ***
Pandakey leaves the table
Arsenavet: folds
Uncalled bet ($2) returned to Great_Kang
Great_Kang collected $2 from pot
Great_Kang: doesn't show hand
*** SUMMARY ***
Total pot $2 | Rake $0
Seat 5: Arsenavet (button) (small blind) folded before Flop
Seat 8: Great_Kang (big blind) collected ($2)


