PokerStars Hand #165251939095:  Hold'em Limit ($3/$6 USD) - 2017/01/27 12:37:24 ET
Table 'Wabash III' 6-max Seat #3 is the button
Seat 3: mrieko3 ($66.80 in chips)
Seat 6: feiyhn ($25.02 in chips)
mrieko3: posts small blind $1
feiyhn: posts big blind $3
*** HOLE CARDS ***
mrieko3: calls $2
feiyhn: raises $3 to $6
mrieko3: calls $3
*** FLOP *** [7c 5c As]
feiyhn: bets $3
mrieko3: calls $3
*** TURN *** [7c 5c As] [Qc]
feiyhn: bets $6
mrieko3: calls $6
*** RIVER *** [7c 5c As Qc] [9s]
feiyhn: bets $6
mrieko3: folds
Uncalled bet ($6) returned to feiyhn
feiyhn collected $29.50 from pot
feiyhn: doesn't show hand
*** SUMMARY ***
Total pot $30 | Rake $0.50
Board [7c 5c As Qc 9s]
Seat 3: mrieko3 (button) (small blind) folded on the River
Seat 6: feiyhn (big blind) collected ($29.50)


PokerStars Hand #165251893271:  Hold'em Limit ($3/$6 USD) - 2017/01/27 12:36:30 ET
Table 'Wabash III' 6-max Seat #6 is the button
Seat 3: mrieko3 ($46.30 in chips)
Seat 6: feiyhn ($46.02 in chips)
feiyhn: posts small blind $1
mrieko3: posts big blind $3
*** HOLE CARDS ***
feiyhn: raises $3 to $6
mrieko3: calls $3
*** FLOP *** [Th Ac 6s]
mrieko3: bets $3
feiyhn: raises $3 to $6
mrieko3: raises $3 to $9
feiyhn: calls $3
*** TURN *** [Th Ac 6s] [4d]
mrieko3: bets $6
feiyhn: calls $6
*** RIVER *** [Th Ac 6s 4d] [Qh]
mrieko3: bets $6
feiyhn: folds
Uncalled bet ($6) returned to mrieko3
mrieko3 collected $41.50 from pot
mrieko3: doesn't show hand
*** SUMMARY ***
Total pot $42 | Rake $0.50
Board [Th Ac 6s 4d Qh]
Seat 3: mrieko3 (big blind) collected ($41.50)
Seat 6: feiyhn (button) (small blind) folded on the River


PokerStars Hand #165251961184:  Hold'em Limit ($3/$6 USD) - 2017/01/27 12:37:50 ET
Table 'Wabash III' 6-max Seat #6 is the button
Seat 3: mrieko3 ($51.80 in chips)
Seat 6: feiyhn ($39.52 in chips)
feiyhn: posts small blind $1
mrieko3: posts big blind $3
*** HOLE CARDS ***
feiyhn: raises $3 to $6
mrieko3: calls $3
*** FLOP *** [Ah Jd 2d]
Luanto 14 joins the table at seat #4
mrieko3 is connected
mrieko3: checks
feiyhn: bets $3
mrieko3: folds
Uncalled bet ($3) returned to feiyhn
feiyhn collected $11.76 from pot
feiyhn: doesn't show hand
*** SUMMARY ***
Total pot $12 | Rake $0.24
Board [Ah Jd 2d]
Seat 3: mrieko3 (big blind) folded on the Flop
Seat 6: feiyhn (button) (small blind) collected ($11.76)


PokerStars Hand #165252095025:  Hold'em Limit ($3/$6 USD) - 2017/01/27 12:40:30 ET
Table 'Wabash III' 6-max Seat #6 is the button
Seat 3: mrieko3 ($30.80 in chips)
Seat 6: feiyhn ($59.78 in chips)
feiyhn: posts small blind $1
mrieko3: posts big blind $3
*** HOLE CARDS ***
feiyhn: calls $2
mrieko3: raises $3 to $6
feiyhn: calls $3
*** FLOP *** [6c 9d Kh]
mrieko3: bets $3
feiyhn: calls $3
*** TURN *** [6c 9d Kh] [Js]
mrieko3: bets $6
feiyhn: calls $6
*** RIVER *** [6c 9d Kh Js] [6d]
mrieko3: bets $6
feiyhn: folds
Uncalled bet ($6) returned to mrieko3
mrieko3 collected $29.50 from pot
mrieko3: doesn't show hand
*** SUMMARY ***
Total pot $30 | Rake $0.50
Board [6c 9d Kh Js 6d]
Seat 3: mrieko3 (big blind) collected ($29.50)
Seat 6: feiyhn (button) (small blind) folded on the River


PokerStars Hand #165252393360:  Hold'em Limit ($3/$6 USD) - 2017/01/27 12:46:26 ET
Table 'Wabash III' 6-max Seat #3 is the button
Seat 3: mrieko3 ($45.30 in chips)
Seat 6: feiyhn ($44.78 in chips)
mrieko3: posts small blind $1
feiyhn: posts big blind $3
*** HOLE CARDS ***
mrieko3: raises $3 to $6
feiyhn: raises $3 to $9
mrieko3: calls $3
*** FLOP *** [Th 2d 8s]
feiyhn: bets $3
niplot joins the table at seat #1
marinakkny joins the table at seat #2
mrieko3: calls $3
*** TURN *** [Th 2d 8s] [Kh]
feiyhn: bets $6
mrieko3: calls $6
*** RIVER *** [Th 2d 8s Kh] [3c]
feiyhn: checks
mrieko3: checks
*** SHOW DOWN ***
feiyhn: shows [3d 4s] (a pair of Threes)
mrieko3: mucks hand
feiyhn collected $35.50 from pot
*** SUMMARY ***
Total pot $36 | Rake $0.50
Board [Th 2d 8s Kh 3c]
Seat 3: mrieko3 (button) (small blind) mucked
Seat 6: feiyhn (big blind) showed [3d 4s] and won ($35.50) with a pair of Threes


PokerStars Hand #165253705929:  Hold'em Limit ($3/$6 USD) - 2017/01/27 13:13:07 ET
Table 'Wabash III' 6-max Seat #3 is the button
Seat 3: mrieko3 ($42.37 in chips)
Seat 6: feiyhn ($28.31 in chips)
mrieko3: posts small blind $1
feiyhn: posts big blind $3
*** HOLE CARDS ***
mrieko3: calls $2
feiyhn: raises $3 to $6
mrieko3: calls $3
*** FLOP *** [5s 3c Th]
feiyhn: bets $3
mrieko3: calls $3
*** TURN *** [5s 3c Th] [8d]
feiyhn: bets $6
mrieko3: calls $6
*** RIVER *** [5s 3c Th 8d] [Qc]
feiyhn: bets $6
mrieko3: calls $6
*** SHOW DOWN ***
feiyhn: shows [Jc 6s] (high card Queen)
mrieko3: shows [Td Ac] (a pair of Tens)
mrieko3 collected $41.50 from pot
*** SUMMARY ***
Total pot $42 | Rake $0.50
Board [5s 3c Th 8d Qc]
Seat 3: mrieko3 (button) (small blind) showed [Td Ac] and won ($41.50) with a pair of Tens
Seat 6: feiyhn (big blind) showed [Jc 6s] and lost with high card Queen


PokerStars Hand #165253695606:  Hold'em Limit ($3/$6 USD) - 2017/01/27 13:12:55 ET
Table 'Wabash III' 6-max Seat #6 is the button
Seat 3: mrieko3 ($51.37 in chips)
Seat 6: feiyhn ($19.67 in chips)
feiyhn: posts small blind $1
mrieko3: posts big blind $3
*** HOLE CARDS ***
feiyhn: raises $3 to $6
mrieko3: calls $3
*** FLOP *** [5c 5s 7s]
mrieko3: checks
feiyhn: bets $3
mrieko3: calls $3
*** TURN *** [5c 5s 7s] [9s]
mrieko3: checks
feiyhn: bets $6
mrieko3: folds
Uncalled bet ($6) returned to feiyhn
feiyhn collected $17.64 from pot
feiyhn: doesn't show hand
*** SUMMARY ***
Total pot $18 | Rake $0.36
Board [5c 5s 7s 9s]
Seat 3: mrieko3 (big blind) folded on the Turn
Seat 6: feiyhn (button) (small blind) collected ($17.64)


PokerStars Hand #165253686582:  Hold'em Limit ($3/$6 USD) - 2017/01/27 13:12:45 ET
Table 'Wabash III' 6-max Seat #3 is the button
Seat 3: mrieko3 ($57.37 in chips)
Seat 6: feiyhn ($13.91 in chips)
mrieko3: posts small blind $1
feiyhn: posts big blind $3
*** HOLE CARDS ***
mrieko3: calls $2
feiyhn: raises $3 to $6
mrieko3: calls $3
*** FLOP *** [Ks 6h Jd]
feiyhn: bets $3
mrieko3: folds
Uncalled bet ($3) returned to feiyhn
feiyhn collected $11.76 from pot
feiyhn: doesn't show hand
*** SUMMARY ***
Total pot $12 | Rake $0.24
Board [Ks 6h Jd]
Seat 3: mrieko3 (button) (small blind) folded on the Flop
Seat 6: feiyhn (big blind) collected ($11.76)


PokerStars Hand #165253672105:  Hold'em Limit ($3/$6 USD) - 2017/01/27 13:12:28 ET
Table 'Wabash III' 6-max Seat #6 is the button
Seat 3: mrieko3 ($36.87 in chips)
Seat 6: feiyhn ($34.91 in chips)
feiyhn: posts small blind $1
mrieko3: posts big blind $3
*** HOLE CARDS ***
feiyhn: raises $3 to $6
mrieko3: calls $3
*** FLOP *** [As 6c Td]
mrieko3: checks
feiyhn: bets $3
mrieko3: calls $3
*** TURN *** [As 6c Td] [Kh]
mrieko3: checks
feiyhn: bets $6
mrieko3: calls $6
*** RIVER *** [As 6c Td Kh] [Kc]
mrieko3: checks
feiyhn: bets $6
mrieko3: calls $6
*** SHOW DOWN ***
feiyhn: shows [Jh Jc] (two pair, Kings and Jacks)
mrieko3: shows [Ts Tc] (a full house, Tens full of Kings)
mrieko3 collected $41.50 from pot
*** SUMMARY ***
Total pot $42 | Rake $0.50
Board [As 6c Td Kh Kc]
Seat 3: mrieko3 (big blind) showed [Ts Tc] and won ($41.50) with a full house, Tens full of Kings
Seat 6: feiyhn (button) (small blind) showed [Jh Jc] and lost with two pair, Kings and Jacks


PokerStars Hand #165253757408:  Hold'em Limit ($3/$6 USD) - 2017/01/27 13:14:07 ET
Table 'Wabash III' 6-max Seat #6 is the button
Seat 3: mrieko3 ($35.87 in chips)
Seat 6: feiyhn ($33.35 in chips)
feiyhn: posts small blind $1
mrieko3: posts big blind $3
*** HOLE CARDS ***
feiyhn: raises $3 to $6
mrieko3: calls $3
*** FLOP *** [3c 5h Jh]
mrieko3: checks
feiyhn: bets $3
mrieko3: calls $3
*** TURN *** [3c 5h Jh] [7s]
mrieko3: checks
feiyhn: bets $6
mrieko3: calls $6
*** RIVER *** [3c 5h Jh 7s] [3s]
mrieko3: checks
feiyhn: checks
*** SHOW DOWN ***
mrieko3: shows [Th 3h] (three of a kind, Threes)
feiyhn: mucks hand
mrieko3 collected $29.50 from pot
*** SUMMARY ***
Total pot $30 | Rake $0.50
Board [3c 5h Jh 7s 3s]
Seat 3: mrieko3 (big blind) showed [Th 3h] and won ($29.50) with three of a kind, Threes
Seat 6: feiyhn (button) (small blind) mucked


PokerStars Hand #165253743612:  Hold'em Limit ($3/$6 USD) - 2017/01/27 13:13:51 ET
Table 'Wabash III' 6-max Seat #3 is the button
Seat 3: mrieko3 ($44.87 in chips)
Seat 6: feiyhn ($24.71 in chips)
mrieko3: posts small blind $1
feiyhn: posts big blind $3
*** HOLE CARDS ***
mrieko3: calls $2
feiyhn: raises $3 to $6
mrieko3: calls $3
*** FLOP *** [Ts Ks 3d]
feiyhn: bets $3
mrieko3: calls $3
*** TURN *** [Ts Ks 3d] [As]
feiyhn: bets $6
mrieko3: folds
Uncalled bet ($6) returned to feiyhn
feiyhn collected $17.64 from pot
feiyhn: doesn't show hand
*** SUMMARY ***
Total pot $18 | Rake $0.36
Board [Ts Ks 3d As]
Seat 3: mrieko3 (button) (small blind) folded on the Turn
Seat 6: feiyhn (big blind) collected ($17.64)


PokerStars Hand #165253730646:  Hold'em Limit ($3/$6 USD) - 2017/01/27 13:13:36 ET
Table 'Wabash III' 6-max Seat #6 is the button
Seat 3: mrieko3 ($53.87 in chips)
Seat 6: feiyhn ($16.07 in chips)
feiyhn: posts small blind $1
mrieko3: posts big blind $3
*** HOLE CARDS ***
feiyhn: raises $3 to $6
mrieko3: calls $3
*** FLOP *** [3h 5c Jd]
mrieko3: checks
feiyhn: bets $3
mrieko3: calls $3
*** TURN *** [3h 5c Jd] [4s]
mrieko3: checks
feiyhn: bets $6
mrieko3: folds
Uncalled bet ($6) returned to feiyhn
feiyhn collected $17.64 from pot
feiyhn: doesn't show hand
*** SUMMARY ***
Total pot $18 | Rake $0.36
Board [3h 5c Jd 4s]
Seat 3: mrieko3 (big blind) folded on the Turn
Seat 6: feiyhn (button) (small blind) collected ($17.64)


PokerStars Hand #165253723119:  Hold'em Limit ($3/$6 USD) - 2017/01/27 13:13:27 ET
Table 'Wabash III' 6-max Seat #3 is the button
Seat 3: mrieko3 ($59.87 in chips)
Seat 6: feiyhn ($10.31 in chips)
mrieko3: posts small blind $1
feiyhn: posts big blind $3
*** HOLE CARDS ***
mrieko3: calls $2
feiyhn: raises $3 to $6
mrieko3: calls $3
*** FLOP *** [Ac 3d 9h]
feiyhn: bets $3
mrieko3: folds
Uncalled bet ($3) returned to feiyhn
feiyhn collected $11.76 from pot
feiyhn: doesn't show hand
*** SUMMARY ***
Total pot $12 | Rake $0.24
Board [Ac 3d 9h]
Seat 3: mrieko3 (button) (small blind) folded on the Flop
Seat 6: feiyhn (big blind) collected ($11.76)


PokerStars Hand #165253717423:  Hold'em Limit ($3/$6 USD) - 2017/01/27 13:13:21 ET
Table 'Wabash III' 6-max Seat #6 is the button
Seat 3: mrieko3 ($62.87 in chips)
Seat 6: feiyhn ($7.31 in chips)
feiyhn: posts small blind $1
mrieko3: posts big blind $3
*** HOLE CARDS ***
feiyhn: raises $3 to $6
mrieko3: folds
Uncalled bet ($3) returned to feiyhn
feiyhn collected $6 from pot
feiyhn: doesn't show hand
*** SUMMARY ***
Total pot $6 | Rake $0
Seat 3: mrieko3 (big blind) folded before Flop
Seat 6: feiyhn (button) (small blind) collected ($6)


PokerStars Hand #165253802384:  Hold'em Limit ($3/$6 USD) - 2017/01/27 13:14:59 ET
Table 'Wabash III' 6-max Seat #6 is the button
Seat 3: mrieko3 ($23.37 in chips)
Seat 6: feiyhn ($44.27 in chips)
feiyhn: posts small blind $1
mrieko3: posts big blind $3
*** HOLE CARDS ***
feiyhn: raises $3 to $6
mrieko3: calls $3
*** FLOP *** [Qc 7c Ah]
mrieko3: checks
feiyhn: bets $3
mrieko3: calls $3
*** TURN *** [Qc 7c Ah] [Kh]
mrieko3: bets $6
feiyhn: folds
Uncalled bet ($6) returned to mrieko3
mrieko3 collected $17.64 from pot
mrieko3: doesn't show hand
*** SUMMARY ***
Total pot $18 | Rake $0.36
Board [Qc 7c Ah Kh]
Seat 3: mrieko3 (big blind) collected ($17.64)
Seat 6: feiyhn (button) (small blind) folded on the Turn


PokerStars Hand #165253792315:  Hold'em Limit ($3/$6 USD) - 2017/01/27 13:14:47 ET
Table 'Wabash III' 6-max Seat #3 is the button
Seat 3: mrieko3 ($32.37 in chips)
Seat 6: feiyhn ($35.63 in chips)
mrieko3: posts small blind $1
feiyhn: posts big blind $3
*** HOLE CARDS ***
mrieko3: calls $2
feiyhn: raises $3 to $6
mrieko3: calls $3
*** FLOP *** [6h 2h Kd]
feiyhn: bets $3
mrieko3: calls $3
*** TURN *** [6h 2h Kd] [8h]
feiyhn: bets $6
mrieko3: folds
Uncalled bet ($6) returned to feiyhn
feiyhn collected $17.64 from pot
feiyhn: doesn't show hand
*** SUMMARY ***
Total pot $18 | Rake $0.36
Board [6h 2h Kd 8h]
Seat 3: mrieko3 (button) (small blind) folded on the Turn
Seat 6: feiyhn (big blind) collected ($17.64)


PokerStars Hand #165253781261:  Hold'em Limit ($3/$6 USD) - 2017/01/27 13:14:35 ET
Table 'Wabash III' 6-max Seat #6 is the button
Seat 3: mrieko3 ($41.37 in chips)
Seat 6: feiyhn ($26.99 in chips)
feiyhn: posts small blind $1
mrieko3: posts big blind $3
*** HOLE CARDS ***
feiyhn: raises $3 to $6
mrieko3: calls $3
*** FLOP *** [3s 4d 6s]
mrieko3: checks
feiyhn: bets $3
mrieko3: calls $3
*** TURN *** [3s 4d 6s] [5d]
mrieko3: checks
feiyhn: bets $6
mrieko3: folds
Uncalled bet ($6) returned to feiyhn
feiyhn collected $17.64 from pot
feiyhn: doesn't show hand
*** SUMMARY ***
Total pot $18 | Rake $0.36
Board [3s 4d 6s 5d]
Seat 3: mrieko3 (big blind) folded on the Turn
Seat 6: feiyhn (button) (small blind) collected ($17.64)


PokerStars Hand #165253770764:  Hold'em Limit ($3/$6 USD) - 2017/01/27 13:14:22 ET
Table 'Wabash III' 6-max Seat #3 is the button
Seat 3: mrieko3 ($50.37 in chips)
Seat 6: feiyhn ($18.35 in chips)
mrieko3: posts small blind $1
feiyhn: posts big blind $3
*** HOLE CARDS ***
mrieko3: calls $2
feiyhn: raises $3 to $6
mrieko3: calls $3
*** FLOP *** [8c 5d 8s]
feiyhn: bets $3
mrieko3: calls $3
*** TURN *** [8c 5d 8s] [Jd]
feiyhn: bets $6
mrieko3: folds
Uncalled bet ($6) returned to feiyhn
feiyhn collected $17.64 from pot
feiyhn: doesn't show hand
*** SUMMARY ***
Total pot $18 | Rake $0.36
Board [8c 5d 8s Jd]
Seat 3: mrieko3 (button) (small blind) folded on the Turn
Seat 6: feiyhn (big blind) collected ($17.64)


PokerStars Hand #165253856280:  Hold'em Limit ($3/$6 USD) - 2017/01/27 13:16:01 ET
Table 'Wabash III' 6-max Seat #6 is the button
Seat 3: mrieko3 ($34.29 in chips)
Seat 6: feiyhn ($31.77 in chips)
feiyhn: posts small blind $1
mrieko3: posts big blind $3
*** HOLE CARDS ***
feiyhn: raises $3 to $6
mrieko3: calls $3
*** FLOP *** [Th 3s 8c]
mrieko3: checks
feiyhn: bets $3
mrieko3: calls $3
*** TURN *** [Th 3s 8c] [4h]
mrieko3: checks
feiyhn: bets $6
mrieko3: calls $6
*** RIVER *** [Th 3s 8c 4h] [Qs]
mrieko3: checks
feiyhn: checks
*** SHOW DOWN ***
mrieko3: shows [9s 7d] (high card Queen)
feiyhn: shows [Jc Td] (a pair of Tens)
feiyhn collected $29.50 from pot
*** SUMMARY ***
Total pot $30 | Rake $0.50
Board [Th 3s 8c 4h Qs]
Seat 3: mrieko3 (big blind) showed [9s 7d] and lost with high card Queen
Seat 6: feiyhn (button) (small blind) showed [Jc Td] and won ($29.50) with a pair of Tens


PokerStars Hand #165253842255:  Hold'em Limit ($3/$6 USD) - 2017/01/27 13:15:45 ET
Table 'Wabash III' 6-max Seat #3 is the button
Seat 3: mrieko3 ($25.65 in chips)
Seat 6: feiyhn ($40.77 in chips)
mrieko3: posts small blind $1
feiyhn: posts big blind $3
*** HOLE CARDS ***
mrieko3: calls $2
feiyhn: raises $3 to $6
mrieko3: calls $3
*** FLOP *** [Kd 6c Js]
feiyhn: bets $3
mrieko3: calls $3
*** TURN *** [Kd 6c Js] [8s]
feiyhn: checks
mrieko3: checks
*** RIVER *** [Kd 6c Js 8s] [7c]
feiyhn: checks
mrieko3: checks
*** SHOW DOWN ***
feiyhn: shows [Ac Jc] (a pair of Jacks)
mrieko3: shows [Jd 7d] (two pair, Jacks and Sevens)
mrieko3 collected $17.64 from pot
*** SUMMARY ***
Total pot $18 | Rake $0.36
Board [Kd 6c Js 8s 7c]
Seat 3: mrieko3 (button) (small blind) showed [Jd 7d] and won ($17.64) with two pair, Jacks and Sevens
Seat 6: feiyhn (big blind) showed [Ac Jc] and lost with a pair of Jacks


PokerStars Hand #165253829105:  Hold'em Limit ($3/$6 USD) - 2017/01/27 13:15:29 ET
Table 'Wabash III' 6-max Seat #6 is the button
Seat 3: mrieko3 ($17.01 in chips)
Seat 6: feiyhn ($49.77 in chips)
feiyhn: posts small blind $1
mrieko3: posts big blind $3
*** HOLE CARDS ***
feiyhn: calls $2
mrieko3: raises $3 to $6
feiyhn: calls $3
*** FLOP *** [Jd 7c Qd]
mrieko3: bets $3
feiyhn: calls $3
*** TURN *** [Jd 7c Qd] [8d]
mrieko3: bets $6
feiyhn: folds
Uncalled bet ($6) returned to mrieko3
mrieko3 collected $17.64 from pot
*** SUMMARY ***
Total pot $18 | Rake $0.36
Board [Jd 7c Qd 8d]
Seat 3: mrieko3 (big blind) collected ($17.64)
Seat 6: feiyhn (button) (small blind) folded on the Turn


PokerStars Hand #165253815853:  Hold'em Limit ($3/$6 USD) - 2017/01/27 13:15:15 ET
Table 'Wabash III' 6-max Seat #3 is the button
Seat 3: mrieko3 ($32.01 in chips)
Seat 6: feiyhn ($35.27 in chips)
mrieko3: posts small blind $1
feiyhn: posts big blind $3
*** HOLE CARDS ***
mrieko3: calls $2
feiyhn: raises $3 to $6
mrieko3: calls $3
*** FLOP *** [Kh Kc 9d]
feiyhn: bets $3
mrieko3: calls $3
*** TURN *** [Kh Kc 9d] [4h]
feiyhn: bets $6
mrieko3: calls $6
*** RIVER *** [Kh Kc 9d 4h] [7c]
feiyhn: bets $6
mrieko3: folds
Uncalled bet ($6) returned to feiyhn
feiyhn collected $29.50 from pot
feiyhn: doesn't show hand
*** SUMMARY ***
Total pot $30 | Rake $0.50
Board [Kh Kc 9d 4h 7c]
Seat 3: mrieko3 (button) (small blind) folded on the River
Seat 6: feiyhn (big blind) collected ($29.50)


PokerStars Hand #165253914529:  Hold'em Limit ($3/$6 USD) - 2017/01/27 13:17:09 ET
Table 'Wabash III' 6-max Seat #3 is the button
Seat 3: mrieko3 ($11.10 in chips)
Seat 6: feiyhn ($53.46 in chips)
mrieko3: posts small blind $1
feiyhn: posts big blind $3
*** HOLE CARDS ***
mrieko3: raises $3 to $6
feiyhn: raises $3 to $9
mrieko3: raises $2.10 to $11.10 and is all-in
Betting is capped
feiyhn: calls $2.10
*** FLOP *** [5s 2d 3s]
*** TURN *** [5s 2d 3s] [Qs]
*** RIVER *** [5s 2d 3s Qs] [6c]
*** SHOW DOWN ***
feiyhn: shows [8d 7d] (high card Queen)
mrieko3: shows [Ac 7c] (high card Ace)
mrieko3 collected $21.76 from pot
*** SUMMARY ***
Total pot $22.20 | Rake $0.44
Board [5s 2d 3s Qs 6c]
Seat 3: mrieko3 (button) (small blind) showed [Ac 7c] and won ($21.76) with high card Ace
Seat 6: feiyhn (big blind) showed [8d 7d] and lost with high card Queen


PokerStars Hand #165253888570:  Hold'em Limit ($3/$6 USD) - 2017/01/27 13:16:39 ET
Table 'Wabash III' 6-max Seat #6 is the button
Seat 3: mrieko3 ($38.08 in chips)
Seat 6: feiyhn ($26.98 in chips)
feiyhn: posts small blind $1
mrieko3: posts big blind $3
*** HOLE CARDS ***
feiyhn: raises $3 to $6
mrieko3: raises $3 to $9
feiyhn: raises $3 to $12
Betting is capped
mrieko3: calls $3
*** FLOP *** [Jh 9s Js]
mrieko3: bets $3
feiyhn: raises $3 to $6
mrieko3: raises $3 to $9
feiyhn: raises $3 to $12
Betting is capped
mrieko3: calls $3
*** TURN *** [Jh 9s Js] [7h]
mrieko3: checks
feiyhn: checks
*** RIVER *** [Jh 9s Js 7h] [5d]
mrieko3: bets $6
feiyhn: calls $2.98 and is all-in
Uncalled bet ($3.02) returned to mrieko3
*** SHOW DOWN ***
mrieko3: shows [5s 8d] (two pair, Jacks and Fives)
feiyhn: shows [Kh Jd] (three of a kind, Jacks)
feiyhn collected $53.46 from pot
*** SUMMARY ***
Total pot $53.96 | Rake $0.50
Board [Jh 9s Js 7h 5d]
Seat 3: mrieko3 (big blind) showed [5s 8d] and lost with two pair, Jacks and Fives
Seat 6: feiyhn (button) (small blind) showed [Kh Jd] and won ($53.46) with three of a kind, Jacks


PokerStars Hand #165253873158:  Hold'em Limit ($3/$6 USD) - 2017/01/27 13:16:21 ET
Table 'Wabash III' 6-max Seat #3 is the button
Seat 3: mrieko3 ($19.29 in chips)
Seat 6: feiyhn ($46.27 in chips)
mrieko3: posts small blind $1
feiyhn: posts big blind $3
*** HOLE CARDS ***
mrieko3: raises $3 to $6
feiyhn: raises $3 to $9
mrieko3: raises $3 to $12
Betting is capped
feiyhn: calls $3
*** FLOP *** [3s 6d 4h]
feiyhn: bets $3
mrieko3: calls $3
*** TURN *** [3s 6d 4h] [6c]
feiyhn: bets $6
mrieko3: calls $4.29 and is all-in
Uncalled bet ($1.71) returned to feiyhn
*** RIVER *** [3s 6d 4h 6c] [8d]
*** SHOW DOWN ***
feiyhn: shows [7s 4c] (two pair, Sixes and Fours)
mrieko3: shows [5c 6h] (three of a kind, Sixes)
mrieko3 collected $38.08 from pot
*** SUMMARY ***
Total pot $38.58 | Rake $0.50
Board [3s 6d 4h 6c 8d]
Seat 3: mrieko3 (button) (small blind) showed [5c 6h] and won ($38.08) with three of a kind, Sixes
Seat 6: feiyhn (big blind) showed [7s 4c] and lost with two pair, Sixes and Fours


PokerStars Hand #165253962204:  Hold'em Limit ($3/$6 USD) - 2017/01/27 13:18:04 ET
Table 'Wabash III' 6-max Seat #3 is the button
Seat 3: mrieko3 ($10.02 in chips)
Seat 6: feiyhn ($52.60 in chips)
mrieko3: posts small blind $1
feiyhn: posts big blind $3
*** HOLE CARDS ***
mrieko3: raises $3 to $6
feiyhn: raises $3 to $9
mrieko3: raises $1.02 to $10.02 and is all-in
Betting is capped
feiyhn: calls $1.02
*** FLOP *** [Kc 4d 3s]
*** TURN *** [Kc 4d 3s] [6s]
*** RIVER *** [Kc 4d 3s 6s] [8h]
*** SHOW DOWN ***
feiyhn: shows [Ad Js] (high card Ace)
mrieko3: shows [6c 5s] (a pair of Sixes)
mrieko3 collected $19.64 from pot
*** SUMMARY ***
Total pot $20.04 | Rake $0.40
Board [Kc 4d 3s 6s 8h]
Seat 3: mrieko3 (button) (small blind) showed [6c 5s] and won ($19.64) with a pair of Sixes
Seat 6: feiyhn (big blind) showed [Ad Js] and lost with high card Ace


PokerStars Hand #165253952704:  Hold'em Limit ($3/$6 USD) - 2017/01/27 13:17:53 ET
Table 'Wabash III' 6-max Seat #6 is the button
Seat 3: mrieko3 ($25.02 in chips)
Seat 6: feiyhn ($38.10 in chips)
feiyhn: posts small blind $1
mrieko3: posts big blind $3
*** HOLE CARDS ***
feiyhn: raises $3 to $6
mrieko3: raises $3 to $9
feiyhn: raises $3 to $12
Betting is capped
mrieko3: calls $3
*** FLOP *** [Tc Jh 8c]
mrieko3: bets $3
feiyhn: raises $3 to $6
mrieko3: folds
Uncalled bet ($3) returned to feiyhn
feiyhn collected $29.50 from pot
feiyhn: doesn't show hand
*** SUMMARY ***
Total pot $30 | Rake $0.50
Board [Tc Jh 8c]
Seat 3: mrieko3 (big blind) folded on the Flop
Seat 6: feiyhn (button) (small blind) collected ($29.50)


PokerStars Hand #165253941933:  Hold'em Limit ($3/$6 USD) - 2017/01/27 13:17:40 ET
Table 'Wabash III' 6-max Seat #3 is the button
Seat 3: mrieko3 ($43.02 in chips)
Seat 6: feiyhn ($20.60 in chips)
mrieko3: posts small blind $1
feiyhn: posts big blind $3
*** HOLE CARDS ***
mrieko3: raises $3 to $6
feiyhn: raises $3 to $9
mrieko3: raises $3 to $12
Betting is capped
feiyhn: calls $3
*** FLOP *** [2d 3d 5h]
feiyhn: bets $3
mrieko3: raises $3 to $6
feiyhn: raises $2.60 to $8.60 and is all-in
mrieko3: folds
Uncalled bet ($2.60) returned to feiyhn
feiyhn collected $35.50 from pot
feiyhn: doesn't show hand
*** SUMMARY ***
Total pot $36 | Rake $0.50
Board [2d 3d 5h]
Seat 3: mrieko3 (button) (small blind) folded on the Flop
Seat 6: feiyhn (big blind) collected ($35.50)


PokerStars Hand #165253925794:  Hold'em Limit ($3/$6 USD) - 2017/01/27 13:17:22 ET
Table 'Wabash III' 6-max Seat #6 is the button
Seat 3: mrieko3 ($21.76 in chips)
Seat 6: feiyhn ($42.36 in chips)
feiyhn: posts small blind $1
mrieko3: posts big blind $3
*** HOLE CARDS ***
feiyhn: raises $3 to $6
mrieko3: raises $3 to $9
feiyhn: raises $3 to $12
Betting is capped
mrieko3: calls $3
*** FLOP *** [5h Ks 3h]
mrieko3: bets $3
feiyhn: raises $3 to $6
mrieko3: raises $3 to $9
feiyhn: raises $3 to $12
Betting is capped
mrieko3: calls $0.76 and is all-in
Uncalled bet ($2.24) returned to feiyhn
*** TURN *** [5h Ks 3h] [9c]
*** RIVER *** [5h Ks 3h 9c] [8c]
*** SHOW DOWN ***
mrieko3: shows [Ah Jd] (high card Ace)
feiyhn: shows [Td 7c] (high card King)
mrieko3 collected $43.02 from pot
*** SUMMARY ***
Total pot $43.52 | Rake $0.50
Board [5h Ks 3h 9c 8c]
Seat 3: mrieko3 (big blind) showed [Ah Jd] and won ($43.02) with high card Ace
Seat 6: feiyhn (button) (small blind) showed [Td 7c] and lost with high card King


PokerStars Hand #165254015473:  Hold'em Limit ($3/$6 USD) - 2017/01/27 13:19:05 ET
Table 'Wabash III' 6-max Seat #6 is the button
Seat 3: mrieko3 ($23.78 in chips)
Seat 6: feiyhn ($37.44 in chips)
feiyhn: posts small blind $1
mrieko3: posts big blind $3
*** HOLE CARDS ***
feiyhn: raises $3 to $6
mrieko3: raises $3 to $9
feiyhn: raises $3 to $12
Betting is capped
mrieko3: calls $3
*** FLOP *** [9h Th 2s]
mrieko3: bets $3
feiyhn: raises $3 to $6
mrieko3: raises $3 to $9
feiyhn: raises $3 to $12
Betting is capped
mrieko3: folds
Uncalled bet ($3) returned to feiyhn
feiyhn collected $41.50 from pot
feiyhn: doesn't show hand
*** SUMMARY ***
Total pot $42 | Rake $0.50
Board [9h Th 2s]
Seat 3: mrieko3 (big blind) folded on the Flop
Seat 6: feiyhn (button) (small blind) collected ($41.50)


PokerStars Hand #165253991939:  Hold'em Limit ($3/$6 USD) - 2017/01/27 13:18:38 ET
Table 'Wabash III' 6-max Seat #3 is the button
Seat 3: mrieko3 ($38.78 in chips)
Seat 6: feiyhn ($22.94 in chips)
mrieko3: posts small blind $1
feiyhn: posts big blind $3
*** HOLE CARDS ***
mrieko3: raises $3 to $6
feiyhn: raises $3 to $9
mrieko3: raises $3 to $12
Betting is capped
feiyhn: calls $3
*** FLOP *** [5s Kh 5d]
feiyhn: bets $3
mrieko3: calls $3
*** TURN *** [5s Kh 5d] [6c]
feiyhn: bets $6
mrieko3: folds
Uncalled bet ($6) returned to feiyhn
feiyhn collected $29.50 from pot
feiyhn: doesn't show hand
*** SUMMARY ***
Total pot $30 | Rake $0.50
Board [5s Kh 5d 6c]
Seat 3: mrieko3 (button) (small blind) folded on the Turn
Seat 6: feiyhn (big blind) collected ($29.50)


PokerStars Hand #165253974232:  Hold'em Limit ($3/$6 USD) - 2017/01/27 13:18:17 ET
Table 'Wabash III' 6-max Seat #6 is the button
Seat 3: mrieko3 ($19.64 in chips)
Seat 6: feiyhn ($42.58 in chips)
feiyhn: posts small blind $1
mrieko3: posts big blind $3
*** HOLE CARDS ***
feiyhn: raises $3 to $6
mrieko3: raises $3 to $9
feiyhn: raises $3 to $12
Betting is capped
mrieko3: calls $3
*** FLOP *** [Th 2h Ad]
mrieko3: bets $3
feiyhn: raises $3 to $6
mrieko3: raises $1.64 to $7.64 and is all-in
feiyhn: calls $1.64
*** TURN *** [Th 2h Ad] [7h]
*** RIVER *** [Th 2h Ad 7h] [Ah]
*** SHOW DOWN ***
mrieko3: shows [5d 6h] (a flush, Ace high)
feiyhn: shows [5s Td] (two pair, Aces and Tens)
mrieko3 collected $38.78 from pot
*** SUMMARY ***
Total pot $39.28 | Rake $0.50
Board [Th 2h Ad 7h Ah]
Seat 3: mrieko3 (big blind) showed [5d 6h] and won ($38.78) with a flush, Ace high
Seat 6: feiyhn (button) (small blind) showed [5s Td] and lost with two pair, Aces and Tens


PokerStars Hand #165254152997:  Hold'em Limit ($3/$6 USD) - 2017/01/27 13:21:44 ET
Table 'Wabash III' 6-max Seat #1 is the button
Seat 1: pompier40 ($120 in chips)
Seat 2: iphone6161 ($120 in chips)
pompier40: posts small blind $1
iphone6161: posts big blind $3
*** HOLE CARDS ***
pompier40: raises $3 to $6
iphone6161: raises $3 to $9
pompier40: raises $3 to $12
Betting is capped
iphone6161: calls $3
*** FLOP *** [Qs 5s Qc]
iphone6161: bets $3
pompier40: raises $3 to $6
iphone6161: calls $3
*** TURN *** [Qs 5s Qc] [2c]
iphone6161: checks
pompier40: bets $6
iphone6161: calls $6
*** RIVER *** [Qs 5s Qc 2c] [3d]
iphone6161: checks
234599330 joins the table at seat #3
pompier40: checks
*** SHOW DOWN ***
iphone6161: shows [Kc As] (a pair of Queens)
pompier40: shows [Td Th] (two pair, Queens and Tens)
pompier40 collected $47.50 from pot
*** SUMMARY ***
Total pot $48 | Rake $0.50
Board [Qs 5s Qc 2c 3d]
Seat 1: pompier40 (button) (small blind) showed [Td Th] and won ($47.50) with two pair, Queens and Tens
Seat 2: iphone6161 (big blind) showed [Kc As] and lost with a pair of Queens


PokerStars Hand #165254283155:  Hold'em Limit ($3/$6 USD) - 2017/01/27 13:24:15 ET
Table 'Wabash III' 6-max Seat #2 is the button
Seat 1: pompier40 ($139.50 in chips)
Seat 2: iphone6161 ($220.36 in chips)
iphone6161: posts small blind $1
234599330: is sitting out
pompier40: posts big blind $3
*** HOLE CARDS ***
iphone6161: raises $3 to $6
pompier40: folds
Uncalled bet ($3) returned to iphone6161
iphone6161 collected $6 from pot
iphone6161: doesn't show hand
*** SUMMARY ***
Total pot $6 | Rake $0
Seat 1: pompier40 (big blind) folded before Flop
Seat 2: iphone6161 (button) (small blind) collected ($6)


PokerStars Hand #165254291062:  Hold'em Limit ($3/$6 USD) - 2017/01/27 13:24:24 ET
Table 'Wabash III' 6-max Seat #1 is the button
Seat 1: pompier40 ($136.50 in chips)
Seat 2: iphone6161 ($223.36 in chips)
pompier40: posts small blind $1
iphone6161: posts big blind $3
*** HOLE CARDS ***
pompier40: raises $3 to $6
iphone6161: calls $3
*** FLOP *** [Tc 9d 2d]
iphone6161: checks
pompier40: checks
*** TURN *** [Tc 9d 2d] [3c]
iphone6161: checks
pompier40: checks
*** RIVER *** [Tc 9d 2d 3c] [3d]
iphone6161: bets $6
pompier40: calls $6
*** SHOW DOWN ***
iphone6161: shows [Js Qd] (a pair of Threes)
pompier40: shows [8c Ah] (a pair of Threes - Ace kicker)
pompier40 collected $23.52 from pot
*** SUMMARY ***
Total pot $24 | Rake $0.48
Board [Tc 9d 2d 3c 3d]
Seat 1: pompier40 (button) (small blind) showed [8c Ah] and won ($23.52) with a pair of Threes
Seat 2: iphone6161 (big blind) showed [Js Qd] and lost with a pair of Threes


PokerStars Hand #165254309136:  Hold'em Limit ($3/$6 USD) - 2017/01/27 13:24:45 ET
Table 'Wabash III' 6-max Seat #2 is the button
Seat 1: pompier40 ($148.02 in chips)
Seat 2: iphone6161 ($211.36 in chips)
iphone6161: posts small blind $1
pompier40: posts big blind $3
*** HOLE CARDS ***
iphone6161: folds
Uncalled bet ($2) returned to pompier40
pompier40 collected $2 from pot
*** SUMMARY ***
Total pot $2 | Rake $0
Seat 1: pompier40 (big blind) collected ($2)
Seat 2: iphone6161 (button) (small blind) folded before Flop


PokerStars Hand #165254313072:  Hold'em Limit ($3/$6 USD) - 2017/01/27 13:24:49 ET
Table 'Wabash III' 6-max Seat #1 is the button
Seat 1: pompier40 ($149.02 in chips)
Seat 2: iphone6161 ($210.36 in chips)
pompier40: posts small blind $1
iphone6161: posts big blind $3
*** HOLE CARDS ***
pompier40: folds
Uncalled bet ($2) returned to iphone6161
iphone6161 collected $2 from pot
iphone6161: doesn't show hand
*** SUMMARY ***
Total pot $2 | Rake $0
Seat 1: pompier40 (button) (small blind) folded before Flop
Seat 2: iphone6161 (big blind) collected ($2)


PokerStars Hand #165259319414:  Hold'em Limit ($3/$6 USD) - 2017/01/27 15:00:39 ET
Table 'Wabash III' 6-max Seat #2 is the button
Seat 2: niplot ($180.25 in chips)
Seat 5: LouisB ($88.41 in chips)
niplot: posts small blind $1
Murrrr_@T: is sitting out
LouisB: posts big blind $3
*** HOLE CARDS ***
Murrrr_@T leaves the table
niplot: raises $3 to $6
LouisB: folds
Uncalled bet ($3) returned to niplot
niplot collected $6 from pot
niplot: doesn't show hand
*** SUMMARY ***
Total pot $6 | Rake $0
Seat 2: niplot (button) (small blind) collected ($6)
Seat 5: LouisB (big blind) folded before Flop


