PokerStars Hand #152918785597:  Hold'em Limit ($3/$6 USD) - 2016/05/06 2:23:48 ET
Table 'Wabash' 6-max Seat #6 is the button
Seat 3: LifeisagameX ($60 in chips)
Seat 6: ChawkDee ($120 in chips)
ChawkDee: posts small blind $1
LifeisagameX: posts big blind $3
*** HOLE CARDS ***
ChawkDee: folds
Uncalled bet ($2) returned to LifeisagameX
LifeisagameX collected $2 from pot
LifeisagameX: doesn't show hand
*** SUMMARY ***
Total pot $2 | Rake $0
Seat 3: LifeisagameX (big blind) collected ($2)
Seat 6: ChawkDee (button) (small blind) folded before Flop


PokerStars Hand #152918789640:  Hold'em Limit ($3/$6 USD) - 2016/05/06 2:24:04 ET
Table 'Wabash' 6-max Seat #6 is the button
Seat 3: LifeisagameX ($64 in chips)
Seat 6: ChawkDee ($116 in chips)
ChawkDee: posts small blind $1
LifeisagameX: posts big blind $3
*** HOLE CARDS ***
ChawkDee: calls $2
Agrotait leaves the table
LifeisagameX: checks
*** FLOP *** [6c 8h 2s]
LifeisagameX: checks
ChawkDee: bets $3
LifeisagameX: calls $3
*** TURN *** [6c 8h 2s] [7d]
LifeisagameX: checks
ChawkDee: bets $6
LifeisagameX: calls $6
*** RIVER *** [6c 8h 2s 7d] [3c]
LifeisagameX: checks
ChawkDee: bets $6
LifeisagameX: calls $6
*** SHOW DOWN ***
ChawkDee: shows [Tc 5c] (high card Ten)
LifeisagameX: shows [7h 4d] (a pair of Sevens)
LifeisagameX collected $35.50 from pot
*** SUMMARY ***
Total pot $36 | Rake $0.50
Board [6c 8h 2s 7d 3c]
Seat 3: LifeisagameX (big blind) showed [7h 4d] and won ($35.50) with a pair of Sevens
Seat 6: ChawkDee (button) (small blind) showed [Tc 5c] and lost with high card Ten


PokerStars Hand #152918818216:  Hold'em Limit ($3/$6 USD) - 2016/05/06 2:25:55 ET
Table 'Wabash' 6-max Seat #6 is the button
Seat 3: LifeisagameX ($105 in chips)
Seat 6: ChawkDee ($74 in chips)
ChawkDee: posts small blind $1
LifeisagameX: posts big blind $3
*** HOLE CARDS ***
ChawkDee: folds
Uncalled bet ($2) returned to LifeisagameX
LifeisagameX collected $2 from pot
LifeisagameX: doesn't show hand
*** SUMMARY ***
Total pot $2 | Rake $0
Seat 3: LifeisagameX (big blind) collected ($2)
Seat 6: ChawkDee (button) (small blind) folded before Flop


PokerStars Hand #152918808280:  Hold'em Limit ($3/$6 USD) - 2016/05/06 2:25:17 ET
Table 'Wabash' 6-max Seat #3 is the button
Seat 3: LifeisagameX ($81.50 in chips)
Seat 6: ChawkDee ($98 in chips)
LifeisagameX: posts small blind $1
ChawkDee: posts big blind $3
*** HOLE CARDS ***
LifeisagameX: raises $3 to $6
ChawkDee: raises $3 to $9
LifeisagameX: calls $3
*** FLOP *** [Jh 4d 6d]
ChawkDee: bets $3
LifeisagameX: calls $3
*** TURN *** [Jh 4d 6d] [7c]
ChawkDee: bets $6
LifeisagameX: raises $6 to $12
ChawkDee: calls $6
*** RIVER *** [Jh 4d 6d 7c] [9d]
ChawkDee: checks
LifeisagameX: bets $6
ChawkDee: folds
Uncalled bet ($6) returned to LifeisagameX
LifeisagameX collected $47.50 from pot
LifeisagameX: doesn't show hand
*** SUMMARY ***
Total pot $48 | Rake $0.50
Board [Jh 4d 6d 7c 9d]
Seat 3: LifeisagameX (button) (small blind) collected ($47.50)
Seat 6: ChawkDee (big blind) folded on the River


PokerStars Hand #152918819706:  Hold'em Limit ($3/$6 USD) - 2016/05/06 2:26:01 ET
Table 'Wabash' 6-max Seat #3 is the button
Seat 3: LifeisagameX ($106 in chips)
Seat 6: ChawkDee ($73 in chips)
LifeisagameX: posts small blind $1
ChawkDee: posts big blind $3
*** HOLE CARDS ***
LifeisagameX: raises $3 to $6
ChawkDee: folds
Uncalled bet ($3) returned to LifeisagameX
LifeisagameX collected $6 from pot
LifeisagameX: doesn't show hand
*** SUMMARY ***
Total pot $6 | Rake $0
Seat 3: LifeisagameX (button) (small blind) collected ($6)
Seat 6: ChawkDee (big blind) folded before Flop


PokerStars Hand #152918829076:  Hold'em Limit ($3/$6 USD) - 2016/05/06 2:26:37 ET
Table 'Wabash' 6-max Seat #3 is the button
Seat 3: LifeisagameX ($103 in chips)
Seat 6: ChawkDee ($75.76 in chips)
LifeisagameX: posts small blind $1
ChawkDee: posts big blind $3
*** HOLE CARDS ***
LifeisagameX: raises $3 to $6
ChawkDee: raises $3 to $9
LifeisagameX: calls $3
*** FLOP *** [8s 2s Ac]
ChawkDee: bets $3
LifeisagameX: calls $3
*** TURN *** [8s 2s Ac] [4c]
ChawkDee: bets $6
LifeisagameX: calls $6
*** RIVER *** [8s 2s Ac 4c] [4s]
ChawkDee: bets $6
LifeisagameX: calls $6
*** SHOW DOWN ***
ChawkDee: shows [9s Ks] (a flush, King high)
LifeisagameX: mucks hand
ChawkDee collected $47.50 from pot
*** SUMMARY ***
Total pot $48 | Rake $0.50
Board [8s 2s Ac 4c 4s]
Seat 3: LifeisagameX (button) (small blind) mucked
Seat 6: ChawkDee (big blind) showed [9s Ks] and won ($47.50) with a flush, King high


PokerStars Hand #152918838182:  Hold'em Limit ($3/$6 USD) - 2016/05/06 2:27:12 ET
Table 'Wabash' 6-max Seat #6 is the button
Seat 3: LifeisagameX ($79 in chips)
Seat 6: ChawkDee ($99.26 in chips)
ChawkDee: posts small blind $1
LifeisagameX: posts big blind $3
*** HOLE CARDS ***
ChawkDee: folds
Uncalled bet ($2) returned to LifeisagameX
LifeisagameX collected $2 from pot
LifeisagameX: doesn't show hand
*** SUMMARY ***
Total pot $2 | Rake $0
Seat 3: LifeisagameX (big blind) collected ($2)
Seat 6: ChawkDee (button) (small blind) folded before Flop


PokerStars Hand #152918821901:  Hold'em Limit ($3/$6 USD) - 2016/05/06 2:26:09 ET
Table 'Wabash' 6-max Seat #6 is the button
Seat 3: LifeisagameX ($109 in chips)
Seat 6: ChawkDee ($70 in chips)
ChawkDee: posts small blind $1
LifeisagameX: posts big blind $3
*** HOLE CARDS ***
ChawkDee: raises $3 to $6
LifeisagameX: calls $3
*** FLOP *** [6d Ts 5c]
LifeisagameX: checks
ChawkDee: bets $3
LifeisagameX: folds
Uncalled bet ($3) returned to ChawkDee
ChawkDee collected $11.76 from pot
ChawkDee: doesn't show hand
*** SUMMARY ***
Total pot $12 | Rake $0.24
Board [6d Ts 5c]
Seat 3: LifeisagameX (big blind) folded on the Flop
Seat 6: ChawkDee (button) (small blind) collected ($11.76)


PokerStars Hand #152918841599:  Hold'em Limit ($3/$6 USD) - 2016/05/06 2:27:26 ET
Table 'Wabash' 6-max Seat #6 is the button
Seat 3: LifeisagameX ($83 in chips)
Seat 6: ChawkDee ($95.26 in chips)
ChawkDee: posts small blind $1
LifeisagameX: posts big blind $3
*** HOLE CARDS ***
ChawkDee: raises $3 to $6
LifeisagameX: calls $3
*** FLOP *** [2c 7h 8d]
LifeisagameX: checks
ChawkDee: bets $3
LifeisagameX: folds
Uncalled bet ($3) returned to ChawkDee
ChawkDee collected $11.76 from pot
ChawkDee: doesn't show hand
*** SUMMARY ***
Total pot $12 | Rake $0.24
Board [2c 7h 8d]
Seat 3: LifeisagameX (big blind) folded on the Flop
Seat 6: ChawkDee (button) (small blind) collected ($11.76)


PokerStars Hand #152918839744:  Hold'em Limit ($3/$6 USD) - 2016/05/06 2:27:19 ET
Table 'Wabash' 6-max Seat #3 is the button
Seat 3: LifeisagameX ($80 in chips)
Seat 6: ChawkDee ($98.26 in chips)
LifeisagameX: posts small blind $1
ChawkDee: posts big blind $3
*** HOLE CARDS ***
LifeisagameX: raises $3 to $6
ChawkDee: folds
Uncalled bet ($3) returned to LifeisagameX
LifeisagameX collected $6 from pot
LifeisagameX: doesn't show hand
*** SUMMARY ***
Total pot $6 | Rake $0
Seat 3: LifeisagameX (button) (small blind) collected ($6)
Seat 6: ChawkDee (big blind) folded before Flop


PokerStars Hand #152918861811:  Hold'em Limit ($3/$6 USD) - 2016/05/06 2:28:44 ET
Table 'Wabash' 6-max Seat #6 is the button
Seat 3: LifeisagameX ($69 in chips)
Seat 6: ChawkDee ($108.54 in chips)
ChawkDee: posts small blind $1
LifeisagameX: posts big blind $3
*** HOLE CARDS ***
ChawkDee: raises $3 to $6
LifeisagameX: calls $3
*** FLOP *** [4d Td 6h]
LifeisagameX: checks
ChawkDee: bets $3
LifeisagameX: calls $3
*** TURN *** [4d Td 6h] [Js]
LifeisagameX: checks
ChawkDee: checks
*** RIVER *** [4d Td 6h Js] [5h]
LifeisagameX: bets $6
ChawkDee: raises $6 to $12
LifeisagameX: calls $6
*** SHOW DOWN ***
ChawkDee: shows [7h 3h] (a straight, Three to Seven)
LifeisagameX: mucks hand
ChawkDee collected $41.50 from pot
*** SUMMARY ***
Total pot $42 | Rake $0.50
Board [4d Td 6h Js 5h]
Seat 3: LifeisagameX (big blind) mucked
Seat 6: ChawkDee (button) (small blind) showed [7h 3h] and won ($41.50) with a straight, Three to Seven


PokerStars Hand #152918859735:  Hold'em Limit ($3/$6 USD) - 2016/05/06 2:28:35 ET
Table 'Wabash' 6-max Seat #3 is the button
Seat 3: LifeisagameX ($66 in chips)
Seat 6: ChawkDee ($111.54 in chips)
LifeisagameX: posts small blind $1
ChawkDee: posts big blind $3
*** HOLE CARDS ***
LifeisagameX: raises $3 to $6
ChawkDee: folds
Uncalled bet ($3) returned to LifeisagameX
LifeisagameX collected $6 from pot
LifeisagameX: doesn't show hand
*** SUMMARY ***
Total pot $6 | Rake $0
Seat 3: LifeisagameX (button) (small blind) collected ($6)
Seat 6: ChawkDee (big blind) folded before Flop


PokerStars Hand #152918857680:  Hold'em Limit ($3/$6 USD) - 2016/05/06 2:28:28 ET
Table 'Wabash' 6-max Seat #6 is the button
Seat 3: LifeisagameX ($65 in chips)
Seat 6: ChawkDee ($112.54 in chips)
ChawkDee: posts small blind $1
LifeisagameX: posts big blind $3
*** HOLE CARDS ***
ChawkDee: folds
Uncalled bet ($2) returned to LifeisagameX
LifeisagameX collected $2 from pot
LifeisagameX: doesn't show hand
*** SUMMARY ***
Total pot $2 | Rake $0
Seat 3: LifeisagameX (big blind) collected ($2)
Seat 6: ChawkDee (button) (small blind) folded before Flop


PokerStars Hand #152918849174:  Hold'em Limit ($3/$6 USD) - 2016/05/06 2:27:55 ET
Table 'Wabash' 6-max Seat #3 is the button
Seat 3: LifeisagameX ($77 in chips)
Seat 6: ChawkDee ($101.02 in chips)
LifeisagameX: posts small blind $1
ChawkDee: posts big blind $3
*** HOLE CARDS ***
LifeisagameX: raises $3 to $6
ChawkDee: raises $3 to $9
LifeisagameX: calls $3
*** FLOP *** [Ad Jh 7d]
ChawkDee: bets $3
LifeisagameX: calls $3
*** TURN *** [Ad Jh 7d] [Ah]
ChawkDee: bets $6
LifeisagameX: folds
Uncalled bet ($6) returned to ChawkDee
ChawkDee collected $23.52 from pot
ChawkDee: doesn't show hand
*** SUMMARY ***
Total pot $24 | Rake $0.48
Board [Ad Jh 7d Ah]
Seat 3: LifeisagameX (button) (small blind) folded on the Turn
Seat 6: ChawkDee (big blind) collected ($23.52)


PokerStars Hand #152918875488:  Hold'em Limit ($3/$6 USD) - 2016/05/06 2:29:37 ET
Table 'Wabash' 6-max Seat #6 is the button
Seat 3: LifeisagameX ($51 in chips)
Seat 6: ChawkDee ($126.04 in chips)
ChawkDee: posts small blind $1
LifeisagameX: posts big blind $3
*** HOLE CARDS ***
ChawkDee said, "are you raising every hand?"
ChawkDee: folds
Uncalled bet ($2) returned to LifeisagameX
LifeisagameX collected $2 from pot
LifeisagameX: doesn't show hand
*** SUMMARY ***
Total pot $2 | Rake $0
Seat 3: LifeisagameX (big blind) collected ($2)
Seat 6: ChawkDee (button) (small blind) folded before Flop


PokerStars Hand #152918871359:  Hold'em Limit ($3/$6 USD) - 2016/05/06 2:29:21 ET
Table 'Wabash' 6-max Seat #3 is the button
Seat 3: LifeisagameX ($48 in chips)
Seat 6: ChawkDee ($129.04 in chips)
LifeisagameX: posts small blind $1
ChawkDee: posts big blind $3
*** HOLE CARDS ***
LifeisagameX: raises $3 to $6
ChawkDee: folds
Uncalled bet ($3) returned to LifeisagameX
LifeisagameX collected $6 from pot
LifeisagameX: doesn't show hand
*** SUMMARY ***
Total pot $6 | Rake $0
Seat 3: LifeisagameX (button) (small blind) collected ($6)
Seat 6: ChawkDee (big blind) folded before Flop


