PokerStars Hand #169696314015:  Hold'em Limit ($3/$6 USD) - 2017/04/28 20:44:34 ET
Table 'Wachmann' 6-max Seat #4 is the button
Seat 1: Velbor107 ($305.76 in chips)
Seat 4: ElverGalinda ($72 in chips)
ElverGalinda: posts small blind $1
Velbor107: posts big blind $3
*** HOLE CARDS ***
ElverGalinda: folds
Uncalled bet ($2) returned to Velbor107
Velbor107 collected $2 from pot
*** SUMMARY ***
Total pot $2 | Rake $0
Seat 1: Velbor107 (big blind) collected ($2)
Seat 4: ElverGalinda (button) (small blind) folded before Flop


PokerStars Hand #169696299681:  Hold'em Limit ($3/$6 USD) - 2017/04/28 20:44:05 ET
Table 'Wachmann' 6-max Seat #1 is the button
Seat 1: Velbor107 ($300 in chips)
Seat 4: ElverGalinda ($72 in chips)
Velbor107: posts small blind $1
ElverGalinda: posts big blind $3
*** HOLE CARDS ***
Velbor107: raises $3 to $6
ElverGalinda: calls $3
*** FLOP *** [9d 4s 9c]
ElverGalinda: checks
Velbor107: checks
*** TURN *** [9d 4s 9c] [6s]
ElverGalinda: checks
Velbor107: checks
*** RIVER *** [9d 4s 9c 6s] [Js]
ElverGalinda: checks
Velbor107: checks
*** SHOW DOWN ***
ElverGalinda: shows [8c Qs] (a pair of Nines)
Velbor107: shows [Tc Qd] (a pair of Nines - Queen+Jack+Ten kicker)
Velbor107 collected $11.76 from pot
*** SUMMARY ***
Total pot $12 | Rake $0.24
Board [9d 4s 9c 6s Js]
Seat 1: Velbor107 (button) (small blind) showed [Tc Qd] and won ($11.76) with a pair of Nines
Seat 4: ElverGalinda (big blind) showed [8c Qs] and lost with a pair of Nines


PokerStars Hand #169696334815:  Hold'em Limit ($3/$6 USD) - 2017/04/28 20:45:18 ET
Table 'Wachmann' 6-max Seat #4 is the button
Seat 1: Velbor107 ($306.51 in chips)
Seat 4: ElverGalinda ($72 in chips)
ElverGalinda: posts small blind $1
Velbor107: posts big blind $3
*** HOLE CARDS ***
ElverGalinda: folds
Uncalled bet ($2) returned to Velbor107
Velbor107 collected $2 from pot
*** SUMMARY ***
Total pot $2 | Rake $0
Seat 1: Velbor107 (big blind) collected ($2)
Seat 4: ElverGalinda (button) (small blind) folded before Flop


PokerStars Hand #169696317479:  Hold'em Limit ($3/$6 USD) - 2017/04/28 20:44:42 ET
Table 'Wachmann' 6-max Seat #1 is the button
Seat 1: Velbor107 ($306.76 in chips)
Seat 4: ElverGalinda ($72 in chips)
Velbor107: posts small blind $1
ElverGalinda: posts big blind $3
*** HOLE CARDS ***
Velbor107: raises $3 to $6
ElverGalinda: calls $3
*** FLOP *** [6d As Ts]
ElverGalinda: checks
Velbor107: bets $3
ElverGalinda: calls $3
*** TURN *** [6d As Ts] [6h]
ElverGalinda: checks
Velbor107: checks
*** RIVER *** [6d As Ts 6h] [Td]
ElverGalinda: bets $6
Velbor107: calls $6
*** SHOW DOWN ***
ElverGalinda: shows [7d 9d] (two pair, Tens and Sixes)
Velbor107: shows [Kh Qc] (two pair, Tens and Sixes)
ElverGalinda collected $14.75 from pot
Velbor107 collected $14.75 from pot
*** SUMMARY ***
Total pot $30 | Rake $0.50
Board [6d As Ts 6h Td]
Seat 1: Velbor107 (button) (small blind) showed [Kh Qc] and won ($14.75) with two pair, Tens and Sixes
Seat 4: ElverGalinda (big blind) showed [7d 9d] and won ($14.75) with two pair, Tens and Sixes


PokerStars Hand #169696366881:  Hold'em Limit ($3/$6 USD) - 2017/04/28 20:46:24 ET
Table 'Wachmann' 6-max Seat #1 is the button
Seat 1: Velbor107 ($322.01 in chips)
Seat 4: ElverGalinda ($75 in chips)
Velbor107: posts small blind $1
ElverGalinda: posts big blind $3
*** HOLE CARDS ***
Velbor107: folds
Uncalled bet ($2) returned to ElverGalinda
ElverGalinda collected $2 from pot
*** SUMMARY ***
Total pot $2 | Rake $0
Seat 1: Velbor107 (button) (small blind) folded before Flop
Seat 4: ElverGalinda (big blind) collected ($2)


PokerStars Hand #169696361391:  Hold'em Limit ($3/$6 USD) - 2017/04/28 20:46:12 ET
Table 'Wachmann' 6-max Seat #4 is the button
Seat 1: Velbor107 ($325.01 in chips)
Seat 4: ElverGalinda ($72 in chips)
ElverGalinda: posts small blind $1
Velbor107: posts big blind $3
*** HOLE CARDS ***
ElverGalinda: raises $3 to $6
Velbor107: folds
Uncalled bet ($3) returned to ElverGalinda
ElverGalinda collected $6 from pot
*** SUMMARY ***
Total pot $6 | Rake $0
Seat 1: Velbor107 (big blind) folded before Flop
Seat 4: ElverGalinda (button) (small blind) collected ($6)


PokerStars Hand #169696340430:  Hold'em Limit ($3/$6 USD) - 2017/04/28 20:45:29 ET
Table 'Wachmann' 6-max Seat #1 is the button
Seat 1: Velbor107 ($307.51 in chips)
Seat 4: ElverGalinda ($72 in chips)
Velbor107: posts small blind $1
ElverGalinda: posts big blind $3
*** HOLE CARDS ***
Velbor107: raises $3 to $6
ElverGalinda: calls $3
*** FLOP *** [7h Qd 9h]
ElverGalinda: checks
Velbor107: bets $3
ElverGalinda: raises $3 to $6
Velbor107: calls $3
*** TURN *** [7h Qd 9h] [6c]
ElverGalinda: checks
Velbor107: bets $6
ElverGalinda: calls $6
*** RIVER *** [7h Qd 9h 6c] [Kd]
ElverGalinda: checks
Velbor107: bets $6
ElverGalinda: folds
Uncalled bet ($6) returned to Velbor107
Velbor107 collected $35.50 from pot
*** SUMMARY ***
Total pot $36 | Rake $0.50
Board [7h Qd 9h 6c Kd]
Seat 1: Velbor107 (button) (small blind) collected ($35.50)
Seat 4: ElverGalinda (big blind) folded on the River


PokerStars Hand #169696385749:  Hold'em Limit ($3/$6 USD) - 2017/04/28 20:47:03 ET
Table 'Wachmann' 6-max Seat #1 is the button
Seat 1: Velbor107 ($315.01 in chips)
Seat 4: ElverGalinda ($81.76 in chips)
Velbor107: posts small blind $1
ElverGalinda: posts big blind $3
*** HOLE CARDS ***
Velbor107: raises $3 to $6
ElverGalinda: calls $3
*** FLOP *** [Ks 8s 3c]
ElverGalinda: checks
Velbor107: bets $3
ElverGalinda: folds
Uncalled bet ($3) returned to Velbor107
Velbor107 collected $11.76 from pot
*** SUMMARY ***
Total pot $12 | Rake $0.24
Board [Ks 8s 3c]
Seat 1: Velbor107 (button) (small blind) collected ($11.76)
Seat 4: ElverGalinda (big blind) folded on the Flop


PokerStars Hand #169696371604:  Hold'em Limit ($3/$6 USD) - 2017/04/28 20:46:34 ET
Table 'Wachmann' 6-max Seat #4 is the button
Seat 1: Velbor107 ($321.01 in chips)
Seat 4: ElverGalinda ($76 in chips)
ElverGalinda: posts small blind $1
Velbor107: posts big blind $3
*** HOLE CARDS ***
ElverGalinda: raises $3 to $6
Velbor107: calls $3
*** FLOP *** [Td 4d 4h]
Velbor107: checks
ElverGalinda: checks
*** TURN *** [Td 4d 4h] [7d]
Velbor107: checks
ElverGalinda: checks
*** RIVER *** [Td 4d 4h 7d] [3d]
Velbor107: checks
ElverGalinda: bets $6
Velbor107: folds
Uncalled bet ($6) returned to ElverGalinda
ElverGalinda collected $11.76 from pot
*** SUMMARY ***
Total pot $12 | Rake $0.24
Board [Td 4d 4h 7d 3d]
Seat 1: Velbor107 (big blind) folded on the River
Seat 4: ElverGalinda (button) (small blind) collected ($11.76)


PokerStars Hand #169696412896:  Hold'em Limit ($3/$6 USD) - 2017/04/28 20:48:00 ET
Table 'Wachmann' 6-max Seat #1 is the button
Seat 1: Velbor107 ($341.27 in chips)
Seat 4: ElverGalinda ($57.02 in chips)
Velbor107: posts small blind $1
ElverGalinda: posts big blind $3
*** HOLE CARDS ***
cabrinhakite joins the table at seat #5
Velbor107: raises $3 to $6
ElverGalinda: calls $3
*** FLOP *** [3s Qs Ad]
ElverGalinda said, "vwp"
ElverGalinda: checks
Velbor107: bets $3
ElverGalinda: calls $3
*** TURN *** [3s Qs Ad] [Jc]
ElverGalinda: checks
Velbor107: checks
*** RIVER *** [3s Qs Ad Jc] [3d]
ElverGalinda: checks
Velbor107: checks
*** SHOW DOWN ***
ElverGalinda: shows [5d 5h] (two pair, Fives and Threes)
Velbor107: mucks hand
ElverGalinda collected $17.64 from pot
*** SUMMARY ***
Total pot $18 | Rake $0.36
Board [3s Qs Ad Jc 3d]
Seat 1: Velbor107 (button) (small blind) mucked
Seat 4: ElverGalinda (big blind) showed [5d 5h] and won ($17.64) with two pair, Fives and Threes


PokerStars Hand #169696392406:  Hold'em Limit ($3/$6 USD) - 2017/04/28 20:47:17 ET
Table 'Wachmann' 6-max Seat #4 is the button
Seat 1: Velbor107 ($320.77 in chips)
Seat 4: ElverGalinda ($75.76 in chips)
ElverGalinda: posts small blind $1
Velbor107: posts big blind $3
*** HOLE CARDS ***
ElverGalinda: raises $3 to $6
Velbor107: raises $3 to $9
ElverGalinda: calls $3
*** FLOP *** [Ks Jh 3h]
Velbor107: bets $3
ElverGalinda: raises $3 to $6
Velbor107: calls $3
*** TURN *** [Ks Jh 3h] [8c]
Velbor107: checks
ElverGalinda: bets $6
Velbor107: calls $6
*** RIVER *** [Ks Jh 3h 8c] [Qh]
Velbor107: checks
ElverGalinda: checks
*** SHOW DOWN ***
Velbor107: shows [Tc Ad] (a straight, Ten to Ace)
ElverGalinda: mucks hand
Velbor107 collected $41.50 from pot
*** SUMMARY ***
Total pot $42 | Rake $0.50
Board [Ks Jh 3h 8c Qh]
Seat 1: Velbor107 (big blind) showed [Tc Ad] and won ($41.50) with a straight, Ten to Ace
Seat 4: ElverGalinda (button) (small blind) mucked


PokerStars Hand #169696459755:  Hold'em Limit ($3/$6 USD) - 2017/04/28 20:49:38 ET
Table 'Wachmann' 6-max Seat #4 is the button
Seat 1: Velbor107 ($328.27 in chips)
Seat 4: ElverGalinda ($73.12 in chips)
ElverGalinda: posts small blind $1
Velbor107: posts big blind $3
*** HOLE CARDS ***
ElverGalinda: raises $3 to $6
Velbor107: folds
Uncalled bet ($3) returned to ElverGalinda
ElverGalinda collected $6 from pot
*** SUMMARY ***
Total pot $6 | Rake $0
Seat 1: Velbor107 (big blind) folded before Flop
Seat 4: ElverGalinda (button) (small blind) collected ($6)


PokerStars Hand #169696463328:  Hold'em Limit ($3/$6 USD) - 2017/04/28 20:49:46 ET
Table 'Wachmann' 6-max Seat #1 is the button
Seat 1: Velbor107 ($325.27 in chips)
Seat 4: ElverGalinda ($76.12 in chips)
Velbor107: posts small blind $1
ElverGalinda: posts big blind $3
*** HOLE CARDS ***
Velbor107: raises $3 to $6
ElverGalinda: raises $3 to $9
Chessnok joins the table at seat #5
Velbor107: calls $3
*** FLOP *** [Kc 7h 8h]
ElverGalinda: checks
Velbor107: checks
*** TURN *** [Kc 7h 8h] [3h]
ElverGalinda: bets $6
Velbor107: calls $6
*** RIVER *** [Kc 7h 8h 3h] [7c]
ElverGalinda: bets $6
Velbor107: folds
Uncalled bet ($6) returned to ElverGalinda
ElverGalinda collected $29.50 from pot
*** SUMMARY ***
Total pot $30 | Rake $0.50
Board [Kc 7h 8h 3h 7c]
Seat 1: Velbor107 (button) (small blind) folded on the River
Seat 4: ElverGalinda (big blind) collected ($29.50)


PokerStars Hand #169696551890:  Hold'em Limit ($3/$6 USD) - 2017/04/28 20:52:51 ET
Table 'Wachmann' 6-max Seat #5 is the button
Seat 4: ElverGalinda ($82.18 in chips)
Seat 5: Chessnok ($139.33 in chips)
Chessnok: posts small blind $1
ElverGalinda: posts big blind $3
*** HOLE CARDS ***
Chessnok: raises $3 to $6
ElverGalinda: folds
Uncalled bet ($3) returned to Chessnok
Chessnok collected $6 from pot
Chessnok: doesn't show hand
*** SUMMARY ***
Total pot $6 | Rake $0
Seat 4: ElverGalinda (big blind) folded before Flop
Seat 5: Chessnok (button) (small blind) collected ($6)


PokerStars Hand #169696543808:  Hold'em Limit ($3/$6 USD) - 2017/04/28 20:52:34 ET
Table 'Wachmann' 6-max Seat #4 is the button
Seat 4: ElverGalinda ($106.18 in chips)
Seat 5: Chessnok ($115.83 in chips)
ElverGalinda: posts small blind $1
Chessnok: posts big blind $3
*** HOLE CARDS ***
ElverGalinda: raises $3 to $6
Chessnok: calls $3
*** FLOP *** [Ks 6s 5d]
Chessnok: checks
ElverGalinda: bets $3
Chessnok: raises $3 to $6
ElverGalinda: calls $3
*** TURN *** [Ks 6s 5d] [8d]
Chessnok: bets $6
ElverGalinda: raises $6 to $12
Chessnok: calls $6
*** RIVER *** [Ks 6s 5d 8d] [3s]
Chessnok: checks
ElverGalinda: checks
*** SHOW DOWN ***
Chessnok: shows [Kc 7s] (a pair of Kings)
ElverGalinda: mucks hand
Chessnok collected $47.50 from pot
*** SUMMARY ***
Total pot $48 | Rake $0.50
Board [Ks 6s 5d 8d 3s]
Seat 4: ElverGalinda (button) (small blind) mucked
Seat 5: Chessnok (big blind) showed [Kc 7s] and won ($47.50) with a pair of Kings


PokerStars Hand #169696541155:  Hold'em Limit ($3/$6 USD) - 2017/04/28 20:52:28 ET
Table 'Wachmann' 6-max Seat #5 is the button
Seat 4: ElverGalinda ($105.18 in chips)
Seat 5: Chessnok ($116.83 in chips)
Chessnok: posts small blind $1
ElverGalinda: posts big blind $3
*** HOLE CARDS ***
Chessnok: folds
Uncalled bet ($2) returned to ElverGalinda
ElverGalinda collected $2 from pot
*** SUMMARY ***
Total pot $2 | Rake $0
Seat 4: ElverGalinda (big blind) collected ($2)
Seat 5: Chessnok (button) (small blind) folded before Flop


PokerStars Hand #169696538767:  Hold'em Limit ($3/$6 USD) - 2017/04/28 20:52:23 ET
Table 'Wachmann' 6-max Seat #4 is the button
Seat 4: ElverGalinda ($106.18 in chips)
Seat 5: Chessnok ($115.83 in chips)
ElverGalinda: posts small blind $1
Chessnok: posts big blind $3
*** HOLE CARDS ***
ElverGalinda: folds
Uncalled bet ($2) returned to Chessnok
Chessnok collected $2 from pot
Chessnok: doesn't show hand
*** SUMMARY ***
Total pot $2 | Rake $0
Seat 4: ElverGalinda (button) (small blind) folded before Flop
Seat 5: Chessnok (big blind) collected ($2)


PokerStars Hand #169696536315:  Hold'em Limit ($3/$6 USD) - 2017/04/28 20:52:18 ET
Table 'Wachmann' 6-max Seat #5 is the button
Seat 4: ElverGalinda ($109.18 in chips)
Seat 5: Chessnok ($112.83 in chips)
Chessnok: posts small blind $1
ElverGalinda: posts big blind $3
*** HOLE CARDS ***
Chessnok: raises $3 to $6
ElverGalinda: folds
Uncalled bet ($3) returned to Chessnok
Chessnok collected $6 from pot
Chessnok: doesn't show hand
*** SUMMARY ***
Total pot $6 | Rake $0
Seat 4: ElverGalinda (big blind) folded before Flop
Seat 5: Chessnok (button) (small blind) collected ($6)


PokerStars Hand #169696533487:  Hold'em Limit ($3/$6 USD) - 2017/04/28 20:52:12 ET
Table 'Wachmann' 6-max Seat #4 is the button
Seat 4: ElverGalinda ($106.18 in chips)
Seat 5: Chessnok ($115.83 in chips)
ElverGalinda: posts small blind $1
Chessnok: posts big blind $3
*** HOLE CARDS ***
ElverGalinda: raises $3 to $6
Chessnok: folds
Uncalled bet ($3) returned to ElverGalinda
ElverGalinda collected $6 from pot
*** SUMMARY ***
Total pot $6 | Rake $0
Seat 4: ElverGalinda (button) (small blind) collected ($6)
Seat 5: Chessnok (big blind) folded before Flop


PokerStars Hand #169696530872:  Hold'em Limit ($3/$6 USD) - 2017/04/28 20:52:06 ET
Table 'Wachmann' 6-max Seat #5 is the button
Seat 4: ElverGalinda ($109.18 in chips)
Seat 5: Chessnok ($112.83 in chips)
Chessnok: posts small blind $1
Velbor107: is sitting out
ElverGalinda: posts big blind $3
*** HOLE CARDS ***
Chessnok: raises $3 to $6
ElverGalinda: folds
Uncalled bet ($3) returned to Chessnok
Velbor107 leaves the table
Chessnok collected $6 from pot
Chessnok: doesn't show hand
*** SUMMARY ***
Total pot $6 | Rake $0
Seat 4: ElverGalinda (big blind) folded before Flop
Seat 5: Chessnok (button) (small blind) collected ($6)


PokerStars Hand #169696580038:  Hold'em Limit ($3/$6 USD) - 2017/04/28 20:53:50 ET
Table 'Wachmann' 6-max Seat #4 is the button
Seat 4: ElverGalinda ($103.44 in chips)
Seat 5: Chessnok ($117.33 in chips)
ElverGalinda: posts small blind $1
Chessnok: posts big blind $3
*** HOLE CARDS ***
ElverGalinda: folds
Uncalled bet ($2) returned to Chessnok
Chessnok collected $2 from pot
Chessnok: doesn't show hand
*** SUMMARY ***
Total pot $2 | Rake $0
Seat 4: ElverGalinda (button) (small blind) folded before Flop
Seat 5: Chessnok (big blind) collected ($2)


PokerStars Hand #169696577661:  Hold'em Limit ($3/$6 USD) - 2017/04/28 20:53:45 ET
Table 'Wachmann' 6-max Seat #5 is the button
Seat 4: ElverGalinda ($102.44 in chips)
Seat 5: Chessnok ($118.33 in chips)
Chessnok: posts small blind $1
ElverGalinda: posts big blind $3
*** HOLE CARDS ***
Chessnok: folds
Uncalled bet ($2) returned to ElverGalinda
ElverGalinda collected $2 from pot
*** SUMMARY ***
Total pot $2 | Rake $0
Seat 4: ElverGalinda (big blind) collected ($2)
Seat 5: Chessnok (button) (small blind) folded before Flop


PokerStars Hand #169696572994:  Hold'em Limit ($3/$6 USD) - 2017/04/28 20:53:35 ET
Table 'Wachmann' 6-max Seat #4 is the button
Seat 4: ElverGalinda ($96.68 in chips)
Seat 5: Chessnok ($124.33 in chips)
ElverGalinda: posts small blind $1
Chessnok: posts big blind $3
*** HOLE CARDS ***
ElverGalinda: raises $3 to $6
Chessnok: calls $3
*** FLOP *** [Tc 9h Kh]
Chessnok: checks
ElverGalinda: bets $3
Chessnok: folds
Uncalled bet ($3) returned to ElverGalinda
ElverGalinda collected $11.76 from pot
*** SUMMARY ***
Total pot $12 | Rake $0.24
Board [Tc 9h Kh]
Seat 4: ElverGalinda (button) (small blind) collected ($11.76)
Seat 5: Chessnok (big blind) folded on the Flop


PokerStars Hand #169696570864:  Hold'em Limit ($3/$6 USD) - 2017/04/28 20:53:31 ET
Table 'Wachmann' 6-max Seat #5 is the button
Seat 4: ElverGalinda ($95.68 in chips)
Seat 5: Chessnok ($125.33 in chips)
Chessnok: posts small blind $1
ElverGalinda: posts big blind $3
*** HOLE CARDS ***
Chessnok: folds
Uncalled bet ($2) returned to ElverGalinda
ElverGalinda collected $2 from pot
*** SUMMARY ***
Total pot $2 | Rake $0
Seat 4: ElverGalinda (big blind) collected ($2)
Seat 5: Chessnok (button) (small blind) folded before Flop


PokerStars Hand #169696560206:  Hold'em Limit ($3/$6 USD) - 2017/04/28 20:53:08 ET
Table 'Wachmann' 6-max Seat #4 is the button
Seat 4: ElverGalinda ($75.18 in chips)
Seat 5: Chessnok ($146.33 in chips)
ElverGalinda: posts small blind $1
Chessnok: posts big blind $3
*** HOLE CARDS ***
ElverGalinda: raises $3 to $6
Chessnok: raises $3 to $9
ElverGalinda: raises $3 to $12
Betting is capped
Chessnok: calls $3
*** FLOP *** [4c Ts Qd]
Chessnok: checks
ElverGalinda: bets $3
Chessnok: calls $3
*** TURN *** [4c Ts Qd] [Qs]
Chessnok: checks
ElverGalinda: bets $6
Chessnok: calls $6
*** RIVER *** [4c Ts Qd Qs] [Td]
Chessnok: checks
ElverGalinda: bets $6
Chessnok: folds
Uncalled bet ($6) returned to ElverGalinda
ElverGalinda collected $41.50 from pot
*** SUMMARY ***
Total pot $42 | Rake $0.50
Board [4c Ts Qd Qs Td]
Seat 4: ElverGalinda (button) (small blind) collected ($41.50)
Seat 5: Chessnok (big blind) folded on the River


PokerStars Hand #169696556615:  Hold'em Limit ($3/$6 USD) - 2017/04/28 20:53:01 ET
Table 'Wachmann' 6-max Seat #5 is the button
Seat 4: ElverGalinda ($78.18 in chips)
Seat 5: Chessnok ($143.33 in chips)
Chessnok: posts small blind $1
ElverGalinda: posts big blind $3
*** HOLE CARDS ***
Chessnok: raises $3 to $6
ElverGalinda: folds
Uncalled bet ($3) returned to Chessnok
Chessnok collected $6 from pot
Chessnok: doesn't show hand
*** SUMMARY ***
Total pot $6 | Rake $0
Seat 4: ElverGalinda (big blind) folded before Flop
Seat 5: Chessnok (button) (small blind) collected ($6)


PokerStars Hand #169696554419:  Hold'em Limit ($3/$6 USD) - 2017/04/28 20:52:56 ET
Table 'Wachmann' 6-max Seat #4 is the button
Seat 4: ElverGalinda ($79.18 in chips)
Seat 5: Chessnok ($142.33 in chips)
ElverGalinda: posts small blind $1
Chessnok: posts big blind $3
*** HOLE CARDS ***
ElverGalinda: folds
Uncalled bet ($2) returned to Chessnok
Chessnok collected $2 from pot
Chessnok: doesn't show hand
*** SUMMARY ***
Total pot $2 | Rake $0
Seat 4: ElverGalinda (button) (small blind) folded before Flop
Seat 5: Chessnok (big blind) collected ($2)


PokerStars Hand #169696585098:  Hold'em Limit ($3/$6 USD) - 2017/04/28 20:54:01 ET
Table 'Wachmann' 6-max Seat #4 is the button
Seat 4: ElverGalinda ($99.44 in chips)
Seat 5: Chessnok ($121.33 in chips)
ElverGalinda: posts small blind $1
Chessnok: posts big blind $3
*** HOLE CARDS ***
ElverGalinda: raises $3 to $6
Chessnok: calls $3
*** FLOP *** [Qs Ks 7s]
Chessnok: checks
ElverGalinda: bets $3
Chessnok: calls $3
*** TURN *** [Qs Ks 7s] [Qc]
Chessnok: checks
ElverGalinda: checks
*** RIVER *** [Qs Ks 7s Qc] [4s]
Chessnok: checks
ElverGalinda: bets $6
Chessnok: folds
Uncalled bet ($6) returned to ElverGalinda
ElverGalinda collected $17.64 from pot
*** SUMMARY ***
Total pot $18 | Rake $0.36
Board [Qs Ks 7s Qc 4s]
Seat 4: ElverGalinda (button) (small blind) collected ($17.64)
Seat 5: Chessnok (big blind) folded on the River


PokerStars Hand #169696609504:  Hold'em Limit ($3/$6 USD) - 2017/04/28 20:54:52 ET
Table 'Wachmann' 6-max Seat #5 is the button
Seat 4: ElverGalinda ($122.48 in chips)
Seat 5: Chessnok ($97.33 in chips)
Chessnok: posts small blind $1
ElverGalinda: posts big blind $3
*** HOLE CARDS ***
Chessnok: raises $3 to $6
ElverGalinda: folds
Uncalled bet ($3) returned to Chessnok
Chessnok collected $6 from pot
Chessnok: doesn't show hand
*** SUMMARY ***
Total pot $6 | Rake $0
Seat 4: ElverGalinda (big blind) folded before Flop
Seat 5: Chessnok (button) (small blind) collected ($6)


PokerStars Hand #169696600126:  Hold'em Limit ($3/$6 USD) - 2017/04/28 20:54:32 ET
Table 'Wachmann' 6-max Seat #4 is the button
Seat 4: ElverGalinda ($113.84 in chips)
Seat 5: Chessnok ($106.33 in chips)
ElverGalinda: posts small blind $1
Chessnok: posts big blind $3
*** HOLE CARDS ***
ElverGalinda: raises $3 to $6
Chessnok: calls $3
*** FLOP *** [6c 2h Td]
Chessnok: checks
ElverGalinda: bets $3
Chessnok: calls $3
*** TURN *** [6c 2h Td] [2s]
Chessnok: checks
ElverGalinda: bets $6
Chessnok: folds
Uncalled bet ($6) returned to ElverGalinda
ElverGalinda collected $17.64 from pot
*** SUMMARY ***
Total pot $18 | Rake $0.36
Board [6c 2h Td 2s]
Seat 4: ElverGalinda (button) (small blind) collected ($17.64)
Seat 5: Chessnok (big blind) folded on the Turn


PokerStars Hand #169696594013:  Hold'em Limit ($3/$6 USD) - 2017/04/28 20:54:19 ET
Table 'Wachmann' 6-max Seat #5 is the button
Seat 4: ElverGalinda ($108.08 in chips)
Seat 5: Chessnok ($112.33 in chips)
Chessnok: posts small blind $1
ElverGalinda: posts big blind $3
*** HOLE CARDS ***
Chessnok: raises $3 to $6
ElverGalinda: calls $3
*** FLOP *** [8c 5h 9h]
ElverGalinda: checks
Chessnok: checks
*** TURN *** [8c 5h 9h] [7h]
ElverGalinda: bets $6
Chessnok: folds
Uncalled bet ($6) returned to ElverGalinda
ElverGalinda collected $11.76 from pot
*** SUMMARY ***
Total pot $12 | Rake $0.24
Board [8c 5h 9h 7h]
Seat 4: ElverGalinda (big blind) collected ($11.76)
Seat 5: Chessnok (button) (small blind) folded on the Turn


PokerStars Hand #169696582403:  Hold'em Limit ($3/$6 USD) - 2017/04/28 20:53:55 ET
Table 'Wachmann' 6-max Seat #5 is the button
Seat 4: ElverGalinda ($102.44 in chips)
Seat 5: Chessnok ($118.33 in chips)
Chessnok: posts small blind $1
ElverGalinda: posts big blind $3
*** HOLE CARDS ***
Chessnok: raises $3 to $6
ElverGalinda: folds
Uncalled bet ($3) returned to Chessnok
Chessnok collected $6 from pot
Chessnok: doesn't show hand
*** SUMMARY ***
Total pot $6 | Rake $0
Seat 4: ElverGalinda (big blind) folded before Flop
Seat 5: Chessnok (button) (small blind) collected ($6)


PokerStars Hand #169696633814:  Hold'em Limit ($3/$6 USD) - 2017/04/28 20:55:50 ET
Table 'Wachmann' 6-max Seat #4 is the button
Seat 4: ElverGalinda ($115.98 in chips)
Seat 5: Chessnok ($102.83 in chips)
ElverGalinda: posts small blind $1
Chessnok: posts big blind $3
*** HOLE CARDS ***
ElverGalinda: folds
Uncalled bet ($2) returned to Chessnok
Chessnok collected $2 from pot
Chessnok: doesn't show hand
*** SUMMARY ***
Total pot $2 | Rake $0
Seat 4: ElverGalinda (button) (small blind) folded before Flop
Seat 5: Chessnok (big blind) collected ($2)


PokerStars Hand #169696625606:  Hold'em Limit ($3/$6 USD) - 2017/04/28 20:55:29 ET
Table 'Wachmann' 6-max Seat #5 is the button
Seat 4: ElverGalinda ($133.98 in chips)
Seat 5: Chessnok ($85.33 in chips)
Chessnok: posts small blind $1
ElverGalinda: posts big blind $3
*** HOLE CARDS ***
Chessnok: raises $3 to $6
ElverGalinda: calls $3
*** FLOP *** [3h 6d Jd]
ElverGalinda: checks
Chessnok: bets $3
ElverGalinda: raises $3 to $6
Chessnok: calls $3
*** TURN *** [3h 6d Jd] [3c]
ElverGalinda: checks
Chessnok: bets $6
ElverGalinda: calls $6
*** RIVER *** [3h 6d Jd 3c] [7c]
ElverGalinda: checks
Chessnok: bets $6
ElverGalinda: folds
Uncalled bet ($6) returned to Chessnok
Chessnok collected $35.50 from pot
Chessnok: doesn't show hand
*** SUMMARY ***
Total pot $36 | Rake $0.50
Board [3h 6d Jd 3c 7c]
Seat 4: ElverGalinda (big blind) folded on the River
Seat 5: Chessnok (button) (small blind) collected ($35.50)


PokerStars Hand #169696623847:  Hold'em Limit ($3/$6 USD) - 2017/04/28 20:55:25 ET
Table 'Wachmann' 6-max Seat #4 is the button
Seat 4: ElverGalinda ($134.98 in chips)
Seat 5: Chessnok ($84.33 in chips)
ElverGalinda: posts small blind $1
Chessnok: posts big blind $3
*** HOLE CARDS ***
ElverGalinda: folds
Uncalled bet ($2) returned to Chessnok
Chessnok collected $2 from pot
Chessnok: doesn't show hand
*** SUMMARY ***
Total pot $2 | Rake $0
Seat 4: ElverGalinda (button) (small blind) folded before Flop
Seat 5: Chessnok (big blind) collected ($2)


PokerStars Hand #169696621943:  Hold'em Limit ($3/$6 USD) - 2017/04/28 20:55:20 ET
Table 'Wachmann' 6-max Seat #5 is the button
Seat 4: ElverGalinda ($133.98 in chips)
Seat 5: Chessnok ($85.33 in chips)
Chessnok: posts small blind $1
ElverGalinda: posts big blind $3
*** HOLE CARDS ***
Chessnok: folds
Uncalled bet ($2) returned to ElverGalinda
ElverGalinda collected $2 from pot
*** SUMMARY ***
Total pot $2 | Rake $0
Seat 4: ElverGalinda (big blind) collected ($2)
Seat 5: Chessnok (button) (small blind) folded before Flop


PokerStars Hand #169696612522:  Hold'em Limit ($3/$6 USD) - 2017/04/28 20:54:58 ET
Table 'Wachmann' 6-max Seat #4 is the button
Seat 4: ElverGalinda ($119.48 in chips)
Seat 5: Chessnok ($100.33 in chips)
ElverGalinda: posts small blind $1
Chessnok: posts big blind $3
*** HOLE CARDS ***
ElverGalinda: raises $3 to $6
Chessnok: calls $3
*** FLOP *** [Ad 4c 7c]
Chessnok: checks
ElverGalinda: bets $3
Chessnok: calls $3
*** TURN *** [Ad 4c 7c] [2s]
Chessnok: checks
ElverGalinda: bets $6
Chessnok: calls $6
*** RIVER *** [Ad 4c 7c 2s] [Jh]
Chessnok: checks
ElverGalinda: bets $6
Chessnok: folds
Uncalled bet ($6) returned to ElverGalinda
ElverGalinda collected $29.50 from pot
*** SUMMARY ***
Total pot $30 | Rake $0.50
Board [Ad 4c 7c 2s Jh]
Seat 4: ElverGalinda (button) (small blind) collected ($29.50)
Seat 5: Chessnok (big blind) folded on the River


PokerStars Hand #169696635809:  Hold'em Limit ($3/$6 USD) - 2017/04/28 20:55:55 ET
Table 'Wachmann' 6-max Seat #5 is the button
Seat 4: ElverGalinda ($114.98 in chips)
Seat 5: Chessnok ($103.83 in chips)
Chessnok: posts small blind $1
ElverGalinda: posts big blind $3
*** HOLE CARDS ***
Chessnok: raises $3 to $6
ElverGalinda: raises $3 to $9
Chessnok: calls $3
*** FLOP *** [6d 2d Td]
ElverGalinda: bets $3
Chessnok: calls $3
*** TURN *** [6d 2d Td] [5s]
ElverGalinda: checks
Chessnok: checks
*** RIVER *** [6d 2d Td 5s] [3c]
ElverGalinda: checks
Chessnok: checks
*** SHOW DOWN ***
ElverGalinda: shows [Qc Js] (high card Queen)
Chessnok: shows [3d Jc] (a pair of Threes)
Chessnok collected $23.52 from pot
*** SUMMARY ***
Total pot $24 | Rake $0.48
Board [6d 2d Td 5s 3c]
Seat 4: ElverGalinda (big blind) showed [Qc Js] and lost with high card Queen
Seat 5: Chessnok (button) (small blind) showed [3d Jc] and won ($23.52) with a pair of Threes


PokerStars Hand #169696644145:  Hold'em Limit ($3/$6 USD) - 2017/04/28 20:56:15 ET
Table 'Wachmann' 6-max Seat #4 is the button
Seat 4: ElverGalinda ($102.98 in chips)
Seat 5: Chessnok ($115.35 in chips)
ElverGalinda: posts small blind $1
Chessnok: posts big blind $3
*** HOLE CARDS ***
ElverGalinda: raises $3 to $6
Chessnok: raises $3 to $9
ElverGalinda: calls $3
*** FLOP *** [6h 3c 2d]
Chessnok: bets $3
ElverGalinda: calls $3
*** TURN *** [6h 3c 2d] [9h]
Chessnok: bets $6
ElverGalinda: raises $6 to $12
Chessnok: calls $6
*** RIVER *** [6h 3c 2d 9h] [2c]
Chessnok: checks
ElverGalinda: bets $6
Chessnok: calls $6
*** SHOW DOWN ***
ElverGalinda: shows [9c Td] (two pair, Nines and Deuces)
Chessnok: mucks hand
ElverGalinda collected $59.50 from pot
*** SUMMARY ***
Total pot $60 | Rake $0.50
Board [6h 3c 2d 9h 2c]
Seat 4: ElverGalinda (button) (small blind) showed [9c Td] and won ($59.50) with two pair, Nines and Deuces
Seat 5: Chessnok (big blind) mucked


PokerStars Hand #169696654500:  Hold'em Limit ($3/$6 USD) - 2017/04/28 20:56:41 ET
Table 'Wachmann' 6-max Seat #4 is the button
Seat 4: ElverGalinda ($129.48 in chips)
Seat 5: Chessnok ($88.35 in chips)
ElverGalinda: posts small blind $1
Chessnok: posts big blind $3
*** HOLE CARDS ***
ElverGalinda: folds
Uncalled bet ($2) returned to Chessnok
Chessnok collected $2 from pot
Chessnok: doesn't show hand
*** SUMMARY ***
Total pot $2 | Rake $0
Seat 4: ElverGalinda (button) (small blind) folded before Flop
Seat 5: Chessnok (big blind) collected ($2)


PokerStars Hand #169696652150:  Hold'em Limit ($3/$6 USD) - 2017/04/28 20:56:35 ET
Table 'Wachmann' 6-max Seat #5 is the button
Seat 4: ElverGalinda ($132.48 in chips)
Seat 5: Chessnok ($85.35 in chips)
Chessnok: posts small blind $1
ElverGalinda: posts big blind $3
*** HOLE CARDS ***
Chessnok: raises $3 to $6
ElverGalinda: folds
Uncalled bet ($3) returned to Chessnok
Chessnok collected $6 from pot
Chessnok: doesn't show hand
*** SUMMARY ***
Total pot $6 | Rake $0
Seat 4: ElverGalinda (big blind) folded before Flop
Seat 5: Chessnok (button) (small blind) collected ($6)


PokerStars Hand #169696656508:  Hold'em Limit ($3/$6 USD) - 2017/04/28 20:56:46 ET
Table 'Wachmann' 6-max Seat #5 is the button
Seat 4: ElverGalinda ($128.48 in chips)
Seat 5: Chessnok ($89.35 in chips)
Chessnok: posts small blind $1
ElverGalinda: posts big blind $3
*** HOLE CARDS ***
Chessnok: raises $3 to $6
ElverGalinda: folds
Uncalled bet ($3) returned to Chessnok
Chessnok collected $6 from pot
Chessnok: doesn't show hand
*** SUMMARY ***
Total pot $6 | Rake $0
Seat 4: ElverGalinda (big blind) folded before Flop
Seat 5: Chessnok (button) (small blind) collected ($6)


PokerStars Hand #169696658680:  Hold'em Limit ($3/$6 USD) - 2017/04/28 20:56:51 ET
Table 'Wachmann' 6-max Seat #4 is the button
Seat 4: ElverGalinda ($125.48 in chips)
Seat 5: Chessnok ($92.35 in chips)
ElverGalinda: posts small blind $1
Chessnok: posts big blind $3
*** HOLE CARDS ***
ElverGalinda: raises $3 to $6
Chessnok: calls $3
*** FLOP *** [3h Ah 5c]
Chessnok: checks
ElverGalinda: bets $3
Chessnok: calls $3
*** TURN *** [3h Ah 5c] [Qh]
Chessnok: checks
ElverGalinda: checks
*** RIVER *** [3h Ah 5c Qh] [4c]
Chessnok: checks
ElverGalinda: checks
*** SHOW DOWN ***
Chessnok: shows [3d Jh] (a pair of Threes)
ElverGalinda: shows [4s 6s] (a pair of Fours)
ElverGalinda collected $17.64 from pot
*** SUMMARY ***
Total pot $18 | Rake $0.36
Board [3h Ah 5c Qh 4c]
Seat 4: ElverGalinda (button) (small blind) showed [4s 6s] and won ($17.64) with a pair of Fours
Seat 5: Chessnok (big blind) showed [3d Jh] and lost with a pair of Threes


PokerStars Hand #169696676631:  Hold'em Limit ($3/$6 USD) - 2017/04/28 20:57:12 ET
Table 'Wachmann' 6-max Seat #4 is the button
Seat 4: ElverGalinda ($131.12 in chips)
Seat 5: Chessnok ($86.35 in chips)
ElverGalinda: posts small blind $1
Chessnok: posts big blind $3
*** HOLE CARDS ***
ElverGalinda: folds
Uncalled bet ($2) returned to Chessnok
Chessnok collected $2 from pot
Chessnok: doesn't show hand
*** SUMMARY ***
Total pot $2 | Rake $0
Seat 4: ElverGalinda (button) (small blind) folded before Flop
Seat 5: Chessnok (big blind) collected ($2)


PokerStars Hand #169696674479:  Hold'em Limit ($3/$6 USD) - 2017/04/28 20:57:06 ET
Table 'Wachmann' 6-max Seat #5 is the button
Seat 4: ElverGalinda ($134.12 in chips)
Seat 5: Chessnok ($83.35 in chips)
Chessnok: posts small blind $1
ElverGalinda: posts big blind $3
*** HOLE CARDS ***
Chessnok: raises $3 to $6
ElverGalinda: folds
Uncalled bet ($3) returned to Chessnok
Chessnok collected $6 from pot
Chessnok: doesn't show hand
*** SUMMARY ***
Total pot $6 | Rake $0
Seat 4: ElverGalinda (big blind) folded before Flop
Seat 5: Chessnok (button) (small blind) collected ($6)


PokerStars Hand #169696685145:  Hold'em Limit ($3/$6 USD) - 2017/04/28 20:57:32 ET
Table 'Wachmann' 6-max Seat #4 is the button
Seat 4: ElverGalinda ($138.76 in chips)
Seat 5: Chessnok ($78.35 in chips)
ElverGalinda: posts small blind $1
Chessnok: posts big blind $3
*** HOLE CARDS ***
ElverGalinda: folds
Uncalled bet ($2) returned to Chessnok
Chessnok collected $2 from pot
Chessnok: doesn't show hand
*** SUMMARY ***
Total pot $2 | Rake $0
Seat 4: ElverGalinda (button) (small blind) folded before Flop
Seat 5: Chessnok (big blind) collected ($2)


PokerStars Hand #169696678396:  Hold'em Limit ($3/$6 USD) - 2017/04/28 20:57:16 ET
Table 'Wachmann' 6-max Seat #5 is the button
Seat 4: ElverGalinda ($130.12 in chips)
Seat 5: Chessnok ($87.35 in chips)
Chessnok: posts small blind $1
ElverGalinda: posts big blind $3
*** HOLE CARDS ***
Chessnok: raises $3 to $6
ElverGalinda: raises $3 to $9
Chessnok: calls $3
*** FLOP *** [4h 8s 6d]
ElverGalinda: bets $3
Chessnok: folds
Uncalled bet ($3) returned to ElverGalinda
ElverGalinda collected $17.64 from pot
*** SUMMARY ***
Total pot $18 | Rake $0.36
Board [4h 8s 6d]
Seat 4: ElverGalinda (big blind) collected ($17.64)
Seat 5: Chessnok (button) (small blind) folded on the Flop


PokerStars Hand #169696693547:  Hold'em Limit ($3/$6 USD) - 2017/04/28 20:57:53 ET
Table 'Wachmann' 6-max Seat #4 is the button
Seat 4: ElverGalinda ($149.28 in chips)
Seat 5: Chessnok ($67.35 in chips)
ElverGalinda: posts small blind $1
Chessnok: posts big blind $3
*** HOLE CARDS ***
ElverGalinda: folds
Uncalled bet ($2) returned to Chessnok
Chessnok collected $2 from pot
Chessnok: doesn't show hand
*** SUMMARY ***
Total pot $2 | Rake $0
Seat 4: ElverGalinda (button) (small blind) folded before Flop
Seat 5: Chessnok (big blind) collected ($2)


PokerStars Hand #169696687097:  Hold'em Limit ($3/$6 USD) - 2017/04/28 20:57:37 ET
Table 'Wachmann' 6-max Seat #5 is the button
Seat 4: ElverGalinda ($137.76 in chips)
Seat 5: Chessnok ($79.35 in chips)
Chessnok: posts small blind $1
ElverGalinda: posts big blind $3
*** HOLE CARDS ***
Chessnok: raises $3 to $6
ElverGalinda: calls $3
*** FLOP *** [Qc 6s Jc]
ElverGalinda: checks
Chessnok: bets $3
ElverGalinda: raises $3 to $6
Chessnok: calls $3
*** TURN *** [Qc 6s Jc] [9c]
ElverGalinda: bets $6
Chessnok: folds
Uncalled bet ($6) returned to ElverGalinda
ElverGalinda collected $23.52 from pot
*** SUMMARY ***
Total pot $24 | Rake $0.48
Board [Qc 6s Jc 9c]
Seat 4: ElverGalinda (big blind) collected ($23.52)
Seat 5: Chessnok (button) (small blind) folded on the Turn


PokerStars Hand #169696706862:  Hold'em Limit ($3/$6 USD) - 2017/04/28 20:58:25 ET
Table 'Wachmann' 6-max Seat #5 is the button
Seat 4: ElverGalinda ($123.28 in chips)
Seat 5: Chessnok ($92.85 in chips)
Chessnok: posts small blind $1
ElverGalinda: posts big blind $3
*** HOLE CARDS ***
Chessnok: folds
Uncalled bet ($2) returned to ElverGalinda
ElverGalinda collected $2 from pot
*** SUMMARY ***
Total pot $2 | Rake $0
Seat 4: ElverGalinda (big blind) collected ($2)
Seat 5: Chessnok (button) (small blind) folded before Flop


PokerStars Hand #169696704913:  Hold'em Limit ($3/$6 USD) - 2017/04/28 20:58:20 ET
Table 'Wachmann' 6-max Seat #4 is the button
Seat 4: ElverGalinda ($124.28 in chips)
Seat 5: Chessnok ($91.85 in chips)
ElverGalinda: posts small blind $1
Chessnok: posts big blind $3
*** HOLE CARDS ***
ElverGalinda: folds
Uncalled bet ($2) returned to Chessnok
Chessnok collected $2 from pot
Chessnok: doesn't show hand
*** SUMMARY ***
Total pot $2 | Rake $0
Seat 4: ElverGalinda (button) (small blind) folded before Flop
Seat 5: Chessnok (big blind) collected ($2)


PokerStars Hand #169696695774:  Hold'em Limit ($3/$6 USD) - 2017/04/28 20:57:58 ET
Table 'Wachmann' 6-max Seat #5 is the button
Seat 4: ElverGalinda ($148.28 in chips)
Seat 5: Chessnok ($68.35 in chips)
Chessnok: posts small blind $1
ElverGalinda: posts big blind $3
*** HOLE CARDS ***
Chessnok: raises $3 to $6
ElverGalinda: calls $3
*** FLOP *** [6c Ac Qd]
ElverGalinda: checks
Chessnok: bets $3
ElverGalinda: raises $3 to $6
Chessnok: calls $3
*** TURN *** [6c Ac Qd] [Th]
ElverGalinda: checks
Chessnok: bets $6
ElverGalinda: calls $6
*** RIVER *** [6c Ac Qd Th] [3c]
ElverGalinda: checks
Chessnok: bets $6
ElverGalinda: calls $6
*** SHOW DOWN ***
Chessnok: shows [Ad Qs] (two pair, Aces and Queens)
ElverGalinda: mucks hand
Chessnok collected $47.50 from pot
*** SUMMARY ***
Total pot $48 | Rake $0.50
Board [6c Ac Qd Th 3c]
Seat 4: ElverGalinda (big blind) mucked
Seat 5: Chessnok (button) (small blind) showed [Ad Qs] and won ($47.50) with two pair, Aces and Queens


PokerStars Hand #169696708879:  Hold'em Limit ($3/$6 USD) - 2017/04/28 20:58:30 ET
Table 'Wachmann' 6-max Seat #4 is the button
Seat 4: ElverGalinda ($124.28 in chips)
Seat 5: Chessnok ($91.85 in chips)
ElverGalinda: posts small blind $1
Chessnok: posts big blind $3
*** HOLE CARDS ***
ElverGalinda: folds
Uncalled bet ($2) returned to Chessnok
Chessnok collected $2 from pot
Chessnok: doesn't show hand
*** SUMMARY ***
Total pot $2 | Rake $0
Seat 4: ElverGalinda (button) (small blind) folded before Flop
Seat 5: Chessnok (big blind) collected ($2)


PokerStars Hand #169696718236:  Hold'em Limit ($3/$6 USD) - 2017/04/28 20:58:53 ET
Table 'Wachmann' 6-max Seat #4 is the button
Seat 4: ElverGalinda ($140.78 in chips)
Seat 5: Chessnok ($74.85 in chips)
ElverGalinda: posts small blind $1
Chessnok: posts big blind $3
*** HOLE CARDS ***
ElverGalinda: folds
Uncalled bet ($2) returned to Chessnok
Chessnok collected $2 from pot
Chessnok: doesn't show hand
*** SUMMARY ***
Total pot $2 | Rake $0
Seat 4: ElverGalinda (button) (small blind) folded before Flop
Seat 5: Chessnok (big blind) collected ($2)


PokerStars Hand #169696710800:  Hold'em Limit ($3/$6 USD) - 2017/04/28 20:58:35 ET
Table 'Wachmann' 6-max Seat #5 is the button
Seat 4: ElverGalinda ($123.28 in chips)
Seat 5: Chessnok ($92.85 in chips)
Chessnok: posts small blind $1
ElverGalinda: posts big blind $3
*** HOLE CARDS ***
Chessnok: raises $3 to $6
ElverGalinda: calls $3
*** FLOP *** [4h Jh Qd]
ElverGalinda: checks
Chessnok: bets $3
ElverGalinda: raises $3 to $6
Chessnok: calls $3
*** TURN *** [4h Jh Qd] [Ks]
ElverGalinda: bets $6
Chessnok: calls $6
*** RIVER *** [4h Jh Qd Ks] [4d]
ElverGalinda: checks
Chessnok: checks
*** SHOW DOWN ***
ElverGalinda: shows [Td Jc] (two pair, Jacks and Fours)
Chessnok: mucks hand
ElverGalinda collected $35.50 from pot
*** SUMMARY ***
Total pot $36 | Rake $0.50
Board [4h Jh Qd Ks 4d]
Seat 4: ElverGalinda (big blind) showed [Td Jc] and won ($35.50) with two pair, Jacks and Fours
Seat 5: Chessnok (button) (small blind) mucked


PokerStars Hand #169696720155:  Hold'em Limit ($3/$6 USD) - 2017/04/28 20:58:58 ET
Table 'Wachmann' 6-max Seat #5 is the button
Seat 4: ElverGalinda ($139.78 in chips)
Seat 5: Chessnok ($75.85 in chips)
Chessnok: posts small blind $1
ElverGalinda: posts big blind $3
*** HOLE CARDS ***
Chessnok: raises $3 to $6
ElverGalinda: calls $3
*** FLOP *** [8h Kc Kh]
ElverGalinda: checks
Chessnok: bets $3
ElverGalinda: raises $3 to $6
Chessnok: calls $3
*** TURN *** [8h Kc Kh] [3c]
ElverGalinda: bets $6
Chessnok: folds
Uncalled bet ($6) returned to ElverGalinda
ElverGalinda collected $23.52 from pot
*** SUMMARY ***
Total pot $24 | Rake $0.48
Board [8h Kc Kh 3c]
Seat 4: ElverGalinda (big blind) collected ($23.52)
Seat 5: Chessnok (button) (small blind) folded on the Turn


PokerStars Hand #169696729219:  Hold'em Limit ($3/$6 USD) - 2017/04/28 20:59:21 ET
Table 'Wachmann' 6-max Seat #5 is the button
Seat 4: ElverGalinda ($150.30 in chips)
Seat 5: Chessnok ($64.85 in chips)
Chessnok: posts small blind $1
ElverGalinda: posts big blind $3
*** HOLE CARDS ***
Chessnok: folds
Uncalled bet ($2) returned to ElverGalinda
ElverGalinda collected $2 from pot
*** SUMMARY ***
Total pot $2 | Rake $0
Seat 4: ElverGalinda (big blind) collected ($2)
Seat 5: Chessnok (button) (small blind) folded before Flop


PokerStars Hand #169696726845:  Hold'em Limit ($3/$6 USD) - 2017/04/28 20:59:15 ET
Table 'Wachmann' 6-max Seat #4 is the button
Seat 4: ElverGalinda ($151.30 in chips)
Seat 5: Chessnok ($63.85 in chips)
ElverGalinda: posts small blind $1
Chessnok: posts big blind $3
*** HOLE CARDS ***
ElverGalinda: folds
Uncalled bet ($2) returned to Chessnok
Chessnok collected $2 from pot
Chessnok: doesn't show hand
*** SUMMARY ***
Total pot $2 | Rake $0
Seat 4: ElverGalinda (button) (small blind) folded before Flop
Seat 5: Chessnok (big blind) collected ($2)


PokerStars Hand #169696730933:  Hold'em Limit ($3/$6 USD) - 2017/04/28 20:59:25 ET
Table 'Wachmann' 6-max Seat #4 is the button
Seat 4: ElverGalinda ($151.30 in chips)
Seat 5: Chessnok ($63.85 in chips)
ElverGalinda: posts small blind $1
Chessnok: posts big blind $3
*** HOLE CARDS ***
ElverGalinda: folds
Uncalled bet ($2) returned to Chessnok
Chessnok collected $2 from pot
Chessnok: doesn't show hand
*** SUMMARY ***
Total pot $2 | Rake $0
Seat 4: ElverGalinda (button) (small blind) folded before Flop
Seat 5: Chessnok (big blind) collected ($2)


PokerStars Hand #169696733171:  Hold'em Limit ($3/$6 USD) - 2017/04/28 20:59:30 ET
Table 'Wachmann' 6-max Seat #5 is the button
Seat 4: ElverGalinda ($150.30 in chips)
Seat 5: Chessnok ($64.85 in chips)
Chessnok: posts small blind $1
ElverGalinda: posts big blind $3
*** HOLE CARDS ***
Chessnok: raises $3 to $6
ElverGalinda: raises $3 to $9
Chessnok: calls $3
*** FLOP *** [5s Kc 9c]
ElverGalinda: bets $3
Chessnok: calls $3
*** TURN *** [5s Kc 9c] [2h]
ElverGalinda: bets $6
Chessnok: calls $6
*** RIVER *** [5s Kc 9c 2h] [Kh]
ElverGalinda: bets $6
Chessnok: calls $6
*** SHOW DOWN ***
ElverGalinda: shows [Kd Td] (three of a kind, Kings)
Chessnok: mucks hand
ElverGalinda collected $47.50 from pot
*** SUMMARY ***
Total pot $48 | Rake $0.50
Board [5s Kc 9c 2h Kh]
Seat 4: ElverGalinda (big blind) showed [Kd Td] and won ($47.50) with three of a kind, Kings
Seat 5: Chessnok (button) (small blind) mucked


PokerStars Hand #169696741950:  Hold'em Limit ($3/$6 USD) - 2017/04/28 20:59:53 ET
Table 'Wachmann' 6-max Seat #4 is the button
Seat 4: ElverGalinda ($173.80 in chips)
Seat 5: Chessnok ($60 in chips)
ElverGalinda: posts small blind $1
Chessnok: posts big blind $3
*** HOLE CARDS ***
ElverGalinda: raises $3 to $6
Chessnok: calls $3
*** FLOP *** [4c 4h 9c]
Chessnok: checks
ElverGalinda: bets $3
Chessnok: calls $3
*** TURN *** [4c 4h 9c] [8s]
Chessnok: checks
ElverGalinda: bets $6
Chessnok: folds
Uncalled bet ($6) returned to ElverGalinda
ElverGalinda collected $17.64 from pot
*** SUMMARY ***
Total pot $18 | Rake $0.36
Board [4c 4h 9c 8s]
Seat 4: ElverGalinda (button) (small blind) collected ($17.64)
Seat 5: Chessnok (big blind) folded on the Turn


PokerStars Hand #169696759255:  Hold'em Limit ($3/$6 USD) - 2017/04/28 21:00:35 ET
Table 'Wachmann' 6-max Seat #4 is the button
Seat 4: ElverGalinda ($152.44 in chips)
Seat 5: Chessnok ($89.50 in chips)
ElverGalinda: posts small blind $1
Chessnok: posts big blind $3
*** HOLE CARDS ***
ElverGalinda: folds
Uncalled bet ($2) returned to Chessnok
Chessnok collected $2 from pot
Chessnok: doesn't show hand
*** SUMMARY ***
Total pot $2 | Rake $0
Seat 4: ElverGalinda (button) (small blind) folded before Flop
Seat 5: Chessnok (big blind) collected ($2)


PokerStars Hand #169696749250:  Hold'em Limit ($3/$6 USD) - 2017/04/28 21:00:11 ET
Table 'Wachmann' 6-max Seat #5 is the button
Seat 4: ElverGalinda ($182.44 in chips)
Seat 5: Chessnok ($60 in chips)
Chessnok: posts small blind $1
ElverGalinda: posts big blind $3
*** HOLE CARDS ***
Chessnok: raises $3 to $6
ElverGalinda: calls $3
*** FLOP *** [2s Kc Td]
ElverGalinda: checks
Chessnok: bets $3
ElverGalinda: raises $3 to $6
Chessnok: calls $3
*** TURN *** [2s Kc Td] [9s]
ElverGalinda: bets $6
Chessnok: raises $6 to $12
ElverGalinda: calls $6
*** RIVER *** [2s Kc Td 9s] [Qs]
ElverGalinda: checks
Chessnok: bets $6
ElverGalinda: calls $6
*** SHOW DOWN ***
Chessnok: shows [Qh Jd] (a straight, Nine to King)
ElverGalinda: mucks hand
Chessnok collected $59.50 from pot
*** SUMMARY ***
Total pot $60 | Rake $0.50
Board [2s Kc Td 9s Qs]
Seat 4: ElverGalinda (big blind) mucked
Seat 5: Chessnok (button) (small blind) showed [Qh Jd] and won ($59.50) with a straight, Nine to King


PokerStars Hand #169696761401:  Hold'em Limit ($3/$6 USD) - 2017/04/28 21:00:40 ET
Table 'Wachmann' 6-max Seat #5 is the button
Seat 4: ElverGalinda ($151.44 in chips)
Seat 5: Chessnok ($90.50 in chips)
Chessnok: posts small blind $1
ElverGalinda: posts big blind $3
*** HOLE CARDS ***
Chessnok: raises $3 to $6
ElverGalinda: folds
Uncalled bet ($3) returned to Chessnok
Chessnok collected $6 from pot
Chessnok: doesn't show hand
*** SUMMARY ***
Total pot $6 | Rake $0
Seat 4: ElverGalinda (big blind) folded before Flop
Seat 5: Chessnok (button) (small blind) collected ($6)


