PokerStars Hand #170414051825:  Hold'em Limit ($3/$6 USD) - 2017/05/14 13:24:37 ET
Table 'Walbeck' 10-max Seat #1 is the button
Seat 1: Bodo13313 ($78 in chips)
Seat 6: Agrotait ($72 in chips)
Bodo13313: posts small blind $1
Agrotait: posts big blind $3
*** HOLE CARDS ***
Bodo13313: calls $2
Agrotait: checks
*** FLOP *** [Kh 4d 2h]
Agrotait: bets $3
Bodo13313: folds
Uncalled bet ($3) returned to Agrotait
Agrotait collected $5.88 from pot
Agrotait: doesn't show hand
*** SUMMARY ***
Total pot $6 | Rake $0.12
Board [Kh 4d 2h]
Seat 1: Bodo13313 (button) (small blind) folded on the Flop
Seat 6: Agrotait (big blind) collected ($5.88)


PokerStars Hand #170414090816:  Hold'em Limit ($3/$6 USD) - 2017/05/14 13:25:20 ET
Table 'Walbeck' 10-max Seat #1 is the button
Seat 1: Bodo13313 ($69 in chips)
Seat 6: Agrotait ($80.64 in chips)
Bodo13313: posts small blind $1
Agrotait: posts big blind $3
*** HOLE CARDS ***
Bodo13313: folds
Uncalled bet ($2) returned to Agrotait
Agrotait collected $2 from pot
Agrotait: doesn't show hand
*** SUMMARY ***
Total pot $2 | Rake $0
Seat 1: Bodo13313 (button) (small blind) folded before Flop
Seat 6: Agrotait (big blind) collected ($2)


PokerStars Hand #170414066180:  Hold'em Limit ($3/$6 USD) - 2017/05/14 13:24:53 ET
Table 'Walbeck' 10-max Seat #6 is the button
Seat 1: Bodo13313 ($75 in chips)
Seat 6: Agrotait ($74.88 in chips)
Agrotait: posts small blind $1
Bodo13313: posts big blind $3
*** HOLE CARDS ***
Agrotait: raises $3 to $6
Bodo13313: calls $3
*** FLOP *** [5c 2c Qh]
Bodo13313: checks
Agrotait: bets $3
Bodo13313: folds
Uncalled bet ($3) returned to Agrotait
Agrotait collected $11.76 from pot
Agrotait: doesn't show hand
*** SUMMARY ***
Total pot $12 | Rake $0.24
Board [5c 2c Qh]
Seat 1: Bodo13313 (big blind) folded on the Flop
Seat 6: Agrotait (button) (small blind) collected ($11.76)


PokerStars Hand #170414135162:  Hold'em Limit ($3/$6 USD) - 2017/05/14 13:26:10 ET
Table 'Walbeck' 10-max Seat #6 is the button
Seat 1: Bodo13313 ($87.50 in chips)
Seat 6: Agrotait ($61.64 in chips)
Agrotait: posts small blind $1
Bodo13313: posts big blind $3
*** HOLE CARDS ***
Agrotait: raises $3 to $6
Bodo13313: calls $3
*** FLOP *** [Ks Th 4d]
Bodo13313: checks
Agrotait: checks
*** TURN *** [Ks Th 4d] [6s]
Bodo13313: checks
kirste78 joins the table at seat #3
Agrotait: bets $6
Bodo13313: folds
Uncalled bet ($6) returned to Agrotait
Agrotait collected $11.76 from pot
Agrotait: doesn't show hand
*** SUMMARY ***
Total pot $12 | Rake $0.24
Board [Ks Th 4d 6s]
Seat 1: Bodo13313 (big blind) folded on the Turn
Seat 6: Agrotait (button) (small blind) collected ($11.76)


PokerStars Hand #170414130150:  Hold'em Limit ($3/$6 USD) - 2017/05/14 13:26:04 ET
Table 'Walbeck' 10-max Seat #1 is the button
Seat 1: Bodo13313 ($88.50 in chips)
Seat 6: Agrotait ($60.64 in chips)
Bodo13313: posts small blind $1
Agrotait: posts big blind $3
*** HOLE CARDS ***
Bodo13313: folds
Uncalled bet ($2) returned to Agrotait
Agrotait collected $2 from pot
Agrotait: doesn't show hand
*** SUMMARY ***
Total pot $2 | Rake $0
Seat 1: Bodo13313 (button) (small blind) folded before Flop
Seat 6: Agrotait (big blind) collected ($2)


PokerStars Hand #170414095557:  Hold'em Limit ($3/$6 USD) - 2017/05/14 13:25:25 ET
Table 'Walbeck' 10-max Seat #6 is the button
Seat 1: Bodo13313 ($68 in chips)
Seat 6: Agrotait ($81.64 in chips)
Agrotait: posts small blind $1
Bodo13313: posts big blind $3
*** HOLE CARDS ***
Agrotait: raises $3 to $6
Bodo13313: calls $3
*** FLOP *** [4h Td 8d]
Bodo13313: bets $3
Agrotait: calls $3
*** TURN *** [4h Td 8d] [5d]
Bodo13313: bets $6
Agrotait: calls $6
*** RIVER *** [4h Td 8d 5d] [9d]
Bodo13313: bets $6
Agrotait: calls $6
*** SHOW DOWN ***
Bodo13313: shows [Th 9h] (two pair, Tens and Nines)
Agrotait: mucks hand
Bodo13313 collected $41.50 from pot
*** SUMMARY ***
Total pot $42 | Rake $0.50
Board [4h Td 8d 5d 9d]
Seat 1: Bodo13313 (big blind) showed [Th 9h] and won ($41.50) with two pair, Tens and Nines
Seat 6: Agrotait (button) (small blind) mucked


PokerStars Hand #170414188076:  Hold'em Limit ($3/$6 USD) - 2017/05/14 13:27:09 ET
Table 'Walbeck' 10-max Seat #3 is the button
Seat 3: kirste78 ($55.39 in chips)
Seat 6: Agrotait ($67.40 in chips)
kirste78: posts small blind $1
Agrotait: posts big blind $3
*** HOLE CARDS ***
StoneFace007 joins the table at seat #5
kirste78: raises $3 to $6
Agrotait: calls $3
*** FLOP *** [7c 9h 3d]
Apanage joins the table at seat #4
Agrotait: checks
kirste78: bets $3
Agrotait: folds
Uncalled bet ($3) returned to kirste78
kirste78 collected $11.76 from pot
kirste78: doesn't show hand
*** SUMMARY ***
Total pot $12 | Rake $0.24
Board [7c 9h 3d]
Seat 3: kirste78 (button) (small blind) collected ($11.76)
Seat 6: Agrotait (big blind) folded on the Flop


PokerStars Hand #170414235297:  Hold'em Limit ($3/$6 USD) - 2017/05/14 13:28:02 ET
Table 'Walbeck' 10-max Seat #6 is the button
Seat 3: kirste78 ($61.15 in chips)
Seat 6: Agrotait ($61.40 in chips)
Agrotait: posts small blind $1
kirste78: posts big blind $3
*** HOLE CARDS ***
Agrotait: raises $3 to $6
kirste78: raises $3 to $9
Agrotait: calls $3
*** FLOP *** [3s 5s Kh]
kirste78: bets $3
Agrotait: raises $3 to $6
kirste78: raises $3 to $9
Agrotait: calls $3
*** TURN *** [3s 5s Kh] [8d]
kirste78: bets $6
Agrotait: calls $6
*** RIVER *** [3s 5s Kh 8d] [2s]
kirste78: bets $6
Agrotait: raises $6 to $12
kirste78: calls $6
*** SHOW DOWN ***
Agrotait: shows [6c 4h] (a straight, Deuce to Six)
kirste78: mucks hand
Agrotait collected $71.50 from pot
*** SUMMARY ***
Total pot $72 | Rake $0.50
Board [3s 5s Kh 8d 2s]
Seat 3: kirste78 (big blind) mucked
Seat 6: Agrotait (button) (small blind) showed [6c 4h] and won ($71.50) with a straight, Deuce to Six


