PokerStars Hand #147181853271:  Hold'em Limit ($3/$6 USD) - 2016/01/17 5:08:28 ET
Table 'Walhalla' 6-max Seat #4 is the button
Seat 3: rttattar ($67 in chips)
Seat 4: TbIP-TbIP 88 ($77 in chips)
TbIP-TbIP 88: posts small blind $1
rttattar: posts big blind $3
*** HOLE CARDS ***
TbIP-TbIP 88: folds
Uncalled bet ($2) returned to rttattar
rttattar collected $2 from pot
rttattar: doesn't show hand
*** SUMMARY ***
Total pot $2 | Rake $0
Seat 3: rttattar (big blind) collected ($2)
Seat 4: TbIP-TbIP 88 (button) (small blind) folded before Flop


PokerStars Hand #147181850225:  Hold'em Limit ($3/$6 USD) - 2016/01/17 5:08:22 ET
Table 'Walhalla' 6-max Seat #3 is the button
Seat 3: rttattar ($68 in chips)
Seat 4: TbIP-TbIP 88 ($76 in chips)
rttattar: posts small blind $1
TbIP-TbIP 88: posts big blind $3
*** HOLE CARDS ***
rttattar: folds
Uncalled bet ($2) returned to TbIP-TbIP 88
TbIP-TbIP 88 collected $2 from pot
TbIP-TbIP 88: doesn't show hand
*** SUMMARY ***
Total pot $2 | Rake $0
Seat 3: rttattar (button) (small blind) folded before Flop
Seat 4: TbIP-TbIP 88 (big blind) collected ($2)


PokerStars Hand #147181845899:  Hold'em Limit ($3/$6 USD) - 2016/01/17 5:08:14 ET
Table 'Walhalla' 6-max Seat #4 is the button
Seat 3: rttattar ($71 in chips)
Seat 4: TbIP-TbIP 88 ($73 in chips)
TbIP-TbIP 88: posts small blind $1
rttattar: posts big blind $3
*** HOLE CARDS ***
TbIP-TbIP 88: raises $3 to $6
rttattar: folds
Uncalled bet ($3) returned to TbIP-TbIP 88
TbIP-TbIP 88 collected $6 from pot
TbIP-TbIP 88: doesn't show hand
*** SUMMARY ***
Total pot $6 | Rake $0
Seat 3: rttattar (big blind) folded before Flop
Seat 4: TbIP-TbIP 88 (button) (small blind) collected ($6)


PokerStars Hand #147181840071:  Hold'em Limit ($3/$6 USD) - 2016/01/17 5:08:03 ET
Table 'Walhalla' 6-max Seat #3 is the button
Seat 3: rttattar ($72 in chips)
Seat 4: TbIP-TbIP 88 ($72 in chips)
rttattar: posts small blind $1
TbIP-TbIP 88: posts big blind $3
*** HOLE CARDS ***
rttattar: folds
Uncalled bet ($2) returned to TbIP-TbIP 88
TbIP-TbIP 88 collected $2 from pot
*** SUMMARY ***
Total pot $2 | Rake $0
Seat 3: rttattar (button) (small blind) folded before Flop
Seat 4: TbIP-TbIP 88 (big blind) collected ($2)


PokerStars Hand #147181878740:  Hold'em Limit ($3/$6 USD) - 2016/01/17 5:09:15 ET
Table 'Walhalla' 6-max Seat #3 is the button
Seat 3: rttattar ($74.76 in chips)
Seat 4: TbIP-TbIP 88 ($72 in chips)
rttattar: posts small blind $1
TbIP-TbIP 88: posts big blind $3
*** HOLE CARDS ***
rttattar: raises $3 to $6
TbIP-TbIP 88: calls $3
*** FLOP *** [Ad 3s 8s]
TbIP-TbIP 88: checks
rttattar: bets $3
TbIP-TbIP 88: raises $3 to $6
rttattar: raises $3 to $9
TbIP-TbIP 88: folds
Uncalled bet ($3) returned to rttattar
rttattar collected $23.52 from pot
rttattar: doesn't show hand
*** SUMMARY ***
Total pot $24 | Rake $0.48
Board [Ad 3s 8s]
Seat 3: rttattar (button) (small blind) collected ($23.52)
Seat 4: TbIP-TbIP 88 (big blind) folded on the Flop


PokerStars Hand #147181874114:  Hold'em Limit ($3/$6 USD) - 2016/01/17 5:09:06 ET
Table 'Walhalla' 6-max Seat #4 is the button
Seat 3: rttattar ($73.76 in chips)
Seat 4: TbIP-TbIP 88 ($72 in chips)
TbIP-TbIP 88: posts small blind $1
rttattar: posts big blind $3
*** HOLE CARDS ***
TbIP-TbIP 88: folds
Uncalled bet ($2) returned to rttattar
rttattar collected $2 from pot
rttattar: doesn't show hand
*** SUMMARY ***
Total pot $2 | Rake $0
Seat 3: rttattar (big blind) collected ($2)
Seat 4: TbIP-TbIP 88 (button) (small blind) folded before Flop


PokerStars Hand #147181856019:  Hold'em Limit ($3/$6 USD) - 2016/01/17 5:08:33 ET
Table 'Walhalla' 6-max Seat #3 is the button
Seat 3: rttattar ($68 in chips)
Seat 4: TbIP-TbIP 88 ($76 in chips)
rttattar: posts small blind $1
TbIP-TbIP 88: posts big blind $3
*** HOLE CARDS ***
rttattar: raises $3 to $6
TbIP-TbIP 88: calls $3
*** FLOP *** [2h Jc 3d]
TbIP-TbIP 88: checks
rttattar: bets $3
TbIP-TbIP 88: folds
Uncalled bet ($3) returned to rttattar
rttattar collected $11.76 from pot
rttattar: doesn't show hand
*** SUMMARY ***
Total pot $12 | Rake $0.24
Board [2h Jc 3d]
Seat 3: rttattar (button) (small blind) collected ($11.76)
Seat 4: TbIP-TbIP 88 (big blind) folded on the Flop


PokerStars Hand #147181907923:  Hold'em Limit ($3/$6 USD) - 2016/01/17 5:10:10 ET
Table 'Walhalla' 6-max Seat #3 is the button
Seat 3: rttattar ($71.28 in chips)
Seat 4: TbIP-TbIP 88 ($86.50 in chips)
rttattar: posts small blind $1
TbIP-TbIP 88: posts big blind $3
*** HOLE CARDS ***
rttattar: raises $3 to $6
HAL9QQQ joins the table at seat #5
TbIP-TbIP 88: folds
Uncalled bet ($3) returned to rttattar
rttattar collected $6 from pot
rttattar: doesn't show hand
*** SUMMARY ***
Total pot $6 | Rake $0
Seat 3: rttattar (button) (small blind) collected ($6)
Seat 4: TbIP-TbIP 88 (big blind) folded before Flop


PokerStars Hand #147181892322:  Hold'em Limit ($3/$6 USD) - 2016/01/17 5:09:41 ET
Table 'Walhalla' 6-max Seat #4 is the button
Seat 3: rttattar ($86.28 in chips)
Seat 4: TbIP-TbIP 88 ($72 in chips)
TbIP-TbIP 88: posts small blind $1
rttattar: posts big blind $3
*** HOLE CARDS ***
TbIP-TbIP 88: raises $3 to $6
rttattar: raises $3 to $9
TbIP-TbIP 88: calls $3
*** FLOP *** [9s Ad Jh]
rttattar: checks
TbIP-TbIP 88: checks
*** TURN *** [9s Ad Jh] [Jd]
rttattar: checks
TbIP-TbIP 88: bets $6
rttattar: calls $6
*** RIVER *** [9s Ad Jh Jd] [4c]
rttattar: checks
TbIP-TbIP 88: checks
*** SHOW DOWN ***
rttattar: shows [Qc Kh] (a pair of Jacks)
TbIP-TbIP 88: shows [9c 7s] (two pair, Jacks and Nines)
TbIP-TbIP 88 collected $29.50 from pot
*** SUMMARY ***
Total pot $30 | Rake $0.50
Board [9s Ad Jh Jd 4c]
Seat 3: rttattar (big blind) showed [Qc Kh] and lost with a pair of Jacks
Seat 4: TbIP-TbIP 88 (button) (small blind) showed [9c 7s] and won ($29.50) with two pair, Jacks and Nines


PokerStars Hand #147182934108:  Hold'em Limit ($3/$6 USD) - 2016/01/17 5:41:31 ET
Table 'Walhalla' 6-max Seat #4 is the button
Seat 1: Kikken ($117.10 in chips)
Seat 4: TbIP-TbIP 88 ($86.69 in chips)
AndrewCan will be allowed to play after the button
TbIP-TbIP 88: posts small blind $1
belik555: is sitting out
Kikken: posts big blind $3
*** HOLE CARDS ***
belik555 leaves the table
TbIP-TbIP 88: folds
Uncalled bet ($2) returned to Kikken
Kikken collected $2 from pot
Kikken: doesn't show hand
*** SUMMARY ***
Total pot $2 | Rake $0
Seat 1: Kikken (big blind) collected ($2)
Seat 4: TbIP-TbIP 88 (button) (small blind) folded before Flop


PokerStars Hand #147186206091:  Hold'em Limit ($3/$6 USD) - 2016/01/17 7:12:04 ET
Table 'Walhalla' 6-max Seat #5 is the button
Seat 4: belik555 ($133.27 in chips)
Seat 5: degal76 ($135.81 in chips)
degal76: posts small blind $1
tedros404: is sitting out
Frank2Neue: is sitting out
belik555: posts big blind $3
*** HOLE CARDS ***
Frank2Neue leaves the table
degal76: folds
Uncalled bet ($2) returned to belik555
degal76 leaves the table
belik555 collected $2 from pot
belik555: doesn't show hand
*** SUMMARY ***
Total pot $2 | Rake $0
Seat 4: belik555 (big blind) collected ($2)
Seat 5: degal76 (button) (small blind) folded before Flop


