PokerStars Hand #155388708494:  Hold'em Limit ($3/$6 USD) - 2016/06/30 12:22:08 ET
Table 'Walhalla' 10-max Seat #1 is the button
Seat 1: LifeisagameX ($60 in chips)
Seat 6: ggwp-777 ($46.54 in chips)
LifeisagameX: posts small blind $1
ggwp-777: posts big blind $3
*** HOLE CARDS ***
LifeisagameX: raises $3 to $6
ggwp-777: calls $3
*** FLOP *** [Qs 6h Jh]
ggwp-777: bets $3
LifeisagameX: calls $3
*** TURN *** [Qs 6h Jh] [2c]
ggwp-777: bets $6
LifeisagameX: calls $6
*** RIVER *** [Qs 6h Jh 2c] [3d]
ggwp-777: checks
LifeisagameX: bets $6
ggwp-777: folds
Uncalled bet ($6) returned to LifeisagameX
LifeisagameX collected $29.50 from pot
LifeisagameX: doesn't show hand
*** SUMMARY ***
Total pot $30 | Rake $0.50
Board [Qs 6h Jh 2c 3d]
Seat 1: LifeisagameX (button) (small blind) collected ($29.50)
Seat 6: ggwp-777 (big blind) folded on the River


PokerStars Hand #155388755197:  Hold'em Limit ($3/$6 USD) - 2016/06/30 12:23:15 ET
Table 'Walhalla' 10-max Seat #1 is the button
Seat 1: LifeisagameX ($80.26 in chips)
Seat 6: ggwp-777 ($25.54 in chips)
LifeisagameX: posts small blind $1
ggwp-777: posts big blind $3
*** HOLE CARDS ***
LifeisagameX: raises $3 to $6
ggwp-777: raises $3 to $9
LifeisagameX: calls $3
*** FLOP *** [7s Qs 5s]
ggwp-777: bets $3
LifeisagameX: calls $3
*** TURN *** [7s Qs 5s] [As]
ggwp-777: bets $6
LifeisagameX: calls $6
*** RIVER *** [7s Qs 5s As] [4h]
ggwp-777: bets $6
LifeisagameX: raises $6 to $12
ggwp-777: calls $1.54 and is all-in
Uncalled bet ($4.46) returned to LifeisagameX
*** SHOW DOWN ***
LifeisagameX: shows [Ah 5d] (two pair, Aces and Fives)
ggwp-777: shows [Kd 5h] (a pair of Fives)
LifeisagameX collected $50.58 from pot
*** SUMMARY ***
Total pot $51.08 | Rake $0.50
Board [7s Qs 5s As 4h]
Seat 1: LifeisagameX (button) (small blind) showed [Ah 5d] and won ($50.58) with two pair, Aces and Fives
Seat 6: ggwp-777 (big blind) showed [Kd 5h] and lost with a pair of Fives


PokerStars Hand #155388744306:  Hold'em Limit ($3/$6 USD) - 2016/06/30 12:22:57 ET
Table 'Walhalla' 10-max Seat #6 is the button
Seat 1: LifeisagameX ($74.50 in chips)
Seat 6: ggwp-777 ($31.54 in chips)
ggwp-777: posts small blind $1
LifeisagameX: posts big blind $3
*** HOLE CARDS ***
ggwp-777: calls $2
LifeisagameX: raises $3 to $6
ggwp-777: calls $3
*** FLOP *** [As Kc 5c]
LifeisagameX: bets $3
ggwp-777: folds
Uncalled bet ($3) returned to LifeisagameX
LifeisagameX collected $11.76 from pot
*** SUMMARY ***
Total pot $12 | Rake $0.24
Board [As Kc 5c]
Seat 1: LifeisagameX (big blind) collected ($11.76)
Seat 6: ggwp-777 (button) (small blind) folded on the Flop


