PokerStars Hand #174692340230:  Hold'em Limit ($3/$6 USD) - 2017/08/23 9:42:44 ET
Table 'Walinskia II' 6-max Seat #6 is the button
Seat 3: zantis365 ($54.35 in chips)
Seat 6: NAV1 ($200 in chips)
NAV1: posts small blind $1
zantis365: posts big blind $3
*** HOLE CARDS ***
NAV1: raises $3 to $6
zantis365: calls $3
*** FLOP *** [6h Ks 5d]
zantis365: bets $3
NAV1: calls $3
*** TURN *** [6h Ks 5d] [4c]
zantis365: bets $6
NAV1: folds
Uncalled bet ($6) returned to zantis365
zantis365 collected $17.64 from pot
zantis365: doesn't show hand
*** SUMMARY ***
Total pot $18 | Rake $0.36
Board [6h Ks 5d 4c]
Seat 3: zantis365 (big blind) collected ($17.64)
Seat 6: NAV1 (button) (small blind) folded on the Turn


PokerStars Hand #174692349528:  Hold'em Limit ($3/$6 USD) - 2017/08/23 9:43:02 ET
Table 'Walinskia II' 6-max Seat #3 is the button
Seat 3: zantis365 ($62.99 in chips)
Seat 6: NAV1 ($191 in chips)
zantis365: posts small blind $1
NAV1: posts big blind $3
*** HOLE CARDS ***
zantis365: calls $2
NAV1: raises $3 to $6
zantis365: calls $3
*** FLOP *** [5s 8c Ts]
NAV1: bets $3
zantis365: calls $3
*** TURN *** [5s 8c Ts] [9c]
NAV1: bets $6
zantis365: calls $6
*** RIVER *** [5s 8c Ts 9c] [Kc]
NAV1: checks
zantis365: bets $6
NAV1: calls $6
*** SHOW DOWN ***
zantis365: shows [7h Qs] (high card King)
NAV1: shows [9s Js] (a pair of Nines)
NAV1 collected $41.50 from pot
*** SUMMARY ***
Total pot $42 | Rake $0.50
Board [5s 8c Ts 9c Kc]
Seat 3: zantis365 (button) (small blind) showed [7h Qs] and lost with high card King
Seat 6: NAV1 (big blind) showed [9s Js] and won ($41.50) with a pair of Nines


PokerStars Hand #174692367549:  Hold'em Limit ($3/$6 USD) - 2017/08/23 9:43:37 ET
Table 'Walinskia II' 6-max Seat #6 is the button
Seat 3: zantis365 ($41.99 in chips)
Seat 6: NAV1 ($211.50 in chips)
NAV1: posts small blind $1
zantis365: posts big blind $3
*** HOLE CARDS ***
NAV1: raises $3 to $6
zantis365: calls $3
*** FLOP *** [9c 9s 2h]
zantis365: bets $3
NAV1: raises $3 to $6
zantis365: raises $3 to $9
NAV1: calls $3
*** TURN *** [9c 9s 2h] [5d]
zantis365: bets $6
NAV1: calls $6
*** RIVER *** [9c 9s 2h 5d] [3h]
zantis365: bets $6
NAV1: calls $6
*** SHOW DOWN ***
zantis365: shows [2d Kd] (two pair, Nines and Deuces)
NAV1: shows [3c As] (two pair, Nines and Threes)
NAV1 collected $53.50 from pot
*** SUMMARY ***
Total pot $54 | Rake $0.50
Board [9c 9s 2h 5d 3h]
Seat 3: zantis365 (big blind) showed [2d Kd] and lost with two pair, Nines and Deuces
Seat 6: NAV1 (button) (small blind) showed [3c As] and won ($53.50) with two pair, Nines and Threes


PokerStars Hand #174692407170:  Hold'em Limit ($3/$6 USD) - 2017/08/23 9:44:55 ET
Table 'Walinskia II' 6-max Seat #6 is the button
Seat 4: Anchig ($93 in chips)
Seat 6: NAV1 ($277.99 in chips)
Pelurile will be allowed to play after the button
NAV1: posts small blind $1
Anchig: posts big blind $3
*** HOLE CARDS ***
NAV1: folds
Uncalled bet ($2) returned to Anchig
Anchig collected $2 from pot
Anchig: doesn't show hand
*** SUMMARY ***
Total pot $2 | Rake $0
Seat 4: Anchig (big blind) collected ($2)
Seat 6: NAV1 (button) (small blind) folded before Flop


PokerStars Hand #174693873619:  Hold'em Limit ($3/$6 USD) - 2017/08/23 10:32:14 ET
Table 'Walinskia II' 6-max Seat #6 is the button
Seat 5: jamie2000 ($179.61 in chips)
Seat 6: NewRocker ($135.37 in chips)
NewRocker: posts small blind $1
Mordnilap: is sitting out
Psynto: is sitting out
Anchig: is sitting out
jamie2000: posts big blind $3
*** HOLE CARDS ***
Mordnilap leaves the table
NewRocker: folds
Uncalled bet ($2) returned to jamie2000
jamie2000 collected $2 from pot
jamie2000: doesn't show hand
*** SUMMARY ***
Total pot $2 | Rake $0
Seat 5: jamie2000 (big blind) collected ($2)
Seat 6: NewRocker (button) (small blind) folded before Flop


PokerStars Hand #174693878534:  Hold'em Limit ($3/$6 USD) - 2017/08/23 10:32:23 ET
Table 'Walinskia II' 6-max Seat #5 is the button
Seat 5: jamie2000 ($180.61 in chips)
Seat 6: NewRocker ($134.37 in chips)
jamie2000: posts small blind $1
NewRocker: posts big blind $3
*** HOLE CARDS ***
jamie2000: folds
Uncalled bet ($2) returned to NewRocker
NewRocker collected $2 from pot
NewRocker: doesn't show hand
*** SUMMARY ***
Total pot $2 | Rake $0
Seat 5: jamie2000 (button) (small blind) folded before Flop
Seat 6: NewRocker (big blind) collected ($2)


