PokerStars Hand #174241990741:  Hold'em Limit ($3/$6 USD) - 2017/08/12 11:58:32 ET
Table 'Walinskia' 6-max Seat #3 is the button
Seat 2: MilPopov ($119 in chips)
Seat 3: Luanto 14 ($121 in chips)
Luanto 14: posts small blind $1
MilPopov: posts big blind $3
*** HOLE CARDS ***
Luanto 14: raises $3 to $6
MilPopov: calls $3
*** FLOP *** [Qh Ks Th]
MilPopov: checks
Luanto 14: bets $3
MilPopov: calls $3
*** TURN *** [Qh Ks Th] [5h]
MilPopov: checks
Luanto 14: bets $6
MilPopov: calls $6
*** RIVER *** [Qh Ks Th 5h] [Js]
MilPopov: bets $6
Luanto 14: calls $6
*** SHOW DOWN ***
MilPopov: shows [8c Ah] (a straight, Ten to Ace)
Luanto 14: mucks hand
MilPopov collected $41.50 from pot
*** SUMMARY ***
Total pot $42 | Rake $0.50
Board [Qh Ks Th 5h Js]
Seat 2: MilPopov (big blind) showed [8c Ah] and won ($41.50) with a straight, Ten to Ace
Seat 3: Luanto 14 (button) (small blind) mucked


PokerStars Hand #174241987650:  Hold'em Limit ($3/$6 USD) - 2017/08/12 11:58:26 ET
Table 'Walinskia' 6-max Seat #2 is the button
Seat 2: MilPopov ($120 in chips)
Seat 3: Luanto 14 ($120 in chips)
MilPopov: posts small blind $1
Luanto 14: posts big blind $3
*** HOLE CARDS ***
MilPopov: folds
Uncalled bet ($2) returned to Luanto 14
Luanto 14 collected $2 from pot
Luanto 14: doesn't show hand
*** SUMMARY ***
Total pot $2 | Rake $0
Seat 2: MilPopov (button) (small blind) folded before Flop
Seat 3: Luanto 14 (big blind) collected ($2)


PokerStars Hand #174241980884:  Hold'em Limit ($3/$6 USD) - 2017/08/12 11:58:12 ET
Table 'Walinskia' 6-max Seat #2 is the button
Seat 2: MilPopov ($120 in chips)
Seat 3: Luanto 14 ($120 in chips)
MilPopov: posts small blind $1
Luanto 14: posts big blind $3
*** HOLE CARDS ***
MilPopov: folds
Uncalled bet ($2) returned to Luanto 14
Luanto 14 collected $2 from pot
Luanto 14: doesn't show hand
*** SUMMARY ***
Total pot $2 | Rake $0
Seat 2: MilPopov (button) (small blind) folded before Flop
Seat 3: Luanto 14 (big blind) collected ($2)


PokerStars Hand #174242020384:  Hold'em Limit ($3/$6 USD) - 2017/08/12 11:59:31 ET
Table 'Walinskia' 6-max Seat #3 is the button
Seat 2: MilPopov ($163 in chips)
Seat 3: Luanto 14 ($76 in chips)
Luanto 14: posts small blind $1
MilPopov: posts big blind $3
*** HOLE CARDS ***
Luanto 14: raises $3 to $6
MilPopov: calls $3
*** FLOP *** [8c 3c Tc]
MilPopov: checks
Luanto 14: bets $3
MilPopov: calls $3
*** TURN *** [8c 3c Tc] [Jh]
MilPopov: checks
Luanto 14: checks
*** RIVER *** [8c 3c Tc Jh] [9d]
MilPopov: bets $6
Luanto 14: raises $6 to $12
MilPopov: calls $6
*** SHOW DOWN ***
Luanto 14: shows [2h Kc] (high card King)
MilPopov: shows [Qc 6d] (a straight, Eight to Queen)
MilPopov collected $41.50 from pot
*** SUMMARY ***
Total pot $42 | Rake $0.50
Board [8c 3c Tc Jh 9d]
Seat 2: MilPopov (big blind) showed [Qc 6d] and won ($41.50) with a straight, Eight to Queen
Seat 3: Luanto 14 (button) (small blind) showed [2h Kc] and lost with high card King


PokerStars Hand #174242016389:  Hold'em Limit ($3/$6 USD) - 2017/08/12 11:59:23 ET
Table 'Walinskia' 6-max Seat #2 is the button
Seat 2: MilPopov ($164 in chips)
Seat 3: Luanto 14 ($75 in chips)
MilPopov: posts small blind $1
Luanto 14: posts big blind $3
*** HOLE CARDS ***
MilPopov: folds
Uncalled bet ($2) returned to Luanto 14
Luanto 14 collected $2 from pot
Luanto 14: doesn't show hand
*** SUMMARY ***
Total pot $2 | Rake $0
Seat 2: MilPopov (button) (small blind) folded before Flop
Seat 3: Luanto 14 (big blind) collected ($2)


PokerStars Hand #174242013678:  Hold'em Limit ($3/$6 USD) - 2017/08/12 11:59:18 ET
Table 'Walinskia' 6-max Seat #3 is the button
Seat 2: MilPopov ($163 in chips)
Seat 3: Luanto 14 ($76 in chips)
Luanto 14: posts small blind $1
MilPopov: posts big blind $3
*** HOLE CARDS ***
Luanto 14: folds
Uncalled bet ($2) returned to MilPopov
MilPopov collected $2 from pot
MilPopov: doesn't show hand
*** SUMMARY ***
Total pot $2 | Rake $0
Seat 2: MilPopov (big blind) collected ($2)
Seat 3: Luanto 14 (button) (small blind) folded before Flop


PokerStars Hand #174242000014:  Hold'em Limit ($3/$6 USD) - 2017/08/12 11:58:51 ET
Table 'Walinskia' 6-max Seat #2 is the button
Seat 2: MilPopov ($139.50 in chips)
Seat 3: Luanto 14 ($100 in chips)
MilPopov: posts small blind $1
Luanto 14: posts big blind $3
*** HOLE CARDS ***
MilPopov: calls $2
Luanto 14: raises $3 to $6
MilPopov: raises $3 to $9
Luanto 14: calls $3
*** FLOP *** [Js Td 8d]
Luanto 14: checks
MilPopov: bets $3
Luanto 14: calls $3
*** TURN *** [Js Td 8d] [Ac]
Luanto 14: checks
MilPopov: bets $6
Luanto 14: calls $6
*** RIVER *** [Js Td 8d Ac] [9c]
Luanto 14: checks
MilPopov: bets $6
Luanto 14: calls $6
*** SHOW DOWN ***
MilPopov: shows [5c Qs] (a straight, Eight to Queen)
Luanto 14: mucks hand
MilPopov collected $47.50 from pot
*** SUMMARY ***
Total pot $48 | Rake $0.50
Board [Js Td 8d Ac 9c]
Seat 2: MilPopov (button) (small blind) showed [5c Qs] and won ($47.50) with a straight, Eight to Queen
Seat 3: Luanto 14 (big blind) mucked


PokerStars Hand #174242030653:  Hold'em Limit ($3/$6 USD) - 2017/08/12 11:59:52 ET
Table 'Walinskia' 6-max Seat #2 is the button
Seat 2: MilPopov ($183.50 in chips)
Seat 3: Luanto 14 ($55 in chips)
MilPopov: posts small blind $1
Luanto 14: posts big blind $3
*** HOLE CARDS ***
MilPopov: calls $2
Luanto 14 said, "nh"
Luanto 14: checks
*** FLOP *** [2h 5h 9c]
Luanto 14: checks
MilPopov: bets $3
Luanto 14: folds
Uncalled bet ($3) returned to MilPopov
MilPopov collected $5.88 from pot
MilPopov: doesn't show hand
*** SUMMARY ***
Total pot $6 | Rake $0.12
Board [2h 5h 9c]
Seat 2: MilPopov (button) (small blind) collected ($5.88)
Seat 3: Luanto 14 (big blind) folded on the Flop


PokerStars Hand #174242041015:  Hold'em Limit ($3/$6 USD) - 2017/08/12 12:00:12 ET
Table 'Walinskia' 6-max Seat #3 is the button
Seat 2: MilPopov ($186.38 in chips)
Seat 3: Luanto 14 ($52 in chips)
Luanto 14: posts small blind $1
MilPopov: posts big blind $3
*** HOLE CARDS ***
Luanto 14: raises $3 to $6
MilPopov: calls $3
*** FLOP *** [2h 8h 3c]
MilPopov: checks
Luanto 14: bets $3
MilPopov: calls $3
*** TURN *** [2h 8h 3c] [Qs]
MilPopov: checks
Luanto 14: bets $6
MilPopov: calls $6
*** RIVER *** [2h 8h 3c Qs] [Td]
MilPopov: checks
Luanto 14: bets $6
MilPopov: calls $6
*** SHOW DOWN ***
Luanto 14: shows [Ts 8s] (two pair, Tens and Eights)
MilPopov: mucks hand
Luanto 14 collected $41.50 from pot
*** SUMMARY ***
Total pot $42 | Rake $0.50
Board [2h 8h 3c Qs Td]
Seat 2: MilPopov (big blind) mucked
Seat 3: Luanto 14 (button) (small blind) showed [Ts 8s] and won ($41.50) with two pair, Tens and Eights


PokerStars Hand #174242051863:  Hold'em Limit ($3/$6 USD) - 2017/08/12 12:00:33 ET
Table 'Walinskia' 6-max Seat #2 is the button
Seat 2: MilPopov ($165.38 in chips)
Seat 3: Luanto 14 ($72.50 in chips)
MilPopov: posts small blind $1
Luanto 14: posts big blind $3
*** HOLE CARDS ***
MilPopov: raises $3 to $6
Luanto 14: folds
Uncalled bet ($3) returned to MilPopov
MilPopov collected $6 from pot
MilPopov: doesn't show hand
*** SUMMARY ***
Total pot $6 | Rake $0
Seat 2: MilPopov (button) (small blind) collected ($6)
Seat 3: Luanto 14 (big blind) folded before Flop


PokerStars Hand #174242055190:  Hold'em Limit ($3/$6 USD) - 2017/08/12 12:00:39 ET
Table 'Walinskia' 6-max Seat #3 is the button
Seat 2: MilPopov ($168.38 in chips)
Seat 3: Luanto 14 ($69.50 in chips)
Luanto 14: posts small blind $1
MilPopov: posts big blind $3
*** HOLE CARDS ***
Luanto 14: raises $3 to $6
NOMOS1984 joins the table at seat #4
MilPopov: calls $3
*** FLOP *** [2d 4c 5s]
MilPopov: checks
Luanto 14: bets $3
MilPopov: calls $3
*** TURN *** [2d 4c 5s] [5d]
MilPopov: checks
Luanto 14: bets $6
MilPopov: calls $6
*** RIVER *** [2d 4c 5s 5d] [Js]
MilPopov: checks
Luanto 14: bets $6
MilPopov: calls $6
*** SHOW DOWN ***
Luanto 14: shows [Jd 8s] (two pair, Jacks and Fives)
MilPopov: mucks hand
Luanto 14 collected $41.50 from pot
*** SUMMARY ***
Total pot $42 | Rake $0.50
Board [2d 4c 5s 5d Js]
Seat 2: MilPopov (big blind) mucked
Seat 3: Luanto 14 (button) (small blind) showed [Jd 8s] and won ($41.50) with two pair, Jacks and Fives


PokerStars Hand #174242069101:  Hold'em Limit ($3/$6 USD) - 2017/08/12 12:01:05 ET
Table 'Walinskia' 6-max Seat #2 is the button
Seat 2: MilPopov ($147.38 in chips)
Seat 3: Luanto 14 ($90 in chips)
MilPopov: posts small blind $1
Luanto 14: posts big blind $3
*** HOLE CARDS ***
MilPopov: raises $3 to $6
Luanto 14: calls $3
*** FLOP *** [8s 6d 3h]
Luanto 14: checks
MilPopov: bets $3
Luanto 14: folds
Uncalled bet ($3) returned to MilPopov
MilPopov collected $11.76 from pot
MilPopov: doesn't show hand
*** SUMMARY ***
Total pot $12 | Rake $0.24
Board [8s 6d 3h]
Seat 2: MilPopov (button) (small blind) collected ($11.76)
Seat 3: Luanto 14 (big blind) folded on the Flop


PokerStars Hand #174243082391:  Hold'em Limit ($3/$6 USD) - 2017/08/12 12:28:49 ET
Table 'Walinskia' 6-max Seat #2 is the button
Seat 2: MilPopov ($172.89 in chips)
Seat 5: Luanto 14 ($85.31 in chips)
MilPopov: posts small blind $1
Luanto 14: posts big blind $3
*** HOLE CARDS ***
MilPopov: raises $3 to $6
Luanto 14: calls $3
*** FLOP *** [Ks 8h As]
Luanto 14: checks
MilPopov: bets $3
Luanto 14: calls $3
*** TURN *** [Ks 8h As] [Ah]
Luanto 14: checks
MilPopov: checks
*** RIVER *** [Ks 8h As Ah] [5s]
Luanto 14: checks
MilPopov: checks
*** SHOW DOWN ***
Luanto 14: shows [Tc Jd] (a pair of Aces)
MilPopov: shows [6h 6s] (two pair, Aces and Sixes)
MilPopov collected $17.64 from pot
*** SUMMARY ***
Total pot $18 | Rake $0.36
Board [Ks 8h As Ah 5s]
Seat 2: MilPopov (button) (small blind) showed [6h 6s] and won ($17.64) with two pair, Aces and Sixes
Seat 5: Luanto 14 (big blind) showed [Tc Jd] and lost with a pair of Aces


