PokerStars Hand #176201355786:  Hold'em Limit ($3/$6 USD) - 2017/09/27 16:39:02 ET
Table 'Walkure' 6-max Seat #3 is the button
Seat 3: Ag3r0n ($72 in chips)
Seat 4: solomonov.sm ($30 in chips)
Ag3r0n: posts small blind $1
solomonov.sm: posts big blind $3
*** HOLE CARDS ***
Ag3r0n: raises $3 to $6
solomonov.sm: raises $3 to $9
Ag3r0n: calls $3
*** FLOP *** [6d 9s 4d]
solomonov.sm: bets $3
Ag3r0n: calls $3
*** TURN *** [6d 9s 4d] [2h]
solomonov.sm: bets $6
Ag3r0n: raises $6 to $12
solomonov.sm: calls $6
*** RIVER *** [6d 9s 4d 2h] [8c]
solomonov.sm: bets $6 and is all-in
Ag3r0n: calls $6
*** SHOW DOWN ***
solomonov.sm: shows [5c 5s] (a pair of Fives)
Ag3r0n: shows [7d 5d] (a straight, Five to Nine)
Ag3r0n collected $59.50 from pot
*** SUMMARY ***
Total pot $60 | Rake $0.50
Board [6d 9s 4d 2h 8c]
Seat 3: Ag3r0n (button) (small blind) showed [7d 5d] and won ($59.50) with a straight, Five to Nine
Seat 4: solomonov.sm (big blind) showed [5c 5s] and lost with a pair of Fives


PokerStars Hand #176201397239:  Hold'em Limit ($3/$6 USD) - 2017/09/27 16:40:00 ET
Table 'Walkure' 6-max Seat #4 is the button
Seat 3: Ag3r0n ($101.50 in chips)
Seat 4: solomonov.sm ($33 in chips)
solomonov.sm: posts small blind $1
Ag3r0n: posts big blind $3
*** HOLE CARDS ***
solomonov.sm: calls $2
Ag3r0n: raises $3 to $6
solomonov.sm: calls $3
*** FLOP *** [9c 2h Qc]
Ag3r0n: bets $3
solomonov.sm: calls $3
*** TURN *** [9c 2h Qc] [Ah]
Ag3r0n: bets $6
solomonov.sm: calls $6
*** RIVER *** [9c 2h Qc Ah] [8h]
Ag3r0n: bets $6
solomonov.sm: folds
Uncalled bet ($6) returned to Ag3r0n
Ag3r0n collected $29.50 from pot
Ag3r0n: doesn't show hand
*** SUMMARY ***
Total pot $30 | Rake $0.50
Board [9c 2h Qc Ah 8h]
Seat 3: Ag3r0n (big blind) collected ($29.50)
Seat 4: solomonov.sm (button) (small blind) folded on the River


PokerStars Hand #176201433318:  Hold'em Limit ($3/$6 USD) - 2017/09/27 16:40:51 ET
Table 'Walkure' 6-max Seat #4 is the button
Seat 3: Ag3r0n ($104 in chips)
Seat 4: solomonov.sm ($29.52 in chips)
solomonov.sm: posts small blind $1
Ag3r0n: posts big blind $3
*** HOLE CARDS ***
solomonov.sm: raises $3 to $6
Ag3r0n: folds
Uncalled bet ($3) returned to solomonov.sm
solomonov.sm collected $6 from pot
solomonov.sm: doesn't show hand
*** SUMMARY ***
Total pot $6 | Rake $0
Seat 3: Ag3r0n (big blind) folded before Flop
Seat 4: solomonov.sm (button) (small blind) collected ($6)


PokerStars Hand #176201416146:  Hold'em Limit ($3/$6 USD) - 2017/09/27 16:40:27 ET
Table 'Walkure' 6-max Seat #3 is the button
Seat 3: Ag3r0n ($116 in chips)
Seat 4: solomonov.sm ($18 in chips)
Ag3r0n: posts small blind $1
solomonov.sm: posts big blind $3
*** HOLE CARDS ***
Ag3r0n: raises $3 to $6
solomonov.sm: calls $3
*** FLOP *** [7c Js 7s]
vestimokrec joins the table at seat #5
solomonov.sm: checks
Ag3r0n: bets $3
solomonov.sm: raises $3 to $6
Ag3r0n: calls $3
*** TURN *** [7c Js 7s] [2s]
solomonov.sm: bets $6 and is all-in
Ag3r0n: folds
Uncalled bet ($6) returned to solomonov.sm
solomonov.sm collected $23.52 from pot
solomonov.sm: doesn't show hand
*** SUMMARY ***
Total pot $24 | Rake $0.48
Board [7c Js 7s 2s]
Seat 3: Ag3r0n (button) (small blind) folded on the Turn
Seat 4: solomonov.sm (big blind) collected ($23.52)


PokerStars Hand #176201437137:  Hold'em Limit ($3/$6 USD) - 2017/09/27 16:40:56 ET
Table 'Walkure' 6-max Seat #3 is the button
Seat 3: Ag3r0n ($101 in chips)
Seat 4: solomonov.sm ($32.52 in chips)
Ag3r0n: posts small blind $1
solomonov.sm: posts big blind $3
*** HOLE CARDS ***
Ag3r0n: folds
Uncalled bet ($2) returned to solomonov.sm
solomonov.sm collected $2 from pot
solomonov.sm: doesn't show hand
*** SUMMARY ***
Total pot $2 | Rake $0
Seat 3: Ag3r0n (button) (small blind) folded before Flop
Seat 4: solomonov.sm (big blind) collected ($2)


PokerStars Hand #176201440693:  Hold'em Limit ($3/$6 USD) - 2017/09/27 16:41:01 ET
Table 'Walkure' 6-max Seat #4 is the button
Seat 3: Ag3r0n ($100 in chips)
Seat 4: solomonov.sm ($33.52 in chips)
solomonov.sm: posts small blind $1
Ag3r0n: posts big blind $3
*** HOLE CARDS ***
solomonov.sm: calls $2
Ag3r0n: checks
*** FLOP *** [Tc 9s 2s]
Ag3r0n: bets $3
solomonov.sm: calls $3
*** TURN *** [Tc 9s 2s] [Kh]
Ag3r0n: bets $6
solomonov.sm: folds
Uncalled bet ($6) returned to Ag3r0n
Ag3r0n collected $11.76 from pot
Ag3r0n: doesn't show hand
*** SUMMARY ***
Total pot $12 | Rake $0.24
Board [Tc 9s 2s Kh]
Seat 3: Ag3r0n (big blind) collected ($11.76)
Seat 4: solomonov.sm (button) (small blind) folded on the Turn


PokerStars Hand #176201453618:  Hold'em Limit ($3/$6 USD) - 2017/09/27 16:41:20 ET
Table 'Walkure' 6-max Seat #3 is the button
Seat 3: Ag3r0n ($105.76 in chips)
Seat 4: solomonov.sm ($27.52 in chips)
Ag3r0n: posts small blind $1
solomonov.sm: posts big blind $3
*** HOLE CARDS ***
Ag3r0n: raises $3 to $6
solomonov.sm: calls $3
*** FLOP *** [4h 5h 6h]
solomonov.sm: bets $3
Ag3r0n: calls $3
*** TURN *** [4h 5h 6h] [8h]
ToDaFelt joins the table at seat #6
solomonov.sm: bets $6
Ag3r0n: folds
Uncalled bet ($6) returned to solomonov.sm
solomonov.sm collected $17.64 from pot
solomonov.sm: doesn't show hand
*** SUMMARY ***
Total pot $18 | Rake $0.36
Board [4h 5h 6h 8h]
Seat 3: Ag3r0n (button) (small blind) folded on the Turn
Seat 4: solomonov.sm (big blind) collected ($17.64)


PokerStars Hand #176202566445:  Hold'em Limit ($3/$6 USD) - 2017/09/27 17:07:28 ET
Table 'Walkure' 6-max Seat #6 is the button
Seat 2: sydd7 ($67.04 in chips)
Seat 6: ToDaFelt ($96.92 in chips)
ToDaFelt: posts small blind $1
sydd7: posts big blind $3
*** HOLE CARDS ***
ToDaFelt: raises $3 to $6
sydd7: raises $3 to $9
ToDaFelt: calls $3
*** FLOP *** [Ah 6h Kc]
sydd7: bets $3
ToDaFelt: folds
Uncalled bet ($3) returned to sydd7
sydd7 collected $17.64 from pot
*** SUMMARY ***
Total pot $18 | Rake $0.36
Board [Ah 6h Kc]
Seat 2: sydd7 (big blind) collected ($17.64)
Seat 6: ToDaFelt (button) (small blind) folded on the Flop


PokerStars Hand #176202547465:  Hold'em Limit ($3/$6 USD) - 2017/09/27 17:07:03 ET
Table 'Walkure' 6-max Seat #1 is the button
Seat 1: knas4 ($124.48 in chips)
Seat 6: ToDaFelt ($102.92 in chips)
knas4: posts small blind $1
Ag3r0n: is sitting out
ToDaFelt: posts big blind $3
*** HOLE CARDS ***
knas4: raises $3 to $6
ToDaFelt: calls $3
*** FLOP *** [Js 3h 2h]
ToDaFelt: checks
knas4: bets $3
sydd7 joins the table at seat #2
ToDaFelt: folds
Uncalled bet ($3) returned to knas4
knas4 collected $11.76 from pot
knas4: doesn't show hand
*** SUMMARY ***
Total pot $12 | Rake $0.24
Board [Js 3h 2h]
Seat 1: knas4 (button) (small blind) collected ($11.76)
Seat 6: ToDaFelt (big blind) folded on the Flop


