PokerStars Hand #174532418740:  Hold'em Limit ($3/$6 USD) - 2017/08/19 12:40:32 ET
Table 'Wallia' 6-max Seat #1 is the button
Seat 1: zimin10 ($72 in chips)
Seat 6: TurnbullFTW ($54.80 in chips)
zimin10: posts small blind $1
TurnbullFTW: posts big blind $3
*** HOLE CARDS ***
zimin10: raises $3 to $6
TurnbullFTW: raises $3 to $9
zimin10: calls $3
*** FLOP *** [8h Jd Qh]
TurnbullFTW: bets $3
zimin10: calls $3
*** TURN *** [8h Jd Qh] [Td]
TurnbullFTW: bets $6
zimin10: calls $6
*** RIVER *** [8h Jd Qh Td] [4s]
TurnbullFTW: bets $6
zimin10: folds
Uncalled bet ($6) returned to TurnbullFTW
TurnbullFTW collected $35.50 from pot
TurnbullFTW: doesn't show hand
*** SUMMARY ***
Total pot $36 | Rake $0.50
Board [8h Jd Qh Td 4s]
Seat 1: zimin10 (button) (small blind) folded on the River
Seat 6: TurnbullFTW (big blind) collected ($35.50)


PokerStars Hand #174532401156:  Hold'em Limit ($3/$6 USD) - 2017/08/19 12:40:03 ET
Table 'Wallia' 6-max Seat #6 is the button
Seat 1: zimin10 ($72 in chips)
Seat 6: TurnbullFTW ($40.30 in chips)
TurnbullFTW: posts small blind $1
zimin10: posts big blind $3
*** HOLE CARDS ***
TurnbullFTW: calls $2
zimin10: raises $3 to $6
TurnbullFTW: calls $3
*** FLOP *** [Jh Ac 8d]
zimin10: bets $3
TurnbullFTW: calls $3
*** TURN *** [Jh Ac 8d] [Td]
zimin10: bets $6
TurnbullFTW: raises $6 to $12
zimin10: folds
Uncalled bet ($6) returned to TurnbullFTW
TurnbullFTW collected $29.50 from pot
TurnbullFTW: doesn't show hand
*** SUMMARY ***
Total pot $30 | Rake $0.50
Board [Jh Ac 8d Td]
Seat 1: zimin10 (big blind) folded on the Turn
Seat 6: TurnbullFTW (button) (small blind) collected ($29.50)


PokerStars Hand #174532462639:  Hold'em Limit ($3/$6 USD) - 2017/08/19 12:41:43 ET
Table 'Wallia' 6-max Seat #1 is the button
Seat 1: zimin10 ($73 in chips)
Seat 6: TurnbullFTW ($80.94 in chips)
zimin10: posts small blind $1
TurnbullFTW: posts big blind $3
*** HOLE CARDS ***
zimin10: raises $3 to $6
TurnbullFTW: calls $3
*** FLOP *** [9d Qh 5h]
TurnbullFTW: checks
zimin10: bets $3
TurnbullFTW: calls $3
*** TURN *** [9d Qh 5h] [As]
TurnbullFTW: checks
zimin10: bets $6
TurnbullFTW: folds
Uncalled bet ($6) returned to zimin10
zimin10 collected $17.64 from pot
*** SUMMARY ***
Total pot $18 | Rake $0.36
Board [9d Qh 5h As]
Seat 1: zimin10 (button) (small blind) collected ($17.64)
Seat 6: TurnbullFTW (big blind) folded on the Turn


PokerStars Hand #174532459484:  Hold'em Limit ($3/$6 USD) - 2017/08/19 12:41:38 ET
Table 'Wallia' 6-max Seat #6 is the button
Seat 1: zimin10 ($72 in chips)
Seat 6: TurnbullFTW ($81.94 in chips)
TurnbullFTW: posts small blind $1
zimin10: posts big blind $3
*** HOLE CARDS ***
TurnbullFTW: folds
Uncalled bet ($2) returned to zimin10
zimin10 collected $2 from pot
*** SUMMARY ***
Total pot $2 | Rake $0
Seat 1: zimin10 (big blind) collected ($2)
Seat 6: TurnbullFTW (button) (small blind) folded before Flop


PokerStars Hand #174532456438:  Hold'em Limit ($3/$6 USD) - 2017/08/19 12:41:33 ET
Table 'Wallia' 6-max Seat #1 is the button
Seat 1: zimin10 ($72 in chips)
Seat 6: TurnbullFTW ($80.94 in chips)
zimin10: posts small blind $1
TurnbullFTW: posts big blind $3
*** HOLE CARDS ***
zimin10: folds
Uncalled bet ($2) returned to TurnbullFTW
TurnbullFTW collected $2 from pot
TurnbullFTW: doesn't show hand
*** SUMMARY ***
Total pot $2 | Rake $0
Seat 1: zimin10 (button) (small blind) folded before Flop
Seat 6: TurnbullFTW (big blind) collected ($2)


PokerStars Hand #174532433853:  Hold'em Limit ($3/$6 USD) - 2017/08/19 12:40:56 ET
Table 'Wallia' 6-max Seat #6 is the button
Seat 1: zimin10 ($72 in chips)
Seat 6: TurnbullFTW ($72.30 in chips)
TurnbullFTW: posts small blind $1
zimin10: posts big blind $3
*** HOLE CARDS ***
TurnbullFTW: calls $2
zimin10: raises $3 to $6
TurnbullFTW: raises $3 to $9
zimin10: calls $3
*** FLOP *** [8s 3s Qs]
zimin10: checks
TurnbullFTW: bets $3
zimin10: folds
Uncalled bet ($3) returned to TurnbullFTW
TurnbullFTW collected $17.64 from pot
TurnbullFTW: doesn't show hand
*** SUMMARY ***
Total pot $18 | Rake $0.36
Board [8s 3s Qs]
Seat 1: zimin10 (big blind) folded on the Flop
Seat 6: TurnbullFTW (button) (small blind) collected ($17.64)


PokerStars Hand #174532492776:  Hold'em Limit ($3/$6 USD) - 2017/08/19 12:42:33 ET
Table 'Wallia' 6-max Seat #6 is the button
Seat 1: zimin10 ($72 in chips)
Seat 6: TurnbullFTW ($90.44 in chips)
TurnbullFTW: posts small blind $1
zimin10: posts big blind $3
*** HOLE CARDS ***
TurnbullFTW: raises $3 to $6
zimin10: raises $3 to $9
TurnbullFTW: calls $3
*** FLOP *** [Qd Ac 5h]
zimin10: bets $3
TurnbullFTW: raises $3 to $6
zimin10: calls $3
*** TURN *** [Qd Ac 5h] [8h]
zimin10: checks
TurnbullFTW: bets $6
zimin10: folds
Uncalled bet ($6) returned to TurnbullFTW
TurnbullFTW collected $29.50 from pot
TurnbullFTW: doesn't show hand
*** SUMMARY ***
Total pot $30 | Rake $0.50
Board [Qd Ac 5h 8h]
Seat 1: zimin10 (big blind) folded on the Turn
Seat 6: TurnbullFTW (button) (small blind) collected ($29.50)


PokerStars Hand #174532489744:  Hold'em Limit ($3/$6 USD) - 2017/08/19 12:42:28 ET
Table 'Wallia' 6-max Seat #1 is the button
Seat 1: zimin10 ($72 in chips)
Seat 6: TurnbullFTW ($89.44 in chips)
zimin10: posts small blind $1
TurnbullFTW: posts big blind $3
*** HOLE CARDS ***
zimin10: folds
Uncalled bet ($2) returned to TurnbullFTW
TurnbullFTW collected $2 from pot
TurnbullFTW: doesn't show hand
*** SUMMARY ***
Total pot $2 | Rake $0
Seat 1: zimin10 (button) (small blind) folded before Flop
Seat 6: TurnbullFTW (big blind) collected ($2)


PokerStars Hand #174532473009:  Hold'em Limit ($3/$6 USD) - 2017/08/19 12:42:00 ET
Table 'Wallia' 6-max Seat #6 is the button
Seat 1: zimin10 ($81.64 in chips)
Seat 6: TurnbullFTW ($71.94 in chips)
TurnbullFTW: posts small blind $1
zimin10: posts big blind $3
*** HOLE CARDS ***
TurnbullFTW: raises $3 to $6
zimin10: raises $3 to $9
TurnbullFTW: raises $3 to $12
Betting is capped
zimin10: calls $3
*** FLOP *** [2h Ac Tc]
zimin10: checks
TurnbullFTW: checks
*** TURN *** [2h Ac Tc] [3d]
zimin10: checks
TurnbullFTW: checks
*** RIVER *** [2h Ac Tc 3d] [7h]
zimin10: checks
TurnbullFTW: bets $6
zimin10: calls $6
*** SHOW DOWN ***
TurnbullFTW: shows [Jd Jc] (a pair of Jacks)
zimin10: mucks hand
TurnbullFTW collected $35.50 from pot
*** SUMMARY ***
Total pot $36 | Rake $0.50
Board [2h Ac Tc 3d 7h]
Seat 1: zimin10 (big blind) mucked
Seat 6: TurnbullFTW (button) (small blind) showed [Jd Jc] and won ($35.50) with a pair of Jacks


PokerStars Hand #174532530664:  Hold'em Limit ($3/$6 USD) - 2017/08/19 12:43:35 ET
Table 'Wallia' 6-max Seat #1 is the button
Seat 1: zimin10 ($96.50 in chips)
Seat 6: TurnbullFTW ($79.94 in chips)
zimin10: posts small blind $1
TurnbullFTW: posts big blind $3
*** HOLE CARDS ***
zimin10: raises $3 to $6
TurnbullFTW: calls $3
*** FLOP *** [Th 9s 8d]
TurnbullFTW: bets $3
zimin10: calls $3
*** TURN *** [Th 9s 8d] [7s]
TurnbullFTW: bets $6
zimin10: raises $6 to $12
TurnbullFTW: calls $6
*** RIVER *** [Th 9s 8d 7s] [5c]
TurnbullFTW: checks
zimin10: bets $6
TurnbullFTW: calls $6
*** SHOW DOWN ***
zimin10: shows [Jd Kc] (a straight, Seven to Jack)
TurnbullFTW: mucks hand
zimin10 collected $53.50 from pot
*** SUMMARY ***
Total pot $54 | Rake $0.50
Board [Th 9s 8d 7s 5c]
Seat 1: zimin10 (button) (small blind) showed [Jd Kc] and won ($53.50) with a straight, Seven to Jack
Seat 6: TurnbullFTW (big blind) mucked


PokerStars Hand #174532527672:  Hold'em Limit ($3/$6 USD) - 2017/08/19 12:43:30 ET
Table 'Wallia' 6-max Seat #6 is the button
Seat 1: zimin10 ($95.50 in chips)
Seat 6: TurnbullFTW ($80.94 in chips)
TurnbullFTW: posts small blind $1
zimin10: posts big blind $3
*** HOLE CARDS ***
TurnbullFTW: folds
Uncalled bet ($2) returned to zimin10
zimin10 collected $2 from pot
*** SUMMARY ***
Total pot $2 | Rake $0
Seat 1: zimin10 (big blind) collected ($2)
Seat 6: TurnbullFTW (button) (small blind) folded before Flop


PokerStars Hand #174532515352:  Hold'em Limit ($3/$6 USD) - 2017/08/19 12:43:10 ET
Table 'Wallia' 6-max Seat #1 is the button
Seat 1: zimin10 ($72 in chips)
Seat 6: TurnbullFTW ($104.94 in chips)
zimin10: posts small blind $1
TurnbullFTW: posts big blind $3
*** HOLE CARDS ***
zimin10: raises $3 to $6
TurnbullFTW: calls $3
*** FLOP *** [7d 4c 2h]
TurnbullFTW: checks
zimin10: bets $3
TurnbullFTW: raises $3 to $6
zimin10: calls $3
*** TURN *** [7d 4c 2h] [Kd]
TurnbullFTW: bets $6
zimin10: raises $6 to $12
TurnbullFTW: calls $6
*** RIVER *** [7d 4c 2h Kd] [4s]
TurnbullFTW: checks
zimin10: bets $6
TurnbullFTW: folds
Uncalled bet ($6) returned to zimin10
zimin10 collected $47.50 from pot
*** SUMMARY ***
Total pot $48 | Rake $0.50
Board [7d 4c 2h Kd 4s]
Seat 1: zimin10 (button) (small blind) collected ($47.50)
Seat 6: TurnbullFTW (big blind) folded on the River


PokerStars Hand #174532541863:  Hold'em Limit ($3/$6 USD) - 2017/08/19 12:43:53 ET
Table 'Wallia' 6-max Seat #6 is the button
Seat 1: zimin10 ($123 in chips)
Seat 6: TurnbullFTW ($52.94 in chips)
TurnbullFTW: posts small blind $1
zimin10: posts big blind $3
*** HOLE CARDS ***
TurnbullFTW: raises $3 to $6
zimin10: calls $3
*** FLOP *** [5d 8d 9h]
zimin10: checks
TurnbullFTW: bets $3
zimin10: raises $3 to $6
TurnbullFTW: calls $3
*** TURN *** [5d 8d 9h] [2h]
zimin10: bets $6
TurnbullFTW: calls $6
*** RIVER *** [5d 8d 9h 2h] [Td]
zimin10: checks
B_loJkl joins the table at seat #2
TurnbullFTW: checks
*** SHOW DOWN ***
zimin10: shows [6c 8s] (a pair of Eights)
TurnbullFTW: mucks hand
zimin10 collected $35.50 from pot
*** SUMMARY ***
Total pot $36 | Rake $0.50
Board [5d 8d 9h 2h Td]
Seat 1: zimin10 (big blind) showed [6c 8s] and won ($35.50) with a pair of Eights
Seat 6: TurnbullFTW (button) (small blind) mucked


PokerStars Hand #174532662094:  Hold'em Limit ($3/$6 USD) - 2017/08/19 12:47:10 ET
Table 'Wallia' 6-max Seat #1 is the button
Seat 1: zimin10 ($183.87 in chips)
Seat 2: B_loJkl ($137 in chips)
zimin10: posts small blind $1
B_loJkl: posts big blind $3
*** HOLE CARDS ***
zimin10: raises $3 to $6
B_loJkl: calls $3
*** FLOP *** [5d 3h 7c]
TurnbullFTW leaves the table
B_loJkl: bets $3
zimin10: calls $3
*** TURN *** [5d 3h 7c] [7s]
B_loJkl: bets $6
zimin10: calls $6
*** RIVER *** [5d 3h 7c 7s] [2c]
B_loJkl: bets $6
zimin10: calls $6
*** SHOW DOWN ***
B_loJkl: shows [8s Th] (a pair of Sevens)
zimin10: shows [5h 4h] (two pair, Sevens and Fives)
zimin10 collected $41.50 from pot
*** SUMMARY ***
Total pot $42 | Rake $0.50
Board [5d 3h 7c 7s 2c]
Seat 1: zimin10 (button) (small blind) showed [5h 4h] and won ($41.50) with two pair, Sevens and Fives
Seat 2: B_loJkl (big blind) showed [8s Th] and lost with a pair of Sevens


