PokerStars Hand #147386032517:  Hold'em Limit ($3/$6 USD) - 2016/01/20 15:59:15 ET
Table 'Wallia' 6-max Seat #1 is the button
Seat 1: missbleuf ($151.76 in chips)
Seat 4: AzureCaper ($75 in chips)
missbleuf: posts small blind $1
AzureCaper: posts big blind $3
*** HOLE CARDS ***
missbleuf: folds
Uncalled bet ($2) returned to AzureCaper
AzureCaper collected $2 from pot
AzureCaper: doesn't show hand
*** SUMMARY ***
Total pot $2 | Rake $0
Seat 1: missbleuf (button) (small blind) folded before Flop
Seat 4: AzureCaper (big blind) collected ($2)


PokerStars Hand #147386025300:  Hold'em Limit ($3/$6 USD) - 2016/01/20 15:59:07 ET
Table 'Wallia' 6-max Seat #4 is the button
Seat 1: missbleuf ($154.76 in chips)
Seat 4: AzureCaper ($72 in chips)
AzureCaper: posts small blind $1
missbleuf: posts big blind $3
*** HOLE CARDS ***
AzureCaper: raises $3 to $6
missbleuf: folds
Uncalled bet ($3) returned to AzureCaper
AzureCaper collected $6 from pot
AzureCaper: doesn't show hand
*** SUMMARY ***
Total pot $6 | Rake $0
Seat 1: missbleuf (big blind) folded before Flop
Seat 4: AzureCaper (button) (small blind) collected ($6)


PokerStars Hand #147386011629:  Hold'em Limit ($3/$6 USD) - 2016/01/20 15:58:52 ET
Table 'Wallia' 6-max Seat #1 is the button
Seat 1: missbleuf ($149 in chips)
Seat 4: AzureCaper ($72 in chips)
missbleuf: posts small blind $1
AzureCaper: posts big blind $3
*** HOLE CARDS ***
missbleuf: raises $3 to $6
AzureCaper: calls $3
*** FLOP *** [9c Qh Td]
AzureCaper: checks
missbleuf: bets $3
AzureCaper: folds
Uncalled bet ($3) returned to missbleuf
missbleuf collected $11.76 from pot
missbleuf: doesn't show hand
*** SUMMARY ***
Total pot $12 | Rake $0.24
Board [9c Qh Td]
Seat 1: missbleuf (button) (small blind) collected ($11.76)
Seat 4: AzureCaper (big blind) folded on the Flop


PokerStars Hand #147385993046:  Hold'em Limit ($3/$6 USD) - 2016/01/20 15:58:33 ET
Table 'Wallia' 6-max Seat #4 is the button
Seat 1: missbleuf ($134.50 in chips)
Seat 4: AzureCaper ($72 in chips)
AzureCaper: posts small blind $1
missbleuf: posts big blind $3
*** HOLE CARDS ***
AzureCaper: raises $3 to $6
missbleuf: calls $3
*** FLOP *** [4c Qc 7d]
missbleuf: checks
AzureCaper: bets $3
missbleuf: calls $3
*** TURN *** [4c Qc 7d] [5c]
missbleuf: checks
AzureCaper: bets $6
missbleuf: raises $6 to $12
AzureCaper: folds
Uncalled bet ($6) returned to missbleuf
missbleuf collected $29.50 from pot
missbleuf: doesn't show hand
*** SUMMARY ***
Total pot $30 | Rake $0.50
Board [4c Qc 7d 5c]
Seat 1: missbleuf (big blind) collected ($29.50)
Seat 4: AzureCaper (button) (small blind) folded on the Turn


PokerStars Hand #147386051906:  Hold'em Limit ($3/$6 USD) - 2016/01/20 15:59:38 ET
Table 'Wallia' 6-max Seat #1 is the button
Seat 1: missbleuf ($147.76 in chips)
Seat 4: AzureCaper ($79 in chips)
missbleuf: posts small blind $1
AzureCaper: posts big blind $3
*** HOLE CARDS ***
missbleuf: raises $3 to $6
AzureCaper: calls $3
*** FLOP *** [3s 4c Jd]
AzureCaper: checks
missbleuf: bets $3
AzureCaper: folds
Uncalled bet ($3) returned to missbleuf
missbleuf collected $11.76 from pot
missbleuf: doesn't show hand
*** SUMMARY ***
Total pot $12 | Rake $0.24
Board [3s 4c Jd]
Seat 1: missbleuf (button) (small blind) collected ($11.76)
Seat 4: AzureCaper (big blind) folded on the Flop


PokerStars Hand #147386047536:  Hold'em Limit ($3/$6 USD) - 2016/01/20 15:59:33 ET
Table 'Wallia' 6-max Seat #4 is the button
Seat 1: missbleuf ($150.76 in chips)
Seat 4: AzureCaper ($76 in chips)
AzureCaper: posts small blind $1
missbleuf: posts big blind $3
*** HOLE CARDS ***
AzureCaper: raises $3 to $6
missbleuf: folds
Uncalled bet ($3) returned to AzureCaper
Nattokinasc joins the table at seat #6
AzureCaper collected $6 from pot
AzureCaper: doesn't show hand
*** SUMMARY ***
Total pot $6 | Rake $0
Seat 1: missbleuf (big blind) folded before Flop
Seat 4: AzureCaper (button) (small blind) collected ($6)


PokerStars Hand #147386042943:  Hold'em Limit ($3/$6 USD) - 2016/01/20 15:59:27 ET
Table 'Wallia' 6-max Seat #1 is the button
Seat 1: missbleuf ($147.76 in chips)
Seat 4: AzureCaper ($79 in chips)
missbleuf: posts small blind $1
AzureCaper: posts big blind $3
*** HOLE CARDS ***
missbleuf: raises $3 to $6
AzureCaper: folds
Uncalled bet ($3) returned to missbleuf
missbleuf collected $6 from pot
missbleuf: doesn't show hand
*** SUMMARY ***
Total pot $6 | Rake $0
Seat 1: missbleuf (button) (small blind) collected ($6)
Seat 4: AzureCaper (big blind) folded before Flop


PokerStars Hand #147386037566:  Hold'em Limit ($3/$6 USD) - 2016/01/20 15:59:21 ET
Table 'Wallia' 6-max Seat #4 is the button
Seat 1: missbleuf ($150.76 in chips)
Seat 4: AzureCaper ($76 in chips)
AzureCaper: posts small blind $1
missbleuf: posts big blind $3
*** HOLE CARDS ***
AzureCaper: raises $3 to $6
missbleuf: folds
Uncalled bet ($3) returned to AzureCaper
AzureCaper collected $6 from pot
AzureCaper: doesn't show hand
*** SUMMARY ***
Total pot $6 | Rake $0
Seat 1: missbleuf (big blind) folded before Flop
Seat 4: AzureCaper (button) (small blind) collected ($6)


PokerStars Hand #147387517109:  Hold'em Limit ($3/$6 USD) - 2016/01/20 16:22:21 ET
Table 'Wallia' 6-max Seat #2 is the button
Seat 1: missbleuf ($117.57 in chips)
Seat 2: Pokali ($166.60 in chips)
Pokali: posts small blind $1
missbleuf: posts big blind $3
*** HOLE CARDS ***
Pokali: raises $3 to $6
missbleuf: calls $3
*** FLOP *** [7h 6s 8d]
missbleuf: checks
Pokali: bets $3
missbleuf: calls $3
*** TURN *** [7h 6s 8d] [Ks]
missbleuf: checks
Pokali: checks
*** RIVER *** [7h 6s 8d Ks] [5h]
missbleuf: bets $6
Pokali: folds
Uncalled bet ($6) returned to missbleuf
missbleuf collected $17.64 from pot
missbleuf: doesn't show hand
*** SUMMARY ***
Total pot $18 | Rake $0.36
Board [7h 6s 8d Ks 5h]
Seat 1: missbleuf (big blind) collected ($17.64)
Seat 2: Pokali (button) (small blind) folded on the River


