PokerStars Hand #147393223765:  Hold'em Limit ($3/$6 USD) - 2016/01/20 17:56:37 ET
Table 'Wallenquist' 2-max Seat #2 is the button
Seat 1: elifnur2008 ($136.50 in chips)
Seat 2: deon875 ($24.31 in chips)
deon875: posts small blind $1
elifnur2008: posts big blind $3
*** HOLE CARDS ***
deon875: raises $3 to $6
elifnur2008: calls $3
*** FLOP *** [6c 4s 3s]
elifnur2008: checks
deon875: bets $3
elifnur2008: calls $3
*** TURN *** [6c 4s 3s] [6s]
elifnur2008: checks
deon875: bets $6
elifnur2008: raises $6 to $12
deon875: raises $3.31 to $15.31 and is all-in
elifnur2008: calls $3.31
*** RIVER *** [6c 4s 3s 6s] [8d]
*** SHOW DOWN ***
elifnur2008: shows [2h 4d] (two pair, Sixes and Fours)
deon875: shows [9h 3c] (two pair, Sixes and Threes)
elifnur2008 collected $48.12 from pot
*** SUMMARY ***
Total pot $48.62 | Rake $0.50
Board [6c 4s 3s 6s 8d]
Seat 1: elifnur2008 (big blind) showed [2h 4d] and won ($48.12) with two pair, Sixes and Fours
Seat 2: deon875 (button) (small blind) showed [9h 3c] and lost with two pair, Sixes and Threes


PokerStars Hand #147393565478:  Hold'em Limit ($3/$6 USD) - 2016/01/20 18:03:31 ET
Table 'Wallenquist' 2-max Seat #2 is the button
Seat 1: elifnur2008 ($153.95 in chips)
Seat 2: simper11 ($133.40 in chips)
simper11: posts small blind $1
elifnur2008: posts big blind $3
*** HOLE CARDS ***
simper11: raises $3 to $6
elifnur2008: folds
Uncalled bet ($3) returned to simper11
simper11 collected $6 from pot
simper11: doesn't show hand
*** SUMMARY ***
Total pot $6 | Rake $0
Seat 1: elifnur2008 (big blind) folded before Flop
Seat 2: simper11 (button) (small blind) collected ($6)


PokerStars Hand #147393561122:  Hold'em Limit ($3/$6 USD) - 2016/01/20 18:03:26 ET
Table 'Wallenquist' 2-max Seat #1 is the button
Seat 1: elifnur2008 ($150.95 in chips)
Seat 2: simper11 ($136.40 in chips)
elifnur2008: posts small blind $1
simper11: posts big blind $3
*** HOLE CARDS ***
elifnur2008: raises $3 to $6
simper11: folds
Uncalled bet ($3) returned to elifnur2008
elifnur2008 collected $6 from pot
elifnur2008: doesn't show hand
*** SUMMARY ***
Total pot $6 | Rake $0
Seat 1: elifnur2008 (button) (small blind) collected ($6)
Seat 2: simper11 (big blind) folded before Flop


PokerStars Hand #147393549237:  Hold'em Limit ($3/$6 USD) - 2016/01/20 18:03:13 ET
Table 'Wallenquist' 2-max Seat #2 is the button
Seat 1: elifnur2008 ($159.95 in chips)
Seat 2: simper11 ($127.76 in chips)
simper11: posts small blind $1
elifnur2008: posts big blind $3
*** HOLE CARDS ***
simper11: raises $3 to $6
elifnur2008: calls $3
*** FLOP *** [2c 5s 5c]
elifnur2008: checks
simper11: bets $3
elifnur2008: calls $3
*** TURN *** [2c 5s 5c] [Js]
elifnur2008: checks
simper11: bets $6
elifnur2008: folds
Uncalled bet ($6) returned to simper11
simper11 collected $17.64 from pot
simper11: doesn't show hand
*** SUMMARY ***
Total pot $18 | Rake $0.36
Board [2c 5s 5c Js]
Seat 1: elifnur2008 (big blind) folded on the Turn
Seat 2: simper11 (button) (small blind) collected ($17.64)


PokerStars Hand #147393543855:  Hold'em Limit ($3/$6 USD) - 2016/01/20 18:03:07 ET
Table 'Wallenquist' 2-max Seat #1 is the button
Seat 1: elifnur2008 ($160.95 in chips)
Seat 2: simper11 ($126.76 in chips)
elifnur2008: posts small blind $1
simper11: posts big blind $3
*** HOLE CARDS ***
elifnur2008: folds
Uncalled bet ($2) returned to simper11
simper11 collected $2 from pot
simper11: doesn't show hand
*** SUMMARY ***
Total pot $2 | Rake $0
Seat 1: elifnur2008 (button) (small blind) folded before Flop
Seat 2: simper11 (big blind) collected ($2)


PokerStars Hand #147393534825:  Hold'em Limit ($3/$6 USD) - 2016/01/20 18:02:57 ET
Table 'Wallenquist' 2-max Seat #2 is the button
Seat 1: elifnur2008 ($166.95 in chips)
Seat 2: simper11 ($121 in chips)
simper11: posts small blind $1
elifnur2008: posts big blind $3
*** HOLE CARDS ***
simper11: raises $3 to $6
elifnur2008: calls $3
*** FLOP *** [4h Jd Kc]
elifnur2008: checks
simper11: bets $3
elifnur2008: folds
Uncalled bet ($3) returned to simper11
simper11 collected $11.76 from pot
simper11: doesn't show hand
*** SUMMARY ***
Total pot $12 | Rake $0.24
Board [4h Jd Kc]
Seat 1: elifnur2008 (big blind) folded on the Flop
Seat 2: simper11 (button) (small blind) collected ($11.76)


PokerStars Hand #147393530649:  Hold'em Limit ($3/$6 USD) - 2016/01/20 18:02:52 ET
Table 'Wallenquist' 2-max Seat #1 is the button
Seat 1: elifnur2008 ($167.95 in chips)
Seat 2: simper11 ($120 in chips)
elifnur2008: posts small blind $1
simper11: posts big blind $3
*** HOLE CARDS ***
elifnur2008: folds
Uncalled bet ($2) returned to simper11
simper11 collected $2 from pot
simper11: doesn't show hand
*** SUMMARY ***
Total pot $2 | Rake $0
Seat 1: elifnur2008 (button) (small blind) folded before Flop
Seat 2: simper11 (big blind) collected ($2)


PokerStars Hand #147393590408:  Hold'em Limit ($3/$6 USD) - 2016/01/20 18:03:58 ET
Table 'Wallenquist' 2-max Seat #1 is the button
Seat 1: elifnur2008 ($162.45 in chips)
Seat 2: simper11 ($124.40 in chips)
elifnur2008: posts small blind $1
simper11: posts big blind $3
*** HOLE CARDS ***
elifnur2008: folds
Uncalled bet ($2) returned to simper11
simper11 collected $2 from pot
simper11: doesn't show hand
*** SUMMARY ***
Total pot $2 | Rake $0
Seat 1: elifnur2008 (button) (small blind) folded before Flop
Seat 2: simper11 (big blind) collected ($2)


PokerStars Hand #147393582036:  Hold'em Limit ($3/$6 USD) - 2016/01/20 18:03:49 ET
Table 'Wallenquist' 2-max Seat #2 is the button
Seat 1: elifnur2008 ($165.45 in chips)
Seat 2: simper11 ($121.40 in chips)
simper11: posts small blind $1
elifnur2008: posts big blind $3
*** HOLE CARDS ***
simper11: raises $3 to $6
elifnur2008: folds
Uncalled bet ($3) returned to simper11
simper11 collected $6 from pot
simper11: doesn't show hand
*** SUMMARY ***
Total pot $6 | Rake $0
Seat 1: elifnur2008 (big blind) folded before Flop
Seat 2: simper11 (button) (small blind) collected ($6)


PokerStars Hand #147393570242:  Hold'em Limit ($3/$6 USD) - 2016/01/20 18:03:36 ET
Table 'Wallenquist' 2-max Seat #1 is the button
Seat 1: elifnur2008 ($150.95 in chips)
Seat 2: simper11 ($136.40 in chips)
elifnur2008: posts small blind $1
simper11: posts big blind $3
*** HOLE CARDS ***
elifnur2008: raises $3 to $6
simper11: calls $3
*** FLOP *** [9s 7c 5d]
simper11: checks
elifnur2008: bets $3
simper11: calls $3
*** TURN *** [9s 7c 5d] [4c]
simper11: checks
elifnur2008: bets $6
simper11: calls $6
*** RIVER *** [9s 7c 5d 4c] [Td]
simper11: checks
elifnur2008: checks
*** SHOW DOWN ***
simper11: shows [6c 5s] (a pair of Fives)
elifnur2008: shows [Ks 7h] (a pair of Sevens)
elifnur2008 collected $29.50 from pot
*** SUMMARY ***
Total pot $30 | Rake $0.50
Board [9s 7c 5d 4c Td]
Seat 1: elifnur2008 (button) (small blind) showed [Ks 7h] and won ($29.50) with a pair of Sevens
Seat 2: simper11 (big blind) showed [6c 5s] and lost with a pair of Fives


