PokerStars Hand #172080542098:  Hold'em Limit ($3/$6 USD) - 2017/06/21 21:15:09 ET
Table 'Wallia' 6-max Seat #1 is the button
Seat 1: xxPSRxx ($201.39 in chips)
Seat 6: ABATAPP ($92.58 in chips)
xxPSRxx: posts small blind $1
ABATAPP: posts big blind $3
*** HOLE CARDS ***
xxPSRxx: raises $3 to $6
ABATAPP: folds
Uncalled bet ($3) returned to xxPSRxx
xxPSRxx collected $6 from pot
xxPSRxx: doesn't show hand
*** SUMMARY ***
Total pot $6 | Rake $0
Seat 1: xxPSRxx (button) (small blind) collected ($6)
Seat 6: ABATAPP (big blind) folded before Flop


PokerStars Hand #172080559881:  Hold'em Limit ($3/$6 USD) - 2017/06/21 21:15:54 ET
Table 'Wallia' 6-max Seat #6 is the button
Seat 1: xxPSRxx ($189.39 in chips)
Seat 6: ABATAPP ($103.98 in chips)
ABATAPP: posts small blind $1
xxPSRxx: posts big blind $3
*** HOLE CARDS ***
ABATAPP: folds
Uncalled bet ($2) returned to xxPSRxx
xxPSRxx collected $2 from pot
xxPSRxx: doesn't show hand
*** SUMMARY ***
Total pot $2 | Rake $0
Seat 1: xxPSRxx (big blind) collected ($2)
Seat 6: ABATAPP (button) (small blind) folded before Flop


PokerStars Hand #172080549751:  Hold'em Limit ($3/$6 USD) - 2017/06/21 21:15:28 ET
Table 'Wallia' 6-max Seat #1 is the button
Seat 1: xxPSRxx ($198.39 in chips)
Seat 6: ABATAPP ($95.34 in chips)
xxPSRxx: posts small blind $1
ABATAPP: posts big blind $3
*** HOLE CARDS ***
xxPSRxx: raises $3 to $6
ABATAPP: calls $3
*** FLOP *** [4c 8d Ac]
ABATAPP: checks
xxPSRxx: bets $3
ABATAPP: calls $3
*** TURN *** [4c 8d Ac] [6h]
ABATAPP: checks
Tommy_Ezt joins the table at seat #2
xxPSRxx: checks
*** RIVER *** [4c 8d Ac 6h] [5c]
ABATAPP: bets $6
xxPSRxx: folds
Uncalled bet ($6) returned to ABATAPP
ABATAPP collected $17.64 from pot
ABATAPP: doesn't show hand
*** SUMMARY ***
Total pot $18 | Rake $0.36
Board [4c 8d Ac 6h 5c]
Seat 1: xxPSRxx (button) (small blind) folded on the River
Seat 6: ABATAPP (big blind) collected ($17.64)


PokerStars Hand #172080544576:  Hold'em Limit ($3/$6 USD) - 2017/06/21 21:15:15 ET
Table 'Wallia' 6-max Seat #6 is the button
Seat 1: xxPSRxx ($204.39 in chips)
Seat 6: ABATAPP ($89.58 in chips)
ABATAPP: posts small blind $1
xxPSRxx: posts big blind $3
*** HOLE CARDS ***
ABATAPP: raises $3 to $6
xxPSRxx: calls $3
*** FLOP *** [9d Ad 6c]
xxPSRxx: checks
ABATAPP: bets $3
xxPSRxx: folds
Uncalled bet ($3) returned to ABATAPP
ABATAPP collected $11.76 from pot
ABATAPP: doesn't show hand
*** SUMMARY ***
Total pot $12 | Rake $0.24
Board [9d Ad 6c]
Seat 1: xxPSRxx (big blind) folded on the Flop
Seat 6: ABATAPP (button) (small blind) collected ($11.76)


