PokerStars Hand #148506376977:  Hold'em Limit ($3/$6 USD) - 2016/02/09 11:10:11 ET
Table 'Wallenquist II' 6-max Seat #3 is the button
Seat 3: _fayzulllo_ ($72 in chips)
Seat 4: AzureCaper ($72 in chips)
_fayzulllo_: posts small blind $1
AzureCaper: posts big blind $3
*** HOLE CARDS ***
_fayzulllo_: folds
Uncalled bet ($2) returned to AzureCaper
AzureCaper collected $2 from pot
AzureCaper: doesn't show hand
*** SUMMARY ***
Total pot $2 | Rake $0
Seat 3: _fayzulllo_ (button) (small blind) folded before Flop
Seat 4: AzureCaper (big blind) collected ($2)


PokerStars Hand #148506389536:  Hold'em Limit ($3/$6 USD) - 2016/02/09 11:10:26 ET
Table 'Wallenquist II' 6-max Seat #4 is the button
Seat 3: _fayzulllo_ ($71 in chips)
Seat 4: AzureCaper ($73 in chips)
AzureCaper: posts small blind $1
_fayzulllo_: posts big blind $3
*** HOLE CARDS ***
AzureCaper: folds
Uncalled bet ($2) returned to _fayzulllo_
_fayzulllo_ collected $2 from pot
_fayzulllo_: doesn't show hand
*** SUMMARY ***
Total pot $2 | Rake $0
Seat 3: _fayzulllo_ (big blind) collected ($2)
Seat 4: AzureCaper (button) (small blind) folded before Flop


PokerStars Hand #148506404731:  Hold'em Limit ($3/$6 USD) - 2016/02/09 11:10:43 ET
Table 'Wallenquist II' 6-max Seat #4 is the button
Seat 3: _fayzulllo_ ($66 in chips)
Seat 4: AzureCaper ($77.76 in chips)
AzureCaper: posts small blind $1
_fayzulllo_: posts big blind $3
*** HOLE CARDS ***
AzureCaper: folds
Uncalled bet ($2) returned to _fayzulllo_
_fayzulllo_ collected $2 from pot
_fayzulllo_: doesn't show hand
*** SUMMARY ***
Total pot $2 | Rake $0
Seat 3: _fayzulllo_ (big blind) collected ($2)
Seat 4: AzureCaper (button) (small blind) folded before Flop


PokerStars Hand #148506393606:  Hold'em Limit ($3/$6 USD) - 2016/02/09 11:10:31 ET
Table 'Wallenquist II' 6-max Seat #3 is the button
Seat 3: _fayzulllo_ ($72 in chips)
Seat 4: AzureCaper ($72 in chips)
_fayzulllo_: posts small blind $1
AzureCaper: posts big blind $3
*** HOLE CARDS ***
_fayzulllo_: calls $2
AzureCaper: raises $3 to $6
_fayzulllo_: calls $3
*** FLOP *** [Td 5d 5h]
AzureCaper: bets $3
_fayzulllo_: folds
Uncalled bet ($3) returned to AzureCaper
AzureCaper collected $11.76 from pot
AzureCaper: doesn't show hand
*** SUMMARY ***
Total pot $12 | Rake $0.24
Board [Td 5d 5h]
Seat 3: _fayzulllo_ (button) (small blind) folded on the Flop
Seat 4: AzureCaper (big blind) collected ($11.76)


PokerStars Hand #148506409015:  Hold'em Limit ($3/$6 USD) - 2016/02/09 11:10:48 ET
Table 'Wallenquist II' 6-max Seat #3 is the button
Seat 3: _fayzulllo_ ($67 in chips)
Seat 4: AzureCaper ($76.76 in chips)
_fayzulllo_: posts small blind $1
AzureCaper: posts big blind $3
*** HOLE CARDS ***
_fayzulllo_: calls $2
AzureCaper: raises $3 to $6
_fayzulllo_: calls $3
*** FLOP *** [7s Qh Jc]
AzureCaper: bets $3
_fayzulllo_: calls $3
*** TURN *** [7s Qh Jc] [2h]
AzureCaper: checks
_fayzulllo_: bets $6
AzureCaper: folds
Uncalled bet ($6) returned to _fayzulllo_
_fayzulllo_ collected $17.64 from pot
_fayzulllo_: doesn't show hand
*** SUMMARY ***
Total pot $18 | Rake $0.36
Board [7s Qh Jc 2h]
Seat 3: _fayzulllo_ (button) (small blind) collected ($17.64)
Seat 4: AzureCaper (big blind) folded on the Turn


PokerStars Hand #148506426915:  Hold'em Limit ($3/$6 USD) - 2016/02/09 11:11:09 ET
Table 'Wallenquist II' 6-max Seat #4 is the button
Seat 3: _fayzulllo_ ($75.64 in chips)
Seat 4: AzureCaper ($72 in chips)
AzureCaper: posts small blind $1
_fayzulllo_: posts big blind $3
*** HOLE CARDS ***
AzureCaper: raises $3 to $6
_fayzulllo_: calls $3
*** FLOP *** [Jc 5d 8d]
_fayzulllo_: checks
AzureCaper: bets $3
_fayzulllo_: calls $3
*** TURN *** [Jc 5d 8d] [Kd]
_fayzulllo_: checks
AzureCaper: checks
*** RIVER *** [Jc 5d 8d Kd] [Th]
_fayzulllo_: bets $6
AzureCaper: folds
Uncalled bet ($6) returned to _fayzulllo_
_fayzulllo_ collected $17.64 from pot
_fayzulllo_: doesn't show hand
*** SUMMARY ***
Total pot $18 | Rake $0.36
Board [Jc 5d 8d Kd Th]
Seat 3: _fayzulllo_ (big blind) collected ($17.64)
Seat 4: AzureCaper (button) (small blind) folded on the River


PokerStars Hand #148506445854:  Hold'em Limit ($3/$6 USD) - 2016/02/09 11:11:31 ET
Table 'Wallenquist II' 6-max Seat #4 is the button
Seat 3: _fayzulllo_ ($83.28 in chips)
Seat 4: AzureCaper ($73 in chips)
AzureCaper: posts small blind $1
_fayzulllo_: posts big blind $3
*** HOLE CARDS ***
AzureCaper: folds
Uncalled bet ($2) returned to _fayzulllo_
_fayzulllo_ collected $2 from pot
_fayzulllo_: doesn't show hand
*** SUMMARY ***
Total pot $2 | Rake $0
Seat 3: _fayzulllo_ (big blind) collected ($2)
Seat 4: AzureCaper (button) (small blind) folded before Flop


PokerStars Hand #148506440816:  Hold'em Limit ($3/$6 USD) - 2016/02/09 11:11:25 ET
Table 'Wallenquist II' 6-max Seat #3 is the button
Seat 3: _fayzulllo_ ($84.28 in chips)
Seat 4: AzureCaper ($72 in chips)
_fayzulllo_: posts small blind $1
AzureCaper: posts big blind $3
*** HOLE CARDS ***
_fayzulllo_: folds
Uncalled bet ($2) returned to AzureCaper
AzureCaper collected $2 from pot
AzureCaper: doesn't show hand
*** SUMMARY ***
Total pot $2 | Rake $0
Seat 3: _fayzulllo_ (button) (small blind) folded before Flop
Seat 4: AzureCaper (big blind) collected ($2)


PokerStars Hand #148506452312:  Hold'em Limit ($3/$6 USD) - 2016/02/09 11:11:39 ET
Table 'Wallenquist II' 6-max Seat #3 is the button
Seat 3: _fayzulllo_ ($84.28 in chips)
Seat 4: AzureCaper ($72 in chips)
_fayzulllo_: posts small blind $1
AzureCaper: posts big blind $3
*** HOLE CARDS ***
_fayzulllo_: calls $2
AzureCaper: checks
*** FLOP *** [3c 7d 3h]
AzureCaper: checks
_fayzulllo_: bets $3
AzureCaper: folds
Uncalled bet ($3) returned to _fayzulllo_
_fayzulllo_ collected $5.88 from pot
_fayzulllo_: doesn't show hand
*** SUMMARY ***
Total pot $6 | Rake $0.12
Board [3c 7d 3h]
Seat 3: _fayzulllo_ (button) (small blind) collected ($5.88)
Seat 4: AzureCaper (big blind) folded on the Flop


