PokerStars Hand #146365480341:  Hold'em Limit ($3/$6 USD) - 2016/01/02 20:54:13 ET
Table 'Wallenquist' 2-max Seat #2 is the button
Seat 1: MARIBORO8 ($125.50 in chips)
Seat 2: Desktop775 ($119.04 in chips)
Desktop775: posts small blind $1
MARIBORO8: posts big blind $3
*** HOLE CARDS ***
Desktop775: folds
Uncalled bet ($2) returned to MARIBORO8
MARIBORO8 collected $2 from pot
MARIBORO8: doesn't show hand
*** SUMMARY ***
Total pot $2 | Rake $0
Seat 1: MARIBORO8 (big blind) collected ($2)
Seat 2: Desktop775 (button) (small blind) folded before Flop


PokerStars Hand #146365468660:  Hold'em Limit ($3/$6 USD) - 2016/01/02 20:53:52 ET
Table 'Wallenquist' 2-max Seat #1 is the button
Seat 1: MARIBORO8 ($137.50 in chips)
Seat 2: Desktop775 ($107.52 in chips)
MARIBORO8: posts small blind $1
Desktop775: posts big blind $3
*** HOLE CARDS ***
MARIBORO8: raises $3 to $6
Desktop775: calls $3
*** FLOP *** [7d Kd 5d]
Desktop775: checks
MARIBORO8: bets $3
Desktop775: raises $3 to $6
MARIBORO8: calls $3
*** TURN *** [7d Kd 5d] [Jh]
Desktop775: bets $6
MARIBORO8: folds
Uncalled bet ($6) returned to Desktop775
Desktop775 collected $23.52 from pot
Desktop775: doesn't show hand
*** SUMMARY ***
Total pot $24 | Rake $0.48
Board [7d Kd 5d Jh]
Seat 1: MARIBORO8 (button) (small blind) folded on the Turn
Seat 2: Desktop775 (big blind) collected ($23.52)


PokerStars Hand #146365451689:  Hold'em Limit ($3/$6 USD) - 2016/01/02 20:53:24 ET
Table 'Wallenquist' 2-max Seat #2 is the button
Seat 1: MARIBORO8 ($120 in chips)
Seat 2: Desktop775 ($125.52 in chips)
Desktop775: posts small blind $1
MARIBORO8: posts big blind $3
*** HOLE CARDS ***
Desktop775: raises $3 to $6
MARIBORO8: raises $3 to $9
Desktop775: calls $3
*** FLOP *** [Kh 7d Td]
MARIBORO8: bets $3
Desktop775: calls $3
*** TURN *** [Kh 7d Td] [6c]
MARIBORO8: bets $6
Desktop775: calls $6
*** RIVER *** [Kh 7d Td 6c] [3h]
MARIBORO8: bets $6
Desktop775: folds
Uncalled bet ($6) returned to MARIBORO8
MARIBORO8 collected $35.50 from pot
MARIBORO8: doesn't show hand
*** SUMMARY ***
Total pot $36 | Rake $0.50
Board [Kh 7d Td 6c 3h]
Seat 1: MARIBORO8 (big blind) collected ($35.50)
Seat 2: Desktop775 (button) (small blind) folded on the River


PokerStars Hand #146365497296:  Hold'em Limit ($3/$6 USD) - 2016/01/02 20:54:42 ET
Table 'Wallenquist' 2-max Seat #2 is the button
Seat 1: MARIBORO8 ($144 in chips)
Seat 2: Desktop775 ($100.04 in chips)
Desktop775: posts small blind $1
MARIBORO8: posts big blind $3
*** HOLE CARDS ***
Desktop775: raises $3 to $6
MARIBORO8: raises $3 to $9
Desktop775: calls $3
*** FLOP *** [8h Jc 7s]
MARIBORO8: bets $3
Desktop775: calls $3
*** TURN *** [8h Jc 7s] [As]
MARIBORO8: bets $6
Desktop775: calls $6
*** RIVER *** [8h Jc 7s As] [8s]
MARIBORO8: checks
Desktop775: bets $6
MARIBORO8: calls $6
*** SHOW DOWN ***
Desktop775: shows [Kd Js] (two pair, Jacks and Eights)
MARIBORO8: mucks hand
Desktop775 collected $47.50 from pot
*** SUMMARY ***
Total pot $48 | Rake $0.50
Board [8h Jc 7s As 8s]
Seat 1: MARIBORO8 (big blind) mucked
Seat 2: Desktop775 (button) (small blind) showed [Kd Js] and won ($47.50) with two pair, Jacks and Eights


PokerStars Hand #146365483591:  Hold'em Limit ($3/$6 USD) - 2016/01/02 20:54:18 ET
Table 'Wallenquist' 2-max Seat #1 is the button
Seat 1: MARIBORO8 ($126.50 in chips)
Seat 2: Desktop775 ($118.04 in chips)
MARIBORO8: posts small blind $1
Desktop775: posts big blind $3
*** HOLE CARDS ***
MARIBORO8: raises $3 to $6
Desktop775: raises $3 to $9
MARIBORO8: calls $3
*** FLOP *** [Ts 6c 2h]
Desktop775: bets $3
MARIBORO8: calls $3
*** TURN *** [Ts 6c 2h] [As]
Desktop775: bets $6
MARIBORO8: calls $6
*** RIVER *** [Ts 6c 2h As] [Kh]
Desktop775: checks
MARIBORO8: bets $6
Desktop775: folds
Uncalled bet ($6) returned to MARIBORO8
MARIBORO8 collected $35.50 from pot
MARIBORO8: doesn't show hand
*** SUMMARY ***
Total pot $36 | Rake $0.50
Board [Ts 6c 2h As Kh]
Seat 1: MARIBORO8 (button) (small blind) collected ($35.50)
Seat 2: Desktop775 (big blind) folded on the River


PokerStars Hand #146365551527:  Hold'em Limit ($3/$6 USD) - 2016/01/02 20:56:24 ET
Table 'Wallenquist' 2-max Seat #1 is the button
Seat 1: MARIBORO8 ($134.50 in chips)
Seat 2: Desktop775 ($108.04 in chips)
MARIBORO8: posts small blind $1
Desktop775: posts big blind $3
*** HOLE CARDS ***
MARIBORO8: folds
Uncalled bet ($2) returned to Desktop775
Desktop775 collected $2 from pot
*** SUMMARY ***
Total pot $2 | Rake $0
Seat 1: MARIBORO8 (button) (small blind) folded before Flop
Seat 2: Desktop775 (big blind) collected ($2)


PokerStars Hand #146365537377:  Hold'em Limit ($3/$6 USD) - 2016/01/02 20:55:56 ET
Table 'Wallenquist' 2-max Seat #2 is the button
Seat 1: MARIBORO8 ($152.50 in chips)
Seat 2: Desktop775 ($90.54 in chips)
Desktop775: posts small blind $1
MARIBORO8: posts big blind $3
*** HOLE CARDS ***
Desktop775: raises $3 to $6
MARIBORO8: raises $3 to $9
Desktop775: calls $3
*** FLOP *** [9c As Qc]
MARIBORO8: bets $3
Desktop775: calls $3
*** TURN *** [9c As Qc] [3s]
MARIBORO8: checks
Desktop775: checks
*** RIVER *** [9c As Qc 3s] [2h]
MARIBORO8: bets $6
Desktop775: calls $6
*** SHOW DOWN ***
MARIBORO8: shows [8c Td] (high card Ace)
Desktop775: shows [9s 6d] (a pair of Nines)
Desktop775 collected $35.50 from pot
*** SUMMARY ***
Total pot $36 | Rake $0.50
Board [9c As Qc 3s 2h]
Seat 1: MARIBORO8 (big blind) showed [8c Td] and lost with high card Ace
Seat 2: Desktop775 (button) (small blind) showed [9s 6d] and won ($35.50) with a pair of Nines


PokerStars Hand #146365523389:  Hold'em Limit ($3/$6 USD) - 2016/01/02 20:55:29 ET
Table 'Wallenquist' 2-max Seat #1 is the button
Seat 1: MARIBORO8 ($120 in chips)
Seat 2: Desktop775 ($123.54 in chips)
MARIBORO8: posts small blind $1
Desktop775: posts big blind $3
*** HOLE CARDS ***
MARIBORO8: raises $3 to $6
Desktop775: calls $3
*** FLOP *** [9c 3s Jh]
Desktop775: checks
MARIBORO8: bets $3
Desktop775: calls $3
*** TURN *** [9c 3s Jh] [Jc]
Desktop775: checks
MARIBORO8: bets $6
Desktop775: raises $6 to $12
MARIBORO8: calls $6
*** RIVER *** [9c 3s Jh Jc] [Tc]
Desktop775: bets $6
MARIBORO8: raises $6 to $12
Desktop775: calls $6
*** SHOW DOWN ***
MARIBORO8: shows [Js 7c] (three of a kind, Jacks)
Desktop775: mucks hand
MARIBORO8 collected $65.50 from pot
*** SUMMARY ***
Total pot $66 | Rake $0.50
Board [9c 3s Jh Jc Tc]
Seat 1: MARIBORO8 (button) (small blind) showed [Js 7c] and won ($65.50) with three of a kind, Jacks
Seat 2: Desktop775 (big blind) mucked


PokerStars Hand #146365572143:  Hold'em Limit ($3/$6 USD) - 2016/01/02 20:57:05 ET
Table 'Wallenquist' 2-max Seat #1 is the button
Seat 1: MARIBORO8 ($124.50 in chips)
Seat 2: Desktop775 ($117.68 in chips)
MARIBORO8: posts small blind $1
Desktop775: posts big blind $3
*** HOLE CARDS ***
MARIBORO8: calls $2
Desktop775: raises $3 to $6
MARIBORO8: calls $3
*** FLOP *** [2h 7h As]
Desktop775: bets $3
MARIBORO8: calls $3
*** TURN *** [2h 7h As] [3h]
Desktop775: bets $6
MARIBORO8: calls $6
*** RIVER *** [2h 7h As 3h] [8s]
Desktop775: bets $6
MARIBORO8: calls $6
*** SHOW DOWN ***
Desktop775: shows [7c 8c] (two pair, Eights and Sevens)
MARIBORO8: mucks hand
Desktop775 collected $41.50 from pot
*** SUMMARY ***
Total pot $42 | Rake $0.50
Board [2h 7h As 3h 8s]
Seat 1: MARIBORO8 (button) (small blind) mucked
Seat 2: Desktop775 (big blind) showed [7c 8c] and won ($41.50) with two pair, Eights and Sevens


PokerStars Hand #146365569238:  Hold'em Limit ($3/$6 USD) - 2016/01/02 20:56:59 ET
Table 'Wallenquist' 2-max Seat #2 is the button
Seat 1: MARIBORO8 ($123.50 in chips)
Seat 2: Desktop775 ($118.68 in chips)
Desktop775: posts small blind $1
MARIBORO8: posts big blind $3
*** HOLE CARDS ***
Desktop775: folds
Uncalled bet ($2) returned to MARIBORO8
MARIBORO8 collected $2 from pot
MARIBORO8: doesn't show hand
*** SUMMARY ***
Total pot $2 | Rake $0
Seat 1: MARIBORO8 (big blind) collected ($2)
Seat 2: Desktop775 (button) (small blind) folded before Flop


PokerStars Hand #146365566454:  Hold'em Limit ($3/$6 USD) - 2016/01/02 20:56:54 ET
Table 'Wallenquist' 2-max Seat #1 is the button
Seat 1: MARIBORO8 ($124.50 in chips)
Seat 2: Desktop775 ($117.68 in chips)
MARIBORO8: posts small blind $1
Desktop775: posts big blind $3
*** HOLE CARDS ***
MARIBORO8: folds
Uncalled bet ($2) returned to Desktop775
Desktop775 collected $2 from pot
Desktop775: doesn't show hand
*** SUMMARY ***
Total pot $2 | Rake $0
Seat 1: MARIBORO8 (button) (small blind) folded before Flop
Seat 2: Desktop775 (big blind) collected ($2)


PokerStars Hand #146365554580:  Hold'em Limit ($3/$6 USD) - 2016/01/02 20:56:30 ET
Table 'Wallenquist' 2-max Seat #2 is the button
Seat 1: MARIBORO8 ($133.50 in chips)
Seat 2: Desktop775 ($109.04 in chips)
Desktop775: posts small blind $1
MARIBORO8: posts big blind $3
*** HOLE CARDS ***
Desktop775: raises $3 to $6
MARIBORO8: calls $3
*** FLOP *** [Td As Ac]
MARIBORO8: checks
Desktop775: bets $3
MARIBORO8: calls $3
*** TURN *** [Td As Ac] [9d]
MARIBORO8: checks
Desktop775: checks
*** RIVER *** [Td As Ac 9d] [Kd]
MARIBORO8: checks
Desktop775: checks
*** SHOW DOWN ***
MARIBORO8: shows [8d Qc] (a pair of Aces)
Desktop775: shows [7c 7s] (two pair, Aces and Sevens)
Desktop775 collected $17.64 from pot
*** SUMMARY ***
Total pot $18 | Rake $0.36
Board [Td As Ac 9d Kd]
Seat 1: MARIBORO8 (big blind) showed [8d Qc] and lost with a pair of Aces
Seat 2: Desktop775 (button) (small blind) showed [7c 7s] and won ($17.64) with two pair, Aces and Sevens


PokerStars Hand #146365606674:  Hold'em Limit ($3/$6 USD) - 2016/01/02 20:58:12 ET
Table 'Wallenquist' 2-max Seat #2 is the button
Seat 1: MARIBORO8 ($77.50 in chips)
Seat 2: Desktop775 ($163.68 in chips)
Desktop775: posts small blind $1
MARIBORO8: posts big blind $3
*** HOLE CARDS ***
Desktop775: raises $3 to $6
MARIBORO8: raises $3 to $9
Desktop775: calls $3
*** FLOP *** [7c 3h 9h]
MARIBORO8: bets $3
Desktop775: calls $3
*** TURN *** [7c 3h 9h] [Ks]
MARIBORO8: bets $6
Desktop775: calls $6
*** RIVER *** [7c 3h 9h Ks] [3d]
MARIBORO8: bets $6
Desktop775: calls $6
*** SHOW DOWN ***
MARIBORO8: shows [3s 4d] (three of a kind, Threes)
Desktop775: mucks hand
MARIBORO8 collected $47.50 from pot
*** SUMMARY ***
Total pot $48 | Rake $0.50
Board [7c 3h 9h Ks 3d]
Seat 1: MARIBORO8 (big blind) showed [3s 4d] and won ($47.50) with three of a kind, Threes
Seat 2: Desktop775 (button) (small blind) mucked


PokerStars Hand #146365603387:  Hold'em Limit ($3/$6 USD) - 2016/01/02 20:58:06 ET
Table 'Wallenquist' 2-max Seat #1 is the button
Seat 1: MARIBORO8 ($78.50 in chips)
Seat 2: Desktop775 ($162.68 in chips)
MARIBORO8: posts small blind $1
Desktop775: posts big blind $3
*** HOLE CARDS ***
MARIBORO8: folds
Uncalled bet ($2) returned to Desktop775
Desktop775 collected $2 from pot
Desktop775: doesn't show hand
*** SUMMARY ***
Total pot $2 | Rake $0
Seat 1: MARIBORO8 (button) (small blind) folded before Flop
Seat 2: Desktop775 (big blind) collected ($2)


PokerStars Hand #146365599735:  Hold'em Limit ($3/$6 USD) - 2016/01/02 20:57:59 ET
Table 'Wallenquist' 2-max Seat #2 is the button
Seat 1: MARIBORO8 ($81.50 in chips)
Seat 2: Desktop775 ($159.68 in chips)
Desktop775: posts small blind $1
MARIBORO8: posts big blind $3
*** HOLE CARDS ***
Desktop775: raises $3 to $6
MARIBORO8: folds
Uncalled bet ($3) returned to Desktop775
Desktop775 collected $6 from pot
Desktop775: doesn't show hand
*** SUMMARY ***
Total pot $6 | Rake $0
Seat 1: MARIBORO8 (big blind) folded before Flop
Seat 2: Desktop775 (button) (small blind) collected ($6)


PokerStars Hand #146365596862:  Hold'em Limit ($3/$6 USD) - 2016/01/02 20:57:53 ET
Table 'Wallenquist' 2-max Seat #1 is the button
Seat 1: MARIBORO8 ($82.50 in chips)
Seat 2: Desktop775 ($158.68 in chips)
MARIBORO8: posts small blind $1
Desktop775: posts big blind $3
*** HOLE CARDS ***
MARIBORO8: folds
Uncalled bet ($2) returned to Desktop775
Desktop775 collected $2 from pot
Desktop775: doesn't show hand
*** SUMMARY ***
Total pot $2 | Rake $0
Seat 1: MARIBORO8 (button) (small blind) folded before Flop
Seat 2: Desktop775 (big blind) collected ($2)


PokerStars Hand #146365582444:  Hold'em Limit ($3/$6 USD) - 2016/01/02 20:57:25 ET
Table 'Wallenquist' 2-max Seat #2 is the button
Seat 1: MARIBORO8 ($103.50 in chips)
Seat 2: Desktop775 ($138.18 in chips)
Desktop775: posts small blind $1
MARIBORO8: posts big blind $3
*** HOLE CARDS ***
Desktop775: raises $3 to $6
MARIBORO8: calls $3
*** FLOP *** [Ad 3d Ac]
MARIBORO8: checks
Desktop775: bets $3
MARIBORO8: raises $3 to $6
Desktop775: raises $3 to $9
MARIBORO8: calls $3
*** TURN *** [Ad 3d Ac] [5s]
MARIBORO8: checks
Desktop775: bets $6
MARIBORO8: calls $6
*** RIVER *** [Ad 3d Ac 5s] [5c]
MARIBORO8: checks
Desktop775: bets $6
MARIBORO8: folds
Uncalled bet ($6) returned to Desktop775
Desktop775 collected $41.50 from pot
Desktop775: doesn't show hand
*** SUMMARY ***
Total pot $42 | Rake $0.50
Board [Ad 3d Ac 5s 5c]
Seat 1: MARIBORO8 (big blind) folded on the River
Seat 2: Desktop775 (button) (small blind) collected ($41.50)


PokerStars Hand #146365639168:  Hold'em Limit ($3/$6 USD) - 2016/01/02 20:59:16 ET
Table 'Wallenquist' 2-max Seat #2 is the button
Seat 1: MARIBORO8 ($69 in chips)
Seat 2: Desktop775 ($170.82 in chips)
Desktop775: posts small blind $1
MARIBORO8: posts big blind $3
*** HOLE CARDS ***
Desktop775: raises $3 to $6
MARIBORO8: raises $3 to $9
Desktop775: calls $3
*** FLOP *** [5c Ad 4d]
MARIBORO8: bets $3
Desktop775: calls $3
*** TURN *** [5c Ad 4d] [4h]
MARIBORO8: checks
Desktop775: checks
*** RIVER *** [5c Ad 4d 4h] [2d]
MARIBORO8: checks
Desktop775: bets $6
MARIBORO8: calls $6
*** SHOW DOWN ***
Desktop775: shows [Ah 8c] (two pair, Aces and Fours)
MARIBORO8: mucks hand
Desktop775 collected $35.50 from pot
*** SUMMARY ***
Total pot $36 | Rake $0.50
Board [5c Ad 4d 4h 2d]
Seat 1: MARIBORO8 (big blind) mucked
Seat 2: Desktop775 (button) (small blind) showed [Ah 8c] and won ($35.50) with two pair, Aces and Fours


PokerStars Hand #146365628991:  Hold'em Limit ($3/$6 USD) - 2016/01/02 20:58:56 ET
Table 'Wallenquist' 2-max Seat #1 is the button
Seat 1: MARIBORO8 ($93 in chips)
Seat 2: Desktop775 ($147.32 in chips)
MARIBORO8: posts small blind $1
Desktop775: posts big blind $3
*** HOLE CARDS ***
MARIBORO8: raises $3 to $6
Desktop775: raises $3 to $9
MARIBORO8: calls $3
*** FLOP *** [Ad 7c Jc]
Desktop775: bets $3
MARIBORO8: calls $3
*** TURN *** [Ad 7c Jc] [4s]
Desktop775: bets $6
MARIBORO8: calls $6
*** RIVER *** [Ad 7c Jc 4s] [2d]
Desktop775: bets $6
MARIBORO8: calls $6
*** SHOW DOWN ***
Desktop775: shows [As 7s] (two pair, Aces and Sevens)
MARIBORO8: mucks hand
Desktop775 collected $47.50 from pot
*** SUMMARY ***
Total pot $48 | Rake $0.50
Board [Ad 7c Jc 4s 2d]
Seat 1: MARIBORO8 (button) (small blind) mucked
Seat 2: Desktop775 (big blind) showed [As 7s] and won ($47.50) with two pair, Aces and Sevens


PokerStars Hand #146365626166:  Hold'em Limit ($3/$6 USD) - 2016/01/02 20:58:51 ET
Table 'Wallenquist' 2-max Seat #2 is the button
Seat 1: MARIBORO8 ($92 in chips)
Seat 2: Desktop775 ($148.32 in chips)
Desktop775: posts small blind $1
MARIBORO8: posts big blind $3
*** HOLE CARDS ***
Desktop775: folds
Uncalled bet ($2) returned to MARIBORO8
MARIBORO8 collected $2 from pot
MARIBORO8: doesn't show hand
*** SUMMARY ***
Total pot $2 | Rake $0
Seat 1: MARIBORO8 (big blind) collected ($2)
Seat 2: Desktop775 (button) (small blind) folded before Flop


PokerStars Hand #146365617769:  Hold'em Limit ($3/$6 USD) - 2016/01/02 20:58:34 ET
Table 'Wallenquist' 2-max Seat #1 is the button
Seat 1: MARIBORO8 ($101 in chips)
Seat 2: Desktop775 ($139.68 in chips)
MARIBORO8: posts small blind $1
Desktop775: posts big blind $3
*** HOLE CARDS ***
MARIBORO8: raises $3 to $6
Desktop775: raises $3 to $9
MARIBORO8: calls $3
*** FLOP *** [Ac 9c Qd]
Desktop775: bets $3
MARIBORO8: folds
Uncalled bet ($3) returned to Desktop775
Desktop775 collected $17.64 from pot
Desktop775: doesn't show hand
*** SUMMARY ***
Total pot $18 | Rake $0.36
Board [Ac 9c Qd]
Seat 1: MARIBORO8 (button) (small blind) folded on the Flop
Seat 2: Desktop775 (big blind) collected ($17.64)


PokerStars Hand #146365664906:  Hold'em Limit ($3/$6 USD) - 2016/01/02 21:00:06 ET
Table 'Wallenquist' 2-max Seat #1 is the button
Seat 1: MARIBORO8 ($77.50 in chips)
Seat 2: Desktop775 ($161.32 in chips)
MARIBORO8: posts small blind $1
Desktop775: posts big blind $3
*** HOLE CARDS ***
MARIBORO8: raises $3 to $6
Desktop775: calls $3
*** FLOP *** [4h 8d 6c]
Desktop775: checks
MARIBORO8: bets $3
Desktop775: calls $3
*** TURN *** [4h 8d 6c] [3d]
Desktop775: checks
MARIBORO8: bets $6
Desktop775: calls $6
*** RIVER *** [4h 8d 6c 3d] [Qd]
Desktop775: checks
MARIBORO8: checks
*** SHOW DOWN ***
Desktop775: shows [4d Jh] (a pair of Fours)
MARIBORO8: shows [7c 7d] (a pair of Sevens)
MARIBORO8 collected $29.50 from pot
*** SUMMARY ***
Total pot $30 | Rake $0.50
Board [4h 8d 6c 3d Qd]
Seat 1: MARIBORO8 (button) (small blind) showed [7c 7d] and won ($29.50) with a pair of Sevens
Seat 2: Desktop775 (big blind) showed [4d Jh] and lost with a pair of Fours


PokerStars Hand #146365653785:  Hold'em Limit ($3/$6 USD) - 2016/01/02 20:59:45 ET
Table 'Wallenquist' 2-max Seat #2 is the button
Seat 1: MARIBORO8 ($54 in chips)
Seat 2: Desktop775 ($185.32 in chips)
Desktop775: posts small blind $1
MARIBORO8: posts big blind $3
*** HOLE CARDS ***
Desktop775: raises $3 to $6
MARIBORO8: raises $3 to $9
Desktop775: calls $3
*** FLOP *** [Jc 9d Qh]
MARIBORO8: bets $3
Desktop775: calls $3
*** TURN *** [Jc 9d Qh] [Tc]
MARIBORO8: bets $6
Desktop775: calls $6
*** RIVER *** [Jc 9d Qh Tc] [8d]
MARIBORO8: bets $6
Desktop775: calls $6
*** SHOW DOWN ***
MARIBORO8: shows [6d Kd] (a straight, Nine to King)
Desktop775: mucks hand
MARIBORO8 collected $47.50 from pot
*** SUMMARY ***
Total pot $48 | Rake $0.50
Board [Jc 9d Qh Tc 8d]
Seat 1: MARIBORO8 (big blind) showed [6d Kd] and won ($47.50) with a straight, Nine to King
Seat 2: Desktop775 (button) (small blind) mucked


PokerStars Hand #146365650353:  Hold'em Limit ($3/$6 USD) - 2016/01/02 20:59:38 ET
Table 'Wallenquist' 2-max Seat #1 is the button
Seat 1: MARIBORO8 ($51 in chips)
Seat 2: Desktop775 ($188.32 in chips)
MARIBORO8: posts small blind $1
Desktop775: posts big blind $3
*** HOLE CARDS ***
MARIBORO8: raises $3 to $6
Desktop775: folds
Uncalled bet ($3) returned to MARIBORO8
MARIBORO8 collected $6 from pot
MARIBORO8: doesn't show hand
*** SUMMARY ***
Total pot $6 | Rake $0
Seat 1: MARIBORO8 (button) (small blind) collected ($6)
Seat 2: Desktop775 (big blind) folded before Flop


PokerStars Hand #146365701130:  Hold'em Limit ($3/$6 USD) - 2016/01/02 21:01:13 ET
Table 'Wallenquist' 2-max Seat #2 is the button
Seat 1: MARIBORO8 ($53 in chips)
Seat 2: Desktop775 ($184.46 in chips)
Desktop775: posts small blind $1
MARIBORO8: posts big blind $3
*** HOLE CARDS ***
Desktop775: raises $3 to $6
MARIBORO8: calls $3
*** FLOP *** [Kd 7s 6d]
MARIBORO8: checks
Desktop775: bets $3
MARIBORO8: raises $3 to $6
Desktop775: calls $3
*** TURN *** [Kd 7s 6d] [8d]
MARIBORO8: bets $6
Desktop775: raises $6 to $12
MARIBORO8: calls $6
*** RIVER *** [Kd 7s 6d 8d] [3s]
MARIBORO8: checks
Desktop775: bets $6
MARIBORO8: calls $6
*** SHOW DOWN ***
Desktop775: shows [8s 8c] (three of a kind, Eights)
MARIBORO8: mucks hand
Desktop775 collected $59.50 from pot
*** SUMMARY ***
Total pot $60 | Rake $0.50
Board [Kd 7s 6d 8d 3s]
Seat 1: MARIBORO8 (big blind) mucked
Seat 2: Desktop775 (button) (small blind) showed [8s 8c] and won ($59.50) with three of a kind, Eights


PokerStars Hand #146365687459:  Hold'em Limit ($3/$6 USD) - 2016/01/02 21:00:48 ET
Table 'Wallenquist' 2-max Seat #1 is the button
Seat 1: MARIBORO8 ($83 in chips)
Seat 2: Desktop775 ($154.96 in chips)
MARIBORO8: posts small blind $1
Desktop775: posts big blind $3
*** HOLE CARDS ***
MARIBORO8: raises $3 to $6
Desktop775: raises $3 to $9
MARIBORO8: calls $3
*** FLOP *** [Ts 9s Jc]
Desktop775: bets $3
MARIBORO8: raises $3 to $6
Desktop775: raises $3 to $9
MARIBORO8: calls $3
*** TURN *** [Ts 9s Jc] [2s]
Desktop775: bets $6
MARIBORO8: calls $6
*** RIVER *** [Ts 9s Jc 2s] [4c]
Desktop775: bets $6
MARIBORO8: calls $6
*** SHOW DOWN ***
Desktop775: shows [Qh Kh] (a straight, Nine to King)
MARIBORO8: mucks hand
Desktop775 collected $59.50 from pot
*** SUMMARY ***
Total pot $60 | Rake $0.50
Board [Ts 9s Jc 2s 4c]
Seat 1: MARIBORO8 (button) (small blind) mucked
Seat 2: Desktop775 (big blind) showed [Qh Kh] and won ($59.50) with a straight, Nine to King


PokerStars Hand #146365676931:  Hold'em Limit ($3/$6 USD) - 2016/01/02 21:00:28 ET
Table 'Wallenquist' 2-max Seat #2 is the button
Seat 1: MARIBORO8 ($92 in chips)
Seat 2: Desktop775 ($146.32 in chips)
Desktop775: posts small blind $1
MARIBORO8: posts big blind $3
*** HOLE CARDS ***
Desktop775: raises $3 to $6
MARIBORO8: calls $3
*** FLOP *** [9c 3s 5h]
MARIBORO8: checks
Desktop775: bets $3
MARIBORO8: calls $3
*** TURN *** [9c 3s 5h] [7h]
MARIBORO8: checks
Desktop775: checks
*** RIVER *** [9c 3s 5h 7h] [Ac]
MARIBORO8: checks
Desktop775: checks
*** SHOW DOWN ***
MARIBORO8: shows [Th 4c] (high card Ace)
Desktop775: shows [8s Qc] (high card Ace - Queen kicker)
Desktop775 collected $17.64 from pot
*** SUMMARY ***
Total pot $18 | Rake $0.36
Board [9c 3s 5h 7h Ac]
Seat 1: MARIBORO8 (big blind) showed [Th 4c] and lost with high card Ace
Seat 2: Desktop775 (button) (small blind) showed [8s Qc] and won ($17.64) with high card Ace


PokerStars Hand #146365716289:  Hold'em Limit ($3/$6 USD) - 2016/01/02 21:01:40 ET
Table 'Wallenquist' 2-max Seat #1 is the button
Seat 1: MARIBORO8 ($23 in chips)
Seat 2: Desktop775 ($213.96 in chips)
MARIBORO8: posts small blind $1
Desktop775: posts big blind $3
*** HOLE CARDS ***
MARIBORO8: raises $3 to $6
Desktop775: raises $3 to $9
MARIBORO8: raises $3 to $12
Betting is capped
Desktop775: calls $3
*** FLOP *** [4c Qd 2c]
Desktop775: checks
MARIBORO8: bets $3
Desktop775: raises $3 to $6
MARIBORO8: calls $3
*** TURN *** [4c Qd 2c] [Ac]
Desktop775: bets $6
MARIBORO8: calls $5 and is all-in
Uncalled bet ($1) returned to Desktop775
*** RIVER *** [4c Qd 2c Ac] [2d]
*** SHOW DOWN ***
Desktop775: shows [9h 9s] (two pair, Nines and Deuces)
MARIBORO8: shows [3s 3c] (two pair, Threes and Deuces)
Desktop775 collected $45.50 from pot
*** SUMMARY ***
Total pot $46 | Rake $0.50
Board [4c Qd 2c Ac 2d]
Seat 1: MARIBORO8 (button) (small blind) showed [3s 3c] and lost with two pair, Threes and Deuces
Seat 2: Desktop775 (big blind) showed [9h 9s] and won ($45.50) with two pair, Nines and Deuces


PokerStars Hand #146368609520:  Hold'em Limit ($3/$6 USD) - 2016/01/02 22:38:24 ET
Table 'Wallenquist' 2-max Seat #2 is the button
Seat 1: boumbastic ($93 in chips)
Seat 2: Desktop775 ($262.96 in chips)
Desktop775: posts small blind $1
boumbastic: posts big blind $3
*** HOLE CARDS ***
Desktop775: folds
Uncalled bet ($2) returned to boumbastic
boumbastic collected $2 from pot
boumbastic: doesn't show hand
*** SUMMARY ***
Total pot $2 | Rake $0
Seat 1: boumbastic (big blind) collected ($2)
Seat 2: Desktop775 (button) (small blind) folded before Flop


PokerStars Hand #146368596481:  Hold'em Limit ($3/$6 USD) - 2016/01/02 22:37:53 ET
Table 'Wallenquist' 2-max Seat #2 is the button
Seat 1: boumbastic ($120 in chips)
Seat 2: Desktop775 ($236.46 in chips)
Desktop775: posts small blind $1
boumbastic: posts big blind $3
*** HOLE CARDS ***
Desktop775: raises $3 to $6
boumbastic: raises $3 to $9
Desktop775: calls $3
*** FLOP *** [5d Qc 8c]
boumbastic: bets $3
Desktop775: calls $3
*** TURN *** [5d Qc 8c] [6h]
boumbastic: bets $6
Desktop775: raises $6 to $12
boumbastic: calls $6
*** RIVER *** [5d Qc 8c 6h] [Jc]
boumbastic: checks
Desktop775: bets $6
boumbastic: calls $6
*** SHOW DOWN ***
Desktop775: shows [3c 7c] (a flush, Queen high)
boumbastic: mucks hand
Desktop775 collected $59.50 from pot
*** SUMMARY ***
Total pot $60 | Rake $0.50
Board [5d Qc 8c 6h Jc]
Seat 1: boumbastic (big blind) mucked
Seat 2: Desktop775 (button) (small blind) showed [3c 7c] and won ($59.50) with a flush, Queen high


PokerStars Hand #146368622912:  Hold'em Limit ($3/$6 USD) - 2016/01/02 22:38:57 ET
Table 'Wallenquist' 2-max Seat #1 is the button
Seat 1: boumbastic ($71 in chips)
Seat 2: Desktop775 ($284.46 in chips)
boumbastic: posts small blind $1
Desktop775: posts big blind $3
*** HOLE CARDS ***
boumbastic: raises $3 to $6
Desktop775: calls $3
*** FLOP *** [7d Js 7c]
Desktop775: checks
boumbastic: bets $3
Desktop775: calls $3
*** TURN *** [7d Js 7c] [Jh]
Desktop775: checks
boumbastic: bets $6
Desktop775: folds
Uncalled bet ($6) returned to boumbastic
boumbastic collected $17.64 from pot
boumbastic: doesn't show hand
*** SUMMARY ***
Total pot $18 | Rake $0.36
Board [7d Js 7c Jh]
Seat 1: boumbastic (button) (small blind) collected ($17.64)
Seat 2: Desktop775 (big blind) folded on the Turn


PokerStars Hand #146368620716:  Hold'em Limit ($3/$6 USD) - 2016/01/02 22:38:51 ET
Table 'Wallenquist' 2-max Seat #2 is the button
Seat 1: boumbastic ($70 in chips)
Seat 2: Desktop775 ($285.46 in chips)
Desktop775: posts small blind $1
boumbastic: posts big blind $3
*** HOLE CARDS ***
Desktop775: folds
Uncalled bet ($2) returned to boumbastic
boumbastic collected $2 from pot
boumbastic: doesn't show hand
*** SUMMARY ***
Total pot $2 | Rake $0
Seat 1: boumbastic (big blind) collected ($2)
Seat 2: Desktop775 (button) (small blind) folded before Flop


PokerStars Hand #146368612177:  Hold'em Limit ($3/$6 USD) - 2016/01/02 22:38:30 ET
Table 'Wallenquist' 2-max Seat #1 is the button
Seat 1: boumbastic ($94 in chips)
Seat 2: Desktop775 ($261.96 in chips)
boumbastic: posts small blind $1
Desktop775: posts big blind $3
*** HOLE CARDS ***
boumbastic: raises $3 to $6
Desktop775: calls $3
*** FLOP *** [7c 5d 8s]
Desktop775: checks
boumbastic: bets $3
Desktop775: raises $3 to $6
boumbastic: calls $3
*** TURN *** [7c 5d 8s] [2c]
Desktop775: bets $6
boumbastic: calls $6
*** RIVER *** [7c 5d 8s 2c] [7h]
Desktop775: bets $6
boumbastic: calls $6
*** SHOW DOWN ***
Desktop775: shows [8h 4c] (two pair, Eights and Sevens)
boumbastic: mucks hand
Desktop775 collected $47.50 from pot
*** SUMMARY ***
Total pot $48 | Rake $0.50
Board [7c 5d 8s 2c 7h]
Seat 1: boumbastic (button) (small blind) mucked
Seat 2: Desktop775 (big blind) showed [8h 4c] and won ($47.50) with two pair, Eights and Sevens


PokerStars Hand #146368629876:  Hold'em Limit ($3/$6 USD) - 2016/01/02 22:39:13 ET
Table 'Wallenquist' 2-max Seat #2 is the button
Seat 1: boumbastic ($79.64 in chips)
Seat 2: Desktop775 ($275.46 in chips)
Desktop775: posts small blind $1
boumbastic: posts big blind $3
*** HOLE CARDS ***
Desktop775: raises $3 to $6
boumbastic: raises $3 to $9
Desktop775: calls $3
*** FLOP *** [9d 9s Qh]
boumbastic: bets $3
Desktop775: calls $3
*** TURN *** [9d 9s Qh] [6c]
boumbastic: bets $6
Desktop775: calls $6
*** RIVER *** [9d 9s Qh 6c] [Ac]
boumbastic: bets $6
Desktop775: calls $6
*** SHOW DOWN ***
boumbastic: shows [Td 9h] (three of a kind, Nines)
Desktop775: mucks hand
boumbastic collected $47.50 from pot
*** SUMMARY ***
Total pot $48 | Rake $0.50
Board [9d 9s Qh 6c Ac]
Seat 1: boumbastic (big blind) showed [Td 9h] and won ($47.50) with three of a kind, Nines
Seat 2: Desktop775 (button) (small blind) mucked


PokerStars Hand #146368655401:  Hold'em Limit ($3/$6 USD) - 2016/01/02 22:40:14 ET
Table 'Wallenquist' 2-max Seat #1 is the button
Seat 1: boumbastic ($111.64 in chips)
Seat 2: Desktop775 ($242.10 in chips)
boumbastic: posts small blind $1
Desktop775: posts big blind $3
*** HOLE CARDS ***
boumbastic: raises $3 to $6
Desktop775: raises $3 to $9
boumbastic: calls $3
*** FLOP *** [5s 9d 9c]
Desktop775: bets $3
boumbastic: calls $3
*** TURN *** [5s 9d 9c] [9s]
Desktop775: bets $6
boumbastic: folds
Uncalled bet ($6) returned to Desktop775
Desktop775 collected $23.52 from pot
Desktop775: doesn't show hand
*** SUMMARY ***
Total pot $24 | Rake $0.48
Board [5s 9d 9c 9s]
Seat 1: boumbastic (button) (small blind) folded on the Turn
Seat 2: Desktop775 (big blind) collected ($23.52)


PokerStars Hand #146368647958:  Hold'em Limit ($3/$6 USD) - 2016/01/02 22:39:56 ET
Table 'Wallenquist' 2-max Seat #2 is the button
Seat 1: boumbastic ($120.64 in chips)
Seat 2: Desktop775 ($233.46 in chips)
Desktop775: posts small blind $1
boumbastic: posts big blind $3
*** HOLE CARDS ***
Desktop775: raises $3 to $6
boumbastic: calls $3
*** FLOP *** [As Kc 2h]
boumbastic: checks
Desktop775: bets $3
boumbastic: calls $3
*** TURN *** [As Kc 2h] [Ad]
boumbastic: checks
Desktop775: bets $6
boumbastic: folds
Uncalled bet ($6) returned to Desktop775
Desktop775 collected $17.64 from pot
Desktop775: doesn't show hand
*** SUMMARY ***
Total pot $18 | Rake $0.36
Board [As Kc 2h Ad]
Seat 1: boumbastic (big blind) folded on the Turn
Seat 2: Desktop775 (button) (small blind) collected ($17.64)


PokerStars Hand #146368637842:  Hold'em Limit ($3/$6 USD) - 2016/01/02 22:39:32 ET
Table 'Wallenquist' 2-max Seat #1 is the button
Seat 1: boumbastic ($103.14 in chips)
Seat 2: Desktop775 ($251.46 in chips)
boumbastic: posts small blind $1
Desktop775: posts big blind $3
*** HOLE CARDS ***
boumbastic: raises $3 to $6
Desktop775: raises $3 to $9
boumbastic: calls $3
*** FLOP *** [Jh Th 5h]
Desktop775: bets $3
boumbastic: calls $3
*** TURN *** [Jh Th 5h] [8h]
Desktop775: checks
boumbastic: bets $6
Desktop775: calls $6
*** RIVER *** [Jh Th 5h 8h] [4c]
Desktop775: checks
boumbastic: bets $6
Desktop775: folds
Uncalled bet ($6) returned to boumbastic
boumbastic collected $35.50 from pot
boumbastic: doesn't show hand
*** SUMMARY ***
Total pot $36 | Rake $0.50
Board [Jh Th 5h 8h 4c]
Seat 1: boumbastic (button) (small blind) collected ($35.50)
Seat 2: Desktop775 (big blind) folded on the River


PokerStars Hand #146368662479:  Hold'em Limit ($3/$6 USD) - 2016/01/02 22:40:31 ET
Table 'Wallenquist' 2-max Seat #2 is the button
Seat 1: boumbastic ($99.64 in chips)
Seat 2: Desktop775 ($253.62 in chips)
Desktop775: posts small blind $1
boumbastic: posts big blind $3
*** HOLE CARDS ***
Desktop775: folds
Uncalled bet ($2) returned to boumbastic
boumbastic collected $2 from pot
boumbastic: doesn't show hand
*** SUMMARY ***
Total pot $2 | Rake $0
Seat 1: boumbastic (big blind) collected ($2)
Seat 2: Desktop775 (button) (small blind) folded before Flop


PokerStars Hand #146368677366:  Hold'em Limit ($3/$6 USD) - 2016/01/02 22:41:07 ET
Table 'Wallenquist' 2-max Seat #1 is the button
Seat 1: boumbastic ($61.64 in chips)
Seat 2: Desktop775 ($290.76 in chips)
boumbastic: posts small blind $1
Desktop775: posts big blind $3
*** HOLE CARDS ***
boumbastic: raises $3 to $6
Desktop775: calls $3
*** FLOP *** [9s 3d Qh]
Desktop775: checks
boumbastic: bets $3
Desktop775: raises $3 to $6
boumbastic: calls $3
*** TURN *** [9s 3d Qh] [Qc]
Desktop775: bets $6
boumbastic: calls $6
*** RIVER *** [9s 3d Qh Qc] [6c]
Desktop775: bets $6
boumbastic: calls $6
*** SHOW DOWN ***
Desktop775: shows [Kd 3c] (two pair, Queens and Threes)
boumbastic: shows [3s Kh] (two pair, Queens and Threes)
Desktop775 collected $23.75 from pot
boumbastic collected $23.75 from pot
*** SUMMARY ***
Total pot $48 | Rake $0.50
Board [9s 3d Qh Qc 6c]
Seat 1: boumbastic (button) (small blind) showed [3s Kh] and won ($23.75) with two pair, Queens and Threes
Seat 2: Desktop775 (big blind) showed [Kd 3c] and won ($23.75) with two pair, Queens and Threes


PokerStars Hand #146368669052:  Hold'em Limit ($3/$6 USD) - 2016/01/02 22:40:47 ET
Table 'Wallenquist' 2-max Seat #2 is the button
Seat 1: boumbastic ($91.64 in chips)
Seat 2: Desktop775 ($261.26 in chips)
Desktop775: posts small blind $1
boumbastic: posts big blind $3
*** HOLE CARDS ***
Desktop775: raises $3 to $6
boumbastic: raises $3 to $9
Desktop775: calls $3
*** FLOP *** [8s Js 6c]
boumbastic: bets $3
Desktop775: calls $3
*** TURN *** [8s Js 6c] [4d]
boumbastic: bets $6
Desktop775: raises $6 to $12
boumbastic: calls $6
*** RIVER *** [8s Js 6c 4d] [Qs]
boumbastic: checks
Desktop775: bets $6
boumbastic: calls $6
*** SHOW DOWN ***
Desktop775: shows [8d Ac] (a pair of Eights)
boumbastic: mucks hand
Desktop775 collected $59.50 from pot
*** SUMMARY ***
Total pot $60 | Rake $0.50
Board [8s Js 6c 4d Qs]
Seat 1: boumbastic (big blind) mucked
Seat 2: Desktop775 (button) (small blind) showed [8d Ac] and won ($59.50) with a pair of Eights


PokerStars Hand #146368664761:  Hold'em Limit ($3/$6 USD) - 2016/01/02 22:40:36 ET
Table 'Wallenquist' 2-max Seat #1 is the button
Seat 1: boumbastic ($100.64 in chips)
Seat 2: Desktop775 ($252.62 in chips)
boumbastic: posts small blind $1
Desktop775: posts big blind $3
*** HOLE CARDS ***
boumbastic: raises $3 to $6
Desktop775: raises $3 to $9
boumbastic: calls $3
*** FLOP *** [2d 9h Js]
Desktop775: bets $3
boumbastic: folds
Uncalled bet ($3) returned to Desktop775
Desktop775 collected $17.64 from pot
Desktop775: doesn't show hand
*** SUMMARY ***
Total pot $18 | Rake $0.36
Board [2d 9h Js]
Seat 1: boumbastic (button) (small blind) folded on the Flop
Seat 2: Desktop775 (big blind) collected ($17.64)


PokerStars Hand #146368703461:  Hold'em Limit ($3/$6 USD) - 2016/01/02 22:42:10 ET
Table 'Wallenquist' 2-max Seat #2 is the button
Seat 1: boumbastic ($54.89 in chips)
Seat 2: Desktop775 ($296.01 in chips)
Desktop775: posts small blind $1
boumbastic: posts big blind $3
*** HOLE CARDS ***
Desktop775: raises $3 to $6
boumbastic: raises $3 to $9
Desktop775: calls $3
*** FLOP *** [3s Qd 8s]
boumbastic: bets $3
Desktop775: folds
Uncalled bet ($3) returned to boumbastic
boumbastic collected $17.64 from pot
boumbastic: doesn't show hand
*** SUMMARY ***
Total pot $18 | Rake $0.36
Board [3s Qd 8s]
Seat 1: boumbastic (big blind) collected ($17.64)
Seat 2: Desktop775 (button) (small blind) folded on the Flop


PokerStars Hand #146368695731:  Hold'em Limit ($3/$6 USD) - 2016/01/02 22:41:51 ET
Table 'Wallenquist' 2-max Seat #1 is the button
Seat 1: boumbastic ($37.39 in chips)
Seat 2: Desktop775 ($314.01 in chips)
boumbastic: posts small blind $1
Desktop775: posts big blind $3
*** HOLE CARDS ***
boumbastic: raises $3 to $6
Desktop775: raises $3 to $9
boumbastic: calls $3
*** FLOP *** [5s 6h 6s]
Desktop775: bets $3
boumbastic: calls $3
*** TURN *** [5s 6h 6s] [3h]
Desktop775: bets $6
boumbastic: calls $6
*** RIVER *** [5s 6h 6s 3h] [4d]
Desktop775: checks
boumbastic: checks
*** SHOW DOWN ***
Desktop775: shows [8h As] (a pair of Sixes)
boumbastic: shows [8c 3c] (two pair, Sixes and Threes)
boumbastic collected $35.50 from pot
*** SUMMARY ***
Total pot $36 | Rake $0.50
Board [5s 6h 6s 3h 4d]
Seat 1: boumbastic (button) (small blind) showed [8c 3c] and won ($35.50) with two pair, Sixes and Threes
Seat 2: Desktop775 (big blind) showed [8h As] and lost with a pair of Sixes


PokerStars Hand #146368687404:  Hold'em Limit ($3/$6 USD) - 2016/01/02 22:41:31 ET
Table 'Wallenquist' 2-max Seat #2 is the button
Seat 1: boumbastic ($61.39 in chips)
Seat 2: Desktop775 ($290.51 in chips)
Desktop775: posts small blind $1
boumbastic: posts big blind $3
*** HOLE CARDS ***
Desktop775: raises $3 to $6
boumbastic: raises $3 to $9
Desktop775: calls $3
*** FLOP *** [6d 9c Jd]
boumbastic: bets $3
Desktop775: calls $3
*** TURN *** [6d 9c Jd] [Qc]
boumbastic: bets $6
Desktop775: calls $6
*** RIVER *** [6d 9c Jd Qc] [9h]
boumbastic: bets $6
Desktop775: raises $6 to $12
boumbastic: folds
Uncalled bet ($6) returned to Desktop775
Desktop775 collected $47.50 from pot
Desktop775: doesn't show hand
*** SUMMARY ***
Total pot $48 | Rake $0.50
Board [6d 9c Jd Qc 9h]
Seat 1: boumbastic (big blind) folded on the River
Seat 2: Desktop775 (button) (small blind) collected ($47.50)


PokerStars Hand #146368708631:  Hold'em Limit ($3/$6 USD) - 2016/01/02 22:42:22 ET
Table 'Wallenquist' 2-max Seat #1 is the button
Seat 1: boumbastic ($63.53 in chips)
Seat 2: Desktop775 ($287.01 in chips)
boumbastic: posts small blind $1
Desktop775: posts big blind $3
*** HOLE CARDS ***
boumbastic: raises $3 to $6
Desktop775: raises $3 to $9
boumbastic: calls $3
*** FLOP *** [Ac 8h Kc]
Desktop775: bets $3
boumbastic: calls $3
*** TURN *** [Ac 8h Kc] [4c]
Desktop775: bets $6
boumbastic: calls $6
*** RIVER *** [Ac 8h Kc 4c] [7h]
Desktop775: bets $6
boumbastic: calls $6
*** SHOW DOWN ***
Desktop775: shows [9c As] (a pair of Aces)
boumbastic: mucks hand
Desktop775 collected $47.50 from pot
*** SUMMARY ***
Total pot $48 | Rake $0.50
Board [Ac 8h Kc 4c 7h]
Seat 1: boumbastic (button) (small blind) mucked
Seat 2: Desktop775 (big blind) showed [9c As] and won ($47.50) with a pair of Aces


PokerStars Hand #146368718781:  Hold'em Limit ($3/$6 USD) - 2016/01/02 22:42:47 ET
Table 'Wallenquist' 2-max Seat #1 is the button
Seat 1: boumbastic ($40.53 in chips)
Seat 2: Desktop775 ($309.51 in chips)
boumbastic: posts small blind $1
Desktop775: posts big blind $3
*** HOLE CARDS ***
boumbastic: raises $3 to $6
Desktop775: raises $3 to $9
boumbastic: calls $3
*** FLOP *** [5h 6s 3h]
Desktop775: bets $3
boumbastic is connected
boumbastic: calls $3
*** TURN *** [5h 6s 3h] [6h]
Desktop775: bets $6
boumbastic: folds
Uncalled bet ($6) returned to Desktop775
Desktop775 collected $23.52 from pot
Desktop775: doesn't show hand
*** SUMMARY ***
Total pot $24 | Rake $0.48
Board [5h 6s 3h 6h]
Seat 1: boumbastic (button) (small blind) folded on the Turn
Seat 2: Desktop775 (big blind) collected ($23.52)


PokerStars Hand #146368716398:  Hold'em Limit ($3/$6 USD) - 2016/01/02 22:42:41 ET
Table 'Wallenquist' 2-max Seat #2 is the button
Seat 1: boumbastic ($39.53 in chips)
Seat 2: Desktop775 ($310.51 in chips)
Desktop775: posts small blind $1
boumbastic: posts big blind $3
*** HOLE CARDS ***
Desktop775: folds
Uncalled bet ($2) returned to boumbastic
boumbastic collected $2 from pot
boumbastic: doesn't show hand
*** SUMMARY ***
Total pot $2 | Rake $0
Seat 1: boumbastic (big blind) collected ($2)
Seat 2: Desktop775 (button) (small blind) folded before Flop


PokerStars Hand #146368758161:  Hold'em Limit ($3/$6 USD) - 2016/01/02 22:44:22 ET
Table 'Wallenquist' 2-max Seat #2 is the button
Seat 1: boumbastic ($77.06 in chips)
Seat 2: Desktop775 ($271.50 in chips)
Desktop775: posts small blind $1
boumbastic: posts big blind $3
*** HOLE CARDS ***
Desktop775: folds
Uncalled bet ($2) returned to boumbastic
boumbastic collected $2 from pot
*** SUMMARY ***
Total pot $2 | Rake $0
Seat 1: boumbastic (big blind) collected ($2)
Seat 2: Desktop775 (button) (small blind) folded before Flop


PokerStars Hand #146368744719:  Hold'em Limit ($3/$6 USD) - 2016/01/02 22:43:50 ET
Table 'Wallenquist' 2-max Seat #1 is the button
Seat 1: boumbastic ($56.56 in chips)
Seat 2: Desktop775 ($292.50 in chips)
boumbastic: posts small blind $1
Desktop775: posts big blind $3
*** HOLE CARDS ***
boumbastic: raises $3 to $6
Desktop775: raises $3 to $9
boumbastic: raises $3 to $12
Betting is capped
Desktop775: calls $3
*** FLOP *** [7h 9h 6c]
Desktop775: checks
boumbastic: bets $3
Desktop775: calls $3
*** TURN *** [7h 9h 6c] [8c]
Desktop775: checks
boumbastic: bets $6
Desktop775: calls $6
*** RIVER *** [7h 9h 6c 8c] [Qc]
Desktop775: checks
boumbastic: bets $6
Desktop775: folds
Uncalled bet ($6) returned to boumbastic
boumbastic collected $41.50 from pot
boumbastic: doesn't show hand
*** SUMMARY ***
Total pot $42 | Rake $0.50
Board [7h 9h 6c 8c Qc]
Seat 1: boumbastic (button) (small blind) collected ($41.50)
Seat 2: Desktop775 (big blind) folded on the River


PokerStars Hand #146368735893:  Hold'em Limit ($3/$6 USD) - 2016/01/02 22:43:28 ET
Table 'Wallenquist' 2-max Seat #2 is the button
Seat 1: boumbastic ($28.53 in chips)
Seat 2: Desktop775 ($321.03 in chips)
Desktop775: posts small blind $1
boumbastic: posts big blind $3
*** HOLE CARDS ***
Desktop775: raises $3 to $6
boumbastic: raises $3 to $9
Desktop775: calls $3
*** FLOP *** [6s 3d 3c]
boumbastic: bets $3
Desktop775: calls $3
*** TURN *** [6s 3d 3c] [Ac]
boumbastic: bets $6
Desktop775: raises $6 to $12
boumbastic: raises $4.53 to $16.53 and is all-in
Desktop775: calls $4.53
*** RIVER *** [6s 3d 3c Ac] [7s]
*** SHOW DOWN ***
boumbastic: shows [9h Ah] (two pair, Aces and Threes)
Desktop775: shows [5s 5h] (two pair, Fives and Threes)
boumbastic collected $56.56 from pot
*** SUMMARY ***
Total pot $57.06 | Rake $0.50
Board [6s 3d 3c Ac 7s]
Seat 1: boumbastic (big blind) showed [9h Ah] and won ($56.56) with two pair, Aces and Threes
Seat 2: Desktop775 (button) (small blind) showed [5s 5h] and lost with two pair, Fives and Threes


PokerStars Hand #146368760546:  Hold'em Limit ($3/$6 USD) - 2016/01/02 22:44:28 ET
Table 'Wallenquist' 2-max Seat #1 is the button
Seat 1: boumbastic ($78.06 in chips)
Seat 2: Desktop775 ($270.50 in chips)
boumbastic: posts small blind $1
Desktop775: posts big blind $3
*** HOLE CARDS ***
boumbastic: raises $3 to $6
Desktop775: raises $3 to $9
boumbastic: calls $3
*** FLOP *** [Kh 3c Th]
Desktop775: bets $3
boumbastic: calls $3
*** TURN *** [Kh 3c Th] [2c]
Desktop775: checks
boumbastic: bets $6
Desktop775: calls $6
*** RIVER *** [Kh 3c Th 2c] [Qs]
Desktop775: checks
boumbastic: bets $6
Desktop775: calls $6
*** SHOW DOWN ***
boumbastic: shows [4d Ts] (a pair of Tens)
Desktop775: mucks hand
boumbastic collected $47.50 from pot
*** SUMMARY ***
Total pot $48 | Rake $0.50
Board [Kh 3c Th 2c Qs]
Seat 1: boumbastic (button) (small blind) showed [4d Ts] and won ($47.50) with a pair of Tens
Seat 2: Desktop775 (big blind) mucked


PokerStars Hand #146368781921:  Hold'em Limit ($3/$6 USD) - 2016/01/02 22:45:20 ET
Table 'Wallenquist' 2-max Seat #2 is the button
Seat 1: boumbastic ($83.56 in chips)
Seat 2: Desktop775 ($263.78 in chips)
Desktop775: posts small blind $1
boumbastic: posts big blind $3
*** HOLE CARDS ***
Desktop775: folds
Uncalled bet ($2) returned to boumbastic
boumbastic collected $2 from pot
boumbastic: doesn't show hand
*** SUMMARY ***
Total pot $2 | Rake $0
Seat 1: boumbastic (big blind) collected ($2)
Seat 2: Desktop775 (button) (small blind) folded before Flop


PokerStars Hand #146368777047:  Hold'em Limit ($3/$6 USD) - 2016/01/02 22:45:08 ET
Table 'Wallenquist' 2-max Seat #1 is the button
Seat 1: boumbastic ($92.56 in chips)
Seat 2: Desktop775 ($255.14 in chips)
boumbastic: posts small blind $1
Desktop775: posts big blind $3
*** HOLE CARDS ***
boumbastic: raises $3 to $6
Desktop775: calls $3
*** FLOP *** [3s Jd 8s]
Desktop775: checks
boumbastic: bets $3
Desktop775: raises $3 to $6
boumbastic: folds
Uncalled bet ($3) returned to Desktop775
Desktop775 collected $17.64 from pot
Desktop775: doesn't show hand
*** SUMMARY ***
Total pot $18 | Rake $0.36
Board [3s Jd 8s]
Seat 1: boumbastic (button) (small blind) folded on the Flop
Seat 2: Desktop775 (big blind) collected ($17.64)


PokerStars Hand #146368770030:  Hold'em Limit ($3/$6 USD) - 2016/01/02 22:44:52 ET
Table 'Wallenquist' 2-max Seat #2 is the button
Seat 1: boumbastic ($101.56 in chips)
Seat 2: Desktop775 ($246.50 in chips)
Desktop775: posts small blind $1
boumbastic: posts big blind $3
*** HOLE CARDS ***
Desktop775: raises $3 to $6
boumbastic: calls $3
*** FLOP *** [Jh As 5h]
boumbastic: checks
Desktop775: bets $3
boumbastic: calls $3
*** TURN *** [Jh As 5h] [Js]
boumbastic: checks
Desktop775: bets $6
boumbastic: folds
Uncalled bet ($6) returned to Desktop775
Desktop775 collected $17.64 from pot
Desktop775: doesn't show hand
*** SUMMARY ***
Total pot $18 | Rake $0.36
Board [Jh As 5h Js]
Seat 1: boumbastic (big blind) folded on the Turn
Seat 2: Desktop775 (button) (small blind) collected ($17.64)


PokerStars Hand #146368804570:  Hold'em Limit ($3/$6 USD) - 2016/01/02 22:46:16 ET
Table 'Wallenquist' 2-max Seat #1 is the button
Seat 1: boumbastic ($134.56 in chips)
Seat 2: Desktop775 ($211.78 in chips)
boumbastic: posts small blind $1
Desktop775: posts big blind $3
*** HOLE CARDS ***
boumbastic: raises $3 to $6
Desktop775: raises $3 to $9
boumbastic: calls $3
*** FLOP *** [5d 2s 6h]
Desktop775: checks
boumbastic: checks
*** TURN *** [5d 2s 6h] [4c]
Desktop775: checks
boumbastic: bets $6
Desktop775: calls $6
*** RIVER *** [5d 2s 6h 4c] [5s]
Desktop775: checks
boumbastic: bets $6
Desktop775: raises $6 to $12
boumbastic: calls $6
*** SHOW DOWN ***
Desktop775: shows [9c 8c] (a pair of Fives)
boumbastic: shows [4h Qc] (two pair, Fives and Fours)
boumbastic collected $53.50 from pot
*** SUMMARY ***
Total pot $54 | Rake $0.50
Board [5d 2s 6h 4c 5s]
Seat 1: boumbastic (button) (small blind) showed [4h Qc] and won ($53.50) with two pair, Fives and Fours
Seat 2: Desktop775 (big blind) showed [9c 8c] and lost with a pair of Fives


PokerStars Hand #146368784280:  Hold'em Limit ($3/$6 USD) - 2016/01/02 22:45:26 ET
Table 'Wallenquist' 2-max Seat #1 is the button
Seat 1: boumbastic ($84.56 in chips)
Seat 2: Desktop775 ($262.78 in chips)
boumbastic: posts small blind $1
Desktop775: posts big blind $3
*** HOLE CARDS ***
boumbastic: raises $3 to $6
Desktop775: raises $3 to $9
boumbastic: calls $3
*** FLOP *** [Kh Jc Qs]
Desktop775: bets $3
boumbastic: raises $3 to $6
Desktop775: calls $3
*** TURN *** [Kh Jc Qs] [7h]
Desktop775: checks
boumbastic: bets $6
Desktop775: calls $6
*** RIVER *** [Kh Jc Qs 7h] [4s]
Desktop775: checks
boumbastic: bets $6
Desktop775: calls $6
*** SHOW DOWN ***
boumbastic: shows [5d Qh] (a pair of Queens)
Desktop775: mucks hand
boumbastic collected $53.50 from pot
*** SUMMARY ***
Total pot $54 | Rake $0.50
Board [Kh Jc Qs 7h 4s]
Seat 1: boumbastic (button) (small blind) showed [5d Qh] and won ($53.50) with a pair of Queens
Seat 2: Desktop775 (big blind) mucked


PokerStars Hand #146368794349:  Hold'em Limit ($3/$6 USD) - 2016/01/02 22:45:51 ET
Table 'Wallenquist' 2-max Seat #2 is the button
Seat 1: boumbastic ($111.06 in chips)
Seat 2: Desktop775 ($235.78 in chips)
Desktop775: posts small blind $1
boumbastic: posts big blind $3
*** HOLE CARDS ***
Desktop775: raises $3 to $6
boumbastic: calls $3
*** FLOP *** [5s 9h 3h]
boumbastic: checks
Desktop775: bets $3
boumbastic: raises $3 to $6
Desktop775: calls $3
*** TURN *** [5s 9h 3h] [6s]
boumbastic: bets $6
Desktop775: calls $6
*** RIVER *** [5s 9h 3h 6s] [3s]
boumbastic: bets $6
Desktop775: calls $6
*** SHOW DOWN ***
boumbastic: shows [8h 6c] (two pair, Sixes and Threes)
Desktop775: mucks hand
boumbastic collected $47.50 from pot
*** SUMMARY ***
Total pot $48 | Rake $0.50
Board [5s 9h 3h 6s 3s]
Seat 1: boumbastic (big blind) showed [8h 6c] and won ($47.50) with two pair, Sixes and Threes
Seat 2: Desktop775 (button) (small blind) mucked


PokerStars Hand #146368814720:  Hold'em Limit ($3/$6 USD) - 2016/01/02 22:46:40 ET
Table 'Wallenquist' 2-max Seat #2 is the button
Seat 1: boumbastic ($161.06 in chips)
Seat 2: Desktop775 ($184.78 in chips)
Desktop775: posts small blind $1
boumbastic: posts big blind $3
*** HOLE CARDS ***
Desktop775: raises $3 to $6
boumbastic: calls $3
*** FLOP *** [9h 7s 5d]
boumbastic: checks
Desktop775: bets $3
boumbastic: raises $3 to $6
Desktop775: calls $3
*** TURN *** [9h 7s 5d] [Qc]
boumbastic: bets $6
Desktop775: raises $6 to $12
boumbastic: calls $6
*** RIVER *** [9h 7s 5d Qc] [8s]
boumbastic: checks
Desktop775: checks
*** SHOW DOWN ***
boumbastic: shows [2c 5c] (a pair of Fives)
Desktop775: shows [Qh Kc] (a pair of Queens)
Desktop775 collected $47.50 from pot
*** SUMMARY ***
Total pot $48 | Rake $0.50
Board [9h 7s 5d Qc 8s]
Seat 1: boumbastic (big blind) showed [2c 5c] and lost with a pair of Fives
Seat 2: Desktop775 (button) (small blind) showed [Qh Kc] and won ($47.50) with a pair of Queens


PokerStars Hand #146368839166:  Hold'em Limit ($3/$6 USD) - 2016/01/02 22:47:27 ET
Table 'Wallenquist' 2-max Seat #2 is the button
Seat 1: boumbastic ($101.06 in chips)
Seat 2: Desktop775 ($243.78 in chips)
Desktop775: posts small blind $1
boumbastic: posts big blind $3
*** HOLE CARDS ***
Desktop775: folds
Uncalled bet ($2) returned to boumbastic
boumbastic collected $2 from pot
boumbastic: doesn't show hand
*** SUMMARY ***
Total pot $2 | Rake $0
Seat 1: boumbastic (big blind) collected ($2)
Seat 2: Desktop775 (button) (small blind) folded before Flop


PokerStars Hand #146368823138:  Hold'em Limit ($3/$6 USD) - 2016/01/02 22:47:01 ET
Table 'Wallenquist' 2-max Seat #1 is the button
Seat 1: boumbastic ($137.06 in chips)
Seat 2: Desktop775 ($208.28 in chips)
boumbastic: posts small blind $1
Desktop775: posts big blind $3
*** HOLE CARDS ***
boumbastic: raises $3 to $6
Desktop775: calls $3
*** FLOP *** [4c 2c 5d]
Desktop775: checks
boumbastic: bets $3
Desktop775: raises $3 to $6
boumbastic: calls $3
*** TURN *** [4c 2c 5d] [5c]
Desktop775: bets $6
boumbastic: calls $6
*** RIVER *** [4c 2c 5d 5c] [8s]
Desktop775: bets $6
boumbastic: raises $6 to $12
Desktop775: raises $6 to $18
boumbastic: calls $6
*** SHOW DOWN ***
Desktop775: shows [3s Ah] (a straight, Ace to Five)
boumbastic: mucks hand
Desktop775 collected $71.50 from pot
*** SUMMARY ***
Total pot $72 | Rake $0.50
Board [4c 2c 5d 5c 8s]
Seat 1: boumbastic (button) (small blind) mucked
Seat 2: Desktop775 (big blind) showed [3s Ah] and won ($71.50) with a straight, Ace to Five


PokerStars Hand #146368841857:  Hold'em Limit ($3/$6 USD) - 2016/01/02 22:47:33 ET
Table 'Wallenquist' 2-max Seat #1 is the button
Seat 1: boumbastic ($102.06 in chips)
Seat 2: Desktop775 ($242.78 in chips)
boumbastic: posts small blind $1
Desktop775: posts big blind $3
*** HOLE CARDS ***
boumbastic: raises $3 to $6
Desktop775: raises $3 to $9
boumbastic: calls $3
*** FLOP *** [4h Ad 5c]
Desktop775: bets $3
boumbastic: calls $3
*** TURN *** [4h Ad 5c] [Qd]
Desktop775: bets $6
boumbastic: calls $6
*** RIVER *** [4h Ad 5c Qd] [Tc]
Desktop775: bets $6
boumbastic: raises $6 to $12
Desktop775: raises $6 to $18
boumbastic: calls $6
*** SHOW DOWN ***
Desktop775: shows [Kc Jc] (a straight, Ten to Ace)
boumbastic: mucks hand
Desktop775 collected $71.50 from pot
*** SUMMARY ***
Total pot $72 | Rake $0.50
Board [4h Ad 5c Qd Tc]
Seat 1: boumbastic (button) (small blind) mucked
Seat 2: Desktop775 (big blind) showed [Kc Jc] and won ($71.50) with a straight, Ten to Ace


PokerStars Hand #146368860879:  Hold'em Limit ($3/$6 USD) - 2016/01/02 22:48:19 ET
Table 'Wallenquist' 2-max Seat #2 is the button
Seat 1: boumbastic ($65.82 in chips)
Seat 2: Desktop775 ($278.04 in chips)
Desktop775: posts small blind $1
boumbastic: posts big blind $3
*** HOLE CARDS ***
Desktop775: raises $3 to $6
boumbastic: raises $3 to $9
Desktop775: calls $3
*** FLOP *** [5h 7s As]
boumbastic: bets $3
Desktop775: calls $3
*** TURN *** [5h 7s As] [Th]
boumbastic: bets $6
Desktop775: calls $6
*** RIVER *** [5h 7s As Th] [Td]
boumbastic: bets $6
Desktop775: calls $6
*** SHOW DOWN ***
boumbastic: shows [Jc Kd] (a pair of Tens)
Desktop775: shows [7h Ks] (two pair, Tens and Sevens)
Desktop775 collected $47.50 from pot
*** SUMMARY ***
Total pot $48 | Rake $0.50
Board [5h 7s As Th Td]
Seat 1: boumbastic (big blind) showed [Jc Kd] and lost with a pair of Tens
Seat 2: Desktop775 (button) (small blind) showed [7h Ks] and won ($47.50) with two pair, Tens and Sevens


PokerStars Hand #146368856293:  Hold'em Limit ($3/$6 USD) - 2016/01/02 22:48:08 ET
Table 'Wallenquist' 2-max Seat #1 is the button
Seat 1: boumbastic ($60.06 in chips)
Seat 2: Desktop775 ($284.04 in chips)
boumbastic: posts small blind $1
Desktop775: posts big blind $3
*** HOLE CARDS ***
boumbastic: raises $3 to $6
Desktop775: calls $3
*** FLOP *** [Qd 7h 9d]
Desktop775: checks
boumbastic: bets $3
Desktop775: folds
Uncalled bet ($3) returned to boumbastic
boumbastic collected $11.76 from pot
boumbastic: doesn't show hand
*** SUMMARY ***
Total pot $12 | Rake $0.24
Board [Qd 7h 9d]
Seat 1: boumbastic (button) (small blind) collected ($11.76)
Seat 2: Desktop775 (big blind) folded on the Flop


PokerStars Hand #146368851674:  Hold'em Limit ($3/$6 USD) - 2016/01/02 22:47:56 ET
Table 'Wallenquist' 2-max Seat #2 is the button
Seat 1: boumbastic ($66.06 in chips)
Seat 2: Desktop775 ($278.28 in chips)
Desktop775: posts small blind $1
boumbastic: posts big blind $3
*** HOLE CARDS ***
Desktop775: raises $3 to $6
boumbastic: calls $3
*** FLOP *** [Kh 5d Th]
boumbastic: checks
Desktop775: bets $3
boumbastic: folds
Uncalled bet ($3) returned to Desktop775
Desktop775 collected $11.76 from pot
Desktop775: doesn't show hand
*** SUMMARY ***
Total pot $12 | Rake $0.24
Board [Kh 5d Th]
Seat 1: boumbastic (big blind) folded on the Flop
Seat 2: Desktop775 (button) (small blind) collected ($11.76)


PokerStars Hand #146368880982:  Hold'em Limit ($3/$6 USD) - 2016/01/02 22:49:09 ET
Table 'Wallenquist' 2-max Seat #1 is the button
Seat 1: boumbastic ($8.82 in chips)
Seat 2: Desktop775 ($334.04 in chips)
boumbastic: posts small blind $1
Desktop775: posts big blind $3
*** HOLE CARDS ***
boumbastic: raises $3 to $6
Desktop775: raises $3 to $9
boumbastic: calls $2.82 and is all-in
Uncalled bet ($0.18) returned to Desktop775
*** FLOP *** [2s 7d Ts]
*** TURN *** [2s 7d Ts] [Ac]
*** RIVER *** [2s 7d Ts Ac] [3c]
*** SHOW DOWN ***
Desktop775: shows [Kh Ad] (a pair of Aces)
boumbastic: shows [6h 6s] (a pair of Sixes)
Desktop775 collected $17.29 from pot
*** SUMMARY ***
Total pot $17.64 | Rake $0.35
Board [2s 7d Ts Ac 3c]
Seat 1: boumbastic (button) (small blind) showed [6h 6s] and lost with a pair of Sixes
Seat 2: Desktop775 (big blind) showed [Kh Ad] and won ($17.29) with a pair of Aces


PokerStars Hand #146368872020:  Hold'em Limit ($3/$6 USD) - 2016/01/02 22:48:47 ET
Table 'Wallenquist' 2-max Seat #2 is the button
Seat 1: boumbastic ($44.82 in chips)
Seat 2: Desktop775 ($298.54 in chips)
Desktop775: posts small blind $1
boumbastic: posts big blind $3
*** HOLE CARDS ***
Desktop775: raises $3 to $6
boumbastic: raises $3 to $9
Desktop775: calls $3
*** FLOP *** [6d Qc 6s]
boumbastic: bets $3
Desktop775: calls $3
*** TURN *** [6d Qc 6s] [Qs]
boumbastic: bets $6
Desktop775: raises $6 to $12
boumbastic: raises $6 to $18
Desktop775: calls $6
*** RIVER *** [6d Qc 6s Qs] [3h]
boumbastic: bets $6
Desktop775: calls $6
*** SHOW DOWN ***
boumbastic: shows [9c Jh] (two pair, Queens and Sixes)
Desktop775: shows [9s 9d] (two pair, Queens and Nines)
Desktop775 collected $71.50 from pot
*** SUMMARY ***
Total pot $72 | Rake $0.50
Board [6d Qc 6s Qs 3h]
Seat 1: boumbastic (big blind) showed [9c Jh] and lost with two pair, Queens and Sixes
Seat 2: Desktop775 (button) (small blind) showed [9s 9d] and won ($71.50) with two pair, Queens and Nines


PokerStars Hand #146368907915:  Hold'em Limit ($3/$6 USD) - 2016/01/02 22:50:16 ET
Table 'Wallenquist' 2-max Seat #1 is the button
Seat 1: boumbastic ($375.12 in chips)
Seat 2: Desktop775 ($362.53 in chips)
boumbastic: posts small blind $1
Desktop775: posts big blind $3
*** HOLE CARDS ***
boumbastic: raises $3 to $6
Desktop775: calls $3
*** FLOP *** [4h 5h Qs]
Desktop775: checks
boumbastic: bets $3
Desktop775: folds
Uncalled bet ($3) returned to boumbastic
boumbastic collected $11.76 from pot
boumbastic: doesn't show hand
*** SUMMARY ***
Total pot $12 | Rake $0.24
Board [4h 5h Qs]
Seat 1: boumbastic (button) (small blind) collected ($11.76)
Seat 2: Desktop775 (big blind) folded on the Flop


PokerStars Hand #146368896022:  Hold'em Limit ($3/$6 USD) - 2016/01/02 22:49:46 ET
Table 'Wallenquist' 2-max Seat #1 is the button
Seat 1: boumbastic ($375.60 in chips)
Seat 2: Desktop775 ($363.01 in chips)
boumbastic: posts small blind $1
Desktop775: posts big blind $3
*** HOLE CARDS ***
boumbastic: raises $3 to $6
Desktop775: raises $3 to $9
boumbastic: calls $3
*** FLOP *** [8c 8d 5d]
Desktop775: bets $3
boumbastic: calls $3
*** TURN *** [8c 8d 5d] [3s]
Desktop775: bets $6
boumbastic: folds
Uncalled bet ($6) returned to Desktop775
Desktop775 collected $23.52 from pot
Desktop775: doesn't show hand
*** SUMMARY ***
Total pot $24 | Rake $0.48
Board [8c 8d 5d 3s]
Seat 1: boumbastic (button) (small blind) folded on the Turn
Seat 2: Desktop775 (big blind) collected ($23.52)


PokerStars Hand #146368888062:  Hold'em Limit ($3/$6 USD) - 2016/01/02 22:49:27 ET
Table 'Wallenquist' 2-max Seat #2 is the button
Seat 1: boumbastic ($396.60 in chips)
Seat 2: Desktop775 ($342.51 in chips)
Desktop775: posts small blind $1
boumbastic: posts big blind $3
*** HOLE CARDS ***
Desktop775: raises $3 to $6
boumbastic: raises $3 to $9
Desktop775: calls $3
*** FLOP *** [2c 9s Ts]
boumbastic: bets $3
Desktop775: raises $3 to $6
boumbastic: calls $3
*** TURN *** [2c 9s Ts] [5h]
boumbastic: checks
Desktop775: bets $6
boumbastic: calls $6
*** RIVER *** [2c 9s Ts 5h] [4s]
boumbastic: checks
Desktop775: bets $6
boumbastic: folds
Uncalled bet ($6) returned to Desktop775
Desktop775 collected $41.50 from pot
Desktop775: doesn't show hand
*** SUMMARY ***
Total pot $42 | Rake $0.50
Board [2c 9s Ts 5h 4s]
Seat 1: boumbastic (big blind) folded on the River
Seat 2: Desktop775 (button) (small blind) collected ($41.50)


PokerStars Hand #146368901902:  Hold'em Limit ($3/$6 USD) - 2016/01/02 22:50:01 ET
Table 'Wallenquist' 2-max Seat #2 is the button
Seat 1: boumbastic ($363.60 in chips)
Seat 2: Desktop775 ($374.53 in chips)
Desktop775: posts small blind $1
boumbastic: posts big blind $3
*** HOLE CARDS ***
Desktop775: raises $3 to $6
boumbastic: raises $3 to $9
Desktop775: calls $3
*** FLOP *** [6h Js 6d]
boumbastic: bets $3
Desktop775: calls $3
*** TURN *** [6h Js 6d] [3d]
boumbastic: bets $6
Desktop775: folds
Uncalled bet ($6) returned to boumbastic
boumbastic collected $23.52 from pot
boumbastic: doesn't show hand
*** SUMMARY ***
Total pot $24 | Rake $0.48
Board [6h Js 6d 3d]
Seat 1: boumbastic (big blind) collected ($23.52)
Seat 2: Desktop775 (button) (small blind) folded on the Turn


PokerStars Hand #146368933924:  Hold'em Limit ($3/$6 USD) - 2016/01/02 22:51:21 ET
Table 'Wallenquist' 2-max Seat #1 is the button
Seat 1: boumbastic ($390.38 in chips)
Seat 2: Desktop775 ($346.03 in chips)
boumbastic: posts small blind $1
Desktop775: posts big blind $3
*** HOLE CARDS ***
boumbastic: raises $3 to $6
Desktop775: raises $3 to $9
boumbastic: calls $3
*** FLOP *** [5c Ad 2c]
Desktop775: bets $3
boumbastic: calls $3
*** TURN *** [5c Ad 2c] [3d]
Desktop775: bets $6
boumbastic: raises $6 to $12
Desktop775: folds
Uncalled bet ($6) returned to boumbastic
boumbastic collected $35.50 from pot
boumbastic: doesn't show hand
*** SUMMARY ***
Total pot $36 | Rake $0.50
Board [5c Ad 2c 3d]
Seat 1: boumbastic (button) (small blind) collected ($35.50)
Seat 2: Desktop775 (big blind) folded on the Turn


PokerStars Hand #146368911925:  Hold'em Limit ($3/$6 USD) - 2016/01/02 22:50:26 ET
Table 'Wallenquist' 2-max Seat #2 is the button
Seat 1: boumbastic ($380.88 in chips)
Seat 2: Desktop775 ($356.53 in chips)
Desktop775: posts small blind $1
boumbastic: posts big blind $3
*** HOLE CARDS ***
Desktop775: raises $3 to $6
boumbastic: raises $3 to $9
Desktop775: calls $3
*** FLOP *** [9c 7d Ts]
boumbastic: bets $3
Desktop775: calls $3
*** TURN *** [9c 7d Ts] [Js]
boumbastic: bets $6
Desktop775: calls $6
*** RIVER *** [9c 7d Ts Js] [2c]
boumbastic: checks
Desktop775: bets $6
boumbastic: calls $6
*** SHOW DOWN ***
Desktop775: shows [9d Ah] (a pair of Nines)
boumbastic: mucks hand
Desktop775 collected $47.50 from pot
*** SUMMARY ***
Total pot $48 | Rake $0.50
Board [9c 7d Ts Js 2c]
Seat 1: boumbastic (big blind) mucked
Seat 2: Desktop775 (button) (small blind) showed [9d Ah] and won ($47.50) with a pair of Nines


PokerStars Hand #146368931551:  Hold'em Limit ($3/$6 USD) - 2016/01/02 22:51:15 ET
Table 'Wallenquist' 2-max Seat #2 is the button
Seat 1: boumbastic ($389.38 in chips)
Seat 2: Desktop775 ($347.03 in chips)
Desktop775: posts small blind $1
boumbastic: posts big blind $3
*** HOLE CARDS ***
Desktop775: folds
Uncalled bet ($2) returned to boumbastic
boumbastic collected $2 from pot
boumbastic: doesn't show hand
*** SUMMARY ***
Total pot $2 | Rake $0
Seat 1: boumbastic (big blind) collected ($2)
Seat 2: Desktop775 (button) (small blind) folded before Flop


PokerStars Hand #146368920170:  Hold'em Limit ($3/$6 USD) - 2016/01/02 22:50:47 ET
Table 'Wallenquist' 2-max Seat #1 is the button
Seat 1: boumbastic ($356.88 in chips)
Seat 2: Desktop775 ($380.03 in chips)
boumbastic: posts small blind $1
Desktop775: posts big blind $3
*** HOLE CARDS ***
boumbastic: raises $3 to $6
Desktop775: calls $3
*** FLOP *** [Kh 8d Th]
Desktop775: checks
boumbastic: bets $3
Desktop775: calls $3
*** TURN *** [Kh 8d Th] [2h]
Desktop775: checks
boumbastic: bets $6
Desktop775: raises $6 to $12
boumbastic: raises $6 to $18
Desktop775: calls $6
*** RIVER *** [Kh 8d Th 2h] [8h]
Desktop775: checks
boumbastic: bets $6
Desktop775: calls $6
*** SHOW DOWN ***
boumbastic: shows [Jh 9h] (a flush, King high)
Desktop775: mucks hand
boumbastic collected $65.50 from pot
*** SUMMARY ***
Total pot $66 | Rake $0.50
Board [Kh 8d Th 2h 8h]
Seat 1: boumbastic (button) (small blind) showed [Jh 9h] and won ($65.50) with a flush, King high
Seat 2: Desktop775 (big blind) mucked


PokerStars Hand #146368950055:  Hold'em Limit ($3/$6 USD) - 2016/01/02 22:52:01 ET
Table 'Wallenquist' 2-max Seat #2 is the button
Seat 1: boumbastic ($395.88 in chips)
Seat 2: Desktop775 ($339.53 in chips)
Desktop775: posts small blind $1
boumbastic: posts big blind $3
*** HOLE CARDS ***
Desktop775: raises $3 to $6
boumbastic: calls $3
*** FLOP *** [Kh 5h Ks]
boumbastic: checks
Desktop775: bets $3
boumbastic: raises $3 to $6
Desktop775: calls $3
*** TURN *** [Kh 5h Ks] [4h]
boumbastic: bets $6
Desktop775: folds
Uncalled bet ($6) returned to boumbastic
boumbastic collected $23.52 from pot
boumbastic: doesn't show hand
*** SUMMARY ***
Total pot $24 | Rake $0.48
Board [Kh 5h Ks 4h]
Seat 1: boumbastic (big blind) collected ($23.52)
Seat 2: Desktop775 (button) (small blind) folded on the Turn


PokerStars Hand #146368956505:  Hold'em Limit ($3/$6 USD) - 2016/01/02 22:52:17 ET
Table 'Wallenquist' 2-max Seat #1 is the button
Seat 1: boumbastic ($407.40 in chips)
Seat 2: Desktop775 ($327.53 in chips)
boumbastic: posts small blind $1
Desktop775: posts big blind $3
*** HOLE CARDS ***
boumbastic: raises $3 to $6
Desktop775: calls $3
*** FLOP *** [7d Ks 3s]
Desktop775: checks
boumbastic: bets $3
Desktop775: calls $3
*** TURN *** [7d Ks 3s] [2s]
Desktop775: checks
boumbastic: bets $6
Desktop775: calls $6
*** RIVER *** [7d Ks 3s 2s] [Kh]
Desktop775: checks
boumbastic: bets $6
Desktop775: calls $6
*** SHOW DOWN ***
boumbastic: shows [6h 3c] (two pair, Kings and Threes)
Desktop775: mucks hand
boumbastic collected $41.50 from pot
*** SUMMARY ***
Total pot $42 | Rake $0.50
Board [7d Ks 3s 2s Kh]
Seat 1: boumbastic (button) (small blind) showed [6h 3c] and won ($41.50) with two pair, Kings and Threes
Seat 2: Desktop775 (big blind) mucked


PokerStars Hand #146368947508:  Hold'em Limit ($3/$6 USD) - 2016/01/02 22:51:55 ET
Table 'Wallenquist' 2-max Seat #1 is the button
Seat 1: boumbastic ($392.88 in chips)
Seat 2: Desktop775 ($342.53 in chips)
boumbastic: posts small blind $1
Desktop775: posts big blind $3
*** HOLE CARDS ***
boumbastic: raises $3 to $6
Desktop775: folds
Uncalled bet ($3) returned to boumbastic
boumbastic collected $6 from pot
boumbastic: doesn't show hand
*** SUMMARY ***
Total pot $6 | Rake $0
Seat 1: boumbastic (button) (small blind) collected ($6)
Seat 2: Desktop775 (big blind) folded before Flop


PokerStars Hand #146368941019:  Hold'em Limit ($3/$6 USD) - 2016/01/02 22:51:39 ET
Table 'Wallenquist' 2-max Seat #2 is the button
Seat 1: boumbastic ($407.88 in chips)
Seat 2: Desktop775 ($328.03 in chips)
Desktop775: posts small blind $1
boumbastic: posts big blind $3
*** HOLE CARDS ***
Desktop775: raises $3 to $6
boumbastic: calls $3
*** FLOP *** [6h Kh Ah]
boumbastic: checks
Desktop775: bets $3
boumbastic: calls $3
*** TURN *** [6h Kh Ah] [Jc]
boumbastic: checks
Desktop775: checks
*** RIVER *** [6h Kh Ah Jc] [Ks]
boumbastic: bets $6
Desktop775: calls $6
*** SHOW DOWN ***
boumbastic: shows [4s 2h] (a pair of Kings)
Desktop775: shows [Qd 2s] (a pair of Kings - Ace+Queen kicker)
Desktop775 collected $29.50 from pot
*** SUMMARY ***
Total pot $30 | Rake $0.50
Board [6h Kh Ah Jc Ks]
Seat 1: boumbastic (big blind) showed [4s 2h] and lost with a pair of Kings
Seat 2: Desktop775 (button) (small blind) showed [Qd 2s] and won ($29.50) with a pair of Kings


PokerStars Hand #146368966621:  Hold'em Limit ($3/$6 USD) - 2016/01/02 22:52:42 ET
Table 'Wallenquist' 2-max Seat #2 is the button
Seat 1: boumbastic ($427.90 in chips)
Seat 2: Desktop775 ($306.53 in chips)
Desktop775: posts small blind $1
boumbastic: posts big blind $3
*** HOLE CARDS ***
Desktop775: raises $3 to $6
boumbastic: raises $3 to $9
Desktop775: calls $3
*** FLOP *** [3h Qd Jd]
boumbastic: bets $3
Desktop775: raises $3 to $6
boumbastic: calls $3
*** TURN *** [3h Qd Jd] [Ts]
boumbastic is connected
boumbastic: checks
Desktop775: checks
*** RIVER *** [3h Qd Jd Ts] [Ac]
boumbastic: bets $6
Desktop775: raises $6 to $12
boumbastic: calls $6
*** SHOW DOWN ***
Desktop775: shows [8s Kh] (a straight, Ten to Ace)
boumbastic: mucks hand
Desktop775 collected $53.50 from pot
*** SUMMARY ***
Total pot $54 | Rake $0.50
Board [3h Qd Jd Ts Ac]
Seat 1: boumbastic (big blind) mucked
Seat 2: Desktop775 (button) (small blind) showed [8s Kh] and won ($53.50) with a straight, Ten to Ace


PokerStars Hand #146368994221:  Hold'em Limit ($3/$6 USD) - 2016/01/02 22:53:51 ET
Table 'Wallenquist' 2-max Seat #2 is the button
Seat 1: boumbastic ($391.90 in chips)
Seat 2: Desktop775 ($341.67 in chips)
Desktop775: posts small blind $1
boumbastic: posts big blind $3
*** HOLE CARDS ***
Desktop775: raises $3 to $6
boumbastic: calls $3
*** FLOP *** [6s 3d Ts]
boumbastic: checks
Desktop775: bets $3
boumbastic: calls $3
*** TURN *** [6s 3d Ts] [5s]
boumbastic: checks
Desktop775: bets $6
boumbastic: raises $6 to $12
Desktop775: calls $6
*** RIVER *** [6s 3d Ts 5s] [8h]
boumbastic: bets $6
Desktop775: calls $6
*** SHOW DOWN ***
boumbastic: shows [Qs 2d] (high card Queen)
Desktop775: shows [Ac 5c] (a pair of Fives)
Desktop775 collected $53.50 from pot
*** SUMMARY ***
Total pot $54 | Rake $0.50
Board [6s 3d Ts 5s 8h]
Seat 1: boumbastic (big blind) showed [Qs 2d] and lost with high card Queen
Seat 2: Desktop775 (button) (small blind) showed [Ac 5c] and won ($53.50) with a pair of Fives


PokerStars Hand #146369013351:  Hold'em Limit ($3/$6 USD) - 2016/01/02 22:54:39 ET
Table 'Wallenquist' 2-max Seat #2 is the button
Seat 1: boumbastic ($388.40 in chips)
Seat 2: Desktop775 ($344.17 in chips)
Desktop775: posts small blind $1
boumbastic: posts big blind $3
*** HOLE CARDS ***
Desktop775: folds
Uncalled bet ($2) returned to boumbastic
boumbastic collected $2 from pot
boumbastic: doesn't show hand
*** SUMMARY ***
Total pot $2 | Rake $0
Seat 1: boumbastic (big blind) collected ($2)
Seat 2: Desktop775 (button) (small blind) folded before Flop


PokerStars Hand #146369002506:  Hold'em Limit ($3/$6 USD) - 2016/01/02 22:54:12 ET
Table 'Wallenquist' 2-max Seat #1 is the button
Seat 1: boumbastic ($364.90 in chips)
Seat 2: Desktop775 ($368.17 in chips)
boumbastic: posts small blind $1
Desktop775: posts big blind $3
*** HOLE CARDS ***
boumbastic: raises $3 to $6
Desktop775: raises $3 to $9
boumbastic: calls $3
*** FLOP *** [3d 7h Tc]
Desktop775: checks
boumbastic: bets $3
Desktop775: calls $3
*** TURN *** [3d 7h Tc] [3h]
Desktop775: checks
boumbastic: bets $6
Desktop775: calls $6
*** RIVER *** [3d 7h Tc 3h] [2s]
Desktop775: checks
boumbastic: bets $6
Desktop775: calls $6
*** SHOW DOWN ***
boumbastic: shows [Ts 7d] (two pair, Tens and Sevens)
Desktop775: mucks hand
boumbastic collected $47.50 from pot
*** SUMMARY ***
Total pot $48 | Rake $0.50
Board [3d 7h Tc 3h 2s]
Seat 1: boumbastic (button) (small blind) showed [Ts 7d] and won ($47.50) with two pair, Tens and Sevens
Seat 2: Desktop775 (big blind) mucked


PokerStars Hand #146368987210:  Hold'em Limit ($3/$6 USD) - 2016/01/02 22:53:34 ET
Table 'Wallenquist' 2-max Seat #1 is the button
Seat 1: boumbastic ($400.90 in chips)
Seat 2: Desktop775 ($333.03 in chips)
boumbastic: posts small blind $1
Desktop775: posts big blind $3
*** HOLE CARDS ***
boumbastic: raises $3 to $6
Desktop775: calls $3
*** FLOP *** [Ad 8d 7h]
Desktop775: checks
boumbastic: bets $3
Desktop775: calls $3
*** TURN *** [Ad 8d 7h] [4c]
Desktop775: checks
boumbastic: checks
*** RIVER *** [Ad 8d 7h 4c] [9s]
Desktop775: bets $6
boumbastic: folds
Uncalled bet ($6) returned to Desktop775
Desktop775 collected $17.64 from pot
Desktop775: doesn't show hand
*** SUMMARY ***
Total pot $18 | Rake $0.36
Board [Ad 8d 7h 4c 9s]
Seat 1: boumbastic (button) (small blind) folded on the River
Seat 2: Desktop775 (big blind) collected ($17.64)


PokerStars Hand #146369022751:  Hold'em Limit ($3/$6 USD) - 2016/01/02 22:55:03 ET
Table 'Wallenquist' 2-max Seat #2 is the button
Seat 1: boumbastic ($398.04 in chips)
Seat 2: Desktop775 ($334.17 in chips)
Desktop775: posts small blind $1
boumbastic: posts big blind $3
*** HOLE CARDS ***
Desktop775: folds
Uncalled bet ($2) returned to boumbastic
boumbastic collected $2 from pot
boumbastic: doesn't show hand
*** SUMMARY ***
Total pot $2 | Rake $0
Seat 1: boumbastic (big blind) collected ($2)
Seat 2: Desktop775 (button) (small blind) folded before Flop


PokerStars Hand #146369024659:  Hold'em Limit ($3/$6 USD) - 2016/01/02 22:55:08 ET
Table 'Wallenquist' 2-max Seat #1 is the button
Seat 1: boumbastic ($399.04 in chips)
Seat 2: Desktop775 ($333.17 in chips)
boumbastic: posts small blind $1
Desktop775: posts big blind $3
*** HOLE CARDS ***
boumbastic: raises $3 to $6
Desktop775: raises $3 to $9
boumbastic: calls $3
*** FLOP *** [8d Ac Ks]
Desktop775: bets $3
boumbastic: folds
Uncalled bet ($3) returned to Desktop775
Desktop775 collected $17.64 from pot
Desktop775: doesn't show hand
*** SUMMARY ***
Total pot $18 | Rake $0.36
Board [8d Ac Ks]
Seat 1: boumbastic (button) (small blind) folded on the Flop
Seat 2: Desktop775 (big blind) collected ($17.64)


PokerStars Hand #146369015312:  Hold'em Limit ($3/$6 USD) - 2016/01/02 22:54:44 ET
Table 'Wallenquist' 2-max Seat #1 is the button
Seat 1: boumbastic ($389.40 in chips)
Seat 2: Desktop775 ($343.17 in chips)
boumbastic: posts small blind $1
Desktop775: posts big blind $3
*** HOLE CARDS ***
boumbastic: raises $3 to $6
Desktop775: calls $3
*** FLOP *** [4c 8h Kd]
Desktop775: checks
boumbastic: bets $3
Desktop775: calls $3
*** TURN *** [4c 8h Kd] [9d]
Desktop775: checks
boumbastic: checks
*** RIVER *** [4c 8h Kd 9d] [Td]
Desktop775: checks
boumbastic: checks
*** SHOW DOWN ***
Desktop775: shows [2c Qs] (high card King)
boumbastic: shows [As 5c] (high card Ace)
boumbastic collected $17.64 from pot
*** SUMMARY ***
Total pot $18 | Rake $0.36
Board [4c 8h Kd 9d Td]
Seat 1: boumbastic (button) (small blind) showed [As 5c] and won ($17.64) with high card Ace
Seat 2: Desktop775 (big blind) showed [2c Qs] and lost with high card King


PokerStars Hand #146369040158:  Hold'em Limit ($3/$6 USD) - 2016/01/02 22:55:53 ET
Table 'Wallenquist' 2-max Seat #2 is the button
Seat 1: boumbastic ($410.54 in chips)
Seat 2: Desktop775 ($320.81 in chips)
Desktop775: posts small blind $1
boumbastic: posts big blind $3
*** HOLE CARDS ***
Desktop775: raises $3 to $6
boumbastic: calls $3
*** FLOP *** [3c Qd Tc]
boumbastic: checks
Desktop775: bets $3
boumbastic: raises $3 to $6
Desktop775: calls $3
*** TURN *** [3c Qd Tc] [2c]
boumbastic: bets $6
Desktop775: raises $6 to $12
boumbastic: raises $6 to $18
Desktop775: calls $6
*** RIVER *** [3c Qd Tc 2c] [Jd]
boumbastic: bets $6
Desktop775: calls $6
*** SHOW DOWN ***
boumbastic: shows [Qc 3s] (two pair, Queens and Threes)
Desktop775: mucks hand
boumbastic collected $71.50 from pot
*** SUMMARY ***
Total pot $72 | Rake $0.50
Board [3c Qd Tc 2c Jd]
Seat 1: boumbastic (big blind) showed [Qc 3s] and won ($71.50) with two pair, Queens and Threes
Seat 2: Desktop775 (button) (small blind) mucked


PokerStars Hand #146369048083:  Hold'em Limit ($3/$6 USD) - 2016/01/02 22:56:16 ET
Table 'Wallenquist' 2-max Seat #1 is the button
Seat 1: boumbastic ($446.04 in chips)
Seat 2: Desktop775 ($284.81 in chips)
boumbastic: posts small blind $1
Desktop775: posts big blind $3
*** HOLE CARDS ***
boumbastic: raises $3 to $6
Desktop775: raises $3 to $9
boumbastic: calls $3
*** FLOP *** [5h Kc Qc]
Desktop775: bets $3
boumbastic: calls $3
*** TURN *** [5h Kc Qc] [Td]
Desktop775: checks
boumbastic: bets $6
Desktop775: calls $6
*** RIVER *** [5h Kc Qc Td] [6c]
Desktop775: checks
boumbastic: bets $6
Desktop775: calls $6
*** SHOW DOWN ***
boumbastic: shows [Jd Js] (a pair of Jacks)
Desktop775: mucks hand
boumbastic collected $47.50 from pot
*** SUMMARY ***
Total pot $48 | Rake $0.50
Board [5h Kc Qc Td 6c]
Seat 1: boumbastic (button) (small blind) showed [Jd Js] and won ($47.50) with a pair of Jacks
Seat 2: Desktop775 (big blind) mucked


PokerStars Hand #146369028268:  Hold'em Limit ($3/$6 USD) - 2016/01/02 22:55:18 ET
Table 'Wallenquist' 2-max Seat #2 is the button
Seat 1: boumbastic ($390.04 in chips)
Seat 2: Desktop775 ($341.81 in chips)
Desktop775: posts small blind $1
boumbastic: posts big blind $3
*** HOLE CARDS ***
Desktop775: raises $3 to $6
boumbastic: raises $3 to $9
Desktop775: calls $3
*** FLOP *** [Qh 9s 8s]
boumbastic: bets $3
Desktop775: calls $3
*** TURN *** [Qh 9s 8s] [5s]
boumbastic: bets $6
Desktop775: calls $6
*** RIVER *** [Qh 9s 8s 5s] [Ts]
boumbastic: checks
Desktop775: checks
*** SHOW DOWN ***
boumbastic: shows [3d 3c] (a pair of Threes)
Desktop775: mucks hand
boumbastic collected $35.50 from pot
*** SUMMARY ***
Total pot $36 | Rake $0.50
Board [Qh 9s 8s 5s Ts]
Seat 1: boumbastic (big blind) showed [3d 3c] and won ($35.50) with a pair of Threes
Seat 2: Desktop775 (button) (small blind) mucked


PokerStars Hand #146369058670:  Hold'em Limit ($3/$6 USD) - 2016/01/02 22:56:45 ET
Table 'Wallenquist' 2-max Seat #1 is the button
Seat 1: boumbastic ($470.54 in chips)
Seat 2: Desktop775 ($259.81 in chips)
boumbastic: posts small blind $1
Desktop775: posts big blind $3
*** HOLE CARDS ***
boumbastic: raises $3 to $6
Desktop775: calls $3
*** FLOP *** [Js 9d 7s]
Desktop775: checks
boumbastic: bets $3
Desktop775: raises $3 to $6
boumbastic: calls $3
*** TURN *** [Js 9d 7s] [Ts]
Desktop775: bets $6
boumbastic: raises $6 to $12
Desktop775: calls $6
*** RIVER *** [Js 9d 7s Ts] [4s]
Desktop775: checks
boumbastic: bets $6
Desktop775: calls $6
*** SHOW DOWN ***
boumbastic: shows [9c Ks] (a flush, King high)
Desktop775: mucks hand
boumbastic collected $59.50 from pot
*** SUMMARY ***
Total pot $60 | Rake $0.50
Board [Js 9d 7s Ts 4s]
Seat 1: boumbastic (button) (small blind) showed [9c Ks] and won ($59.50) with a flush, King high
Seat 2: Desktop775 (big blind) mucked


PokerStars Hand #146369066960:  Hold'em Limit ($3/$6 USD) - 2016/01/02 22:57:09 ET
Table 'Wallenquist' 2-max Seat #2 is the button
Seat 1: boumbastic ($500.04 in chips)
Seat 2: Desktop775 ($229.81 in chips)
Desktop775: posts small blind $1
boumbastic: posts big blind $3
*** HOLE CARDS ***
Desktop775: raises $3 to $6
boumbastic: raises $3 to $9
Desktop775: calls $3
*** FLOP *** [Ts Td 5d]
boumbastic: bets $3
Desktop775: calls $3
*** TURN *** [Ts Td 5d] [Tc]
boumbastic: bets $6
Desktop775: calls $6
*** RIVER *** [Ts Td 5d Tc] [Ac]
boumbastic: bets $6
Desktop775: calls $6
*** SHOW DOWN ***
boumbastic: shows [Ah Qd] (a full house, Tens full of Aces)
Desktop775: mucks hand
boumbastic collected $47.50 from pot
*** SUMMARY ***
Total pot $48 | Rake $0.50
Board [Ts Td 5d Tc Ac]
Seat 1: boumbastic (big blind) showed [Ah Qd] and won ($47.50) with a full house, Tens full of Aces
Seat 2: Desktop775 (button) (small blind) mucked


PokerStars Hand #146369056683:  Hold'em Limit ($3/$6 USD) - 2016/01/02 22:56:40 ET
Table 'Wallenquist' 2-max Seat #2 is the button
Seat 1: boumbastic ($469.54 in chips)
Seat 2: Desktop775 ($260.81 in chips)
Desktop775: posts small blind $1
boumbastic: posts big blind $3
*** HOLE CARDS ***
Desktop775: folds
Uncalled bet ($2) returned to boumbastic
boumbastic collected $2 from pot
boumbastic: doesn't show hand
*** SUMMARY ***
Total pot $2 | Rake $0
Seat 1: boumbastic (big blind) collected ($2)
Seat 2: Desktop775 (button) (small blind) folded before Flop


PokerStars Hand #146369080673:  Hold'em Limit ($3/$6 USD) - 2016/01/02 22:57:48 ET
Table 'Wallenquist' 2-max Seat #2 is the button
Seat 1: boumbastic ($535.06 in chips)
Seat 2: Desktop775 ($193.81 in chips)
Desktop775: posts small blind $1
boumbastic: posts big blind $3
*** HOLE CARDS ***
Desktop775: raises $3 to $6
boumbastic: calls $3
*** FLOP *** [Ad 9c 2h]
boumbastic: checks
Desktop775: bets $3
boumbastic: calls $3
*** TURN *** [Ad 9c 2h] [Ks]
boumbastic: checks
Desktop775: checks
*** RIVER *** [Ad 9c 2h Ks] [7s]
boumbastic: bets $6
Desktop775: calls $6
*** SHOW DOWN ***
boumbastic: shows [2d 6d] (a pair of Deuces)
Desktop775: mucks hand
boumbastic collected $29.50 from pot
*** SUMMARY ***
Total pot $30 | Rake $0.50
Board [Ad 9c 2h Ks 7s]
Seat 1: boumbastic (big blind) showed [2d 6d] and won ($29.50) with a pair of Deuces
Seat 2: Desktop775 (button) (small blind) mucked


PokerStars Hand #146369094847:  Hold'em Limit ($3/$6 USD) - 2016/01/02 22:58:29 ET
Table 'Wallenquist' 2-max Seat #2 is the button
Seat 1: boumbastic ($573.06 in chips)
Seat 2: Desktop775 ($154.81 in chips)
Desktop775: posts small blind $1
boumbastic: posts big blind $3
*** HOLE CARDS ***
Desktop775: folds
Uncalled bet ($2) returned to boumbastic
boumbastic collected $2 from pot
boumbastic: doesn't show hand
*** SUMMARY ***
Total pot $2 | Rake $0
Seat 1: boumbastic (big blind) collected ($2)
Seat 2: Desktop775 (button) (small blind) folded before Flop


PokerStars Hand #146369087017:  Hold'em Limit ($3/$6 USD) - 2016/01/02 22:58:06 ET
Table 'Wallenquist' 2-max Seat #1 is the button
Seat 1: boumbastic ($549.56 in chips)
Seat 2: Desktop775 ($178.81 in chips)
boumbastic: posts small blind $1
Desktop775: posts big blind $3
*** HOLE CARDS ***
boumbastic: raises $3 to $6
Desktop775: raises $3 to $9
boumbastic: calls $3
*** FLOP *** [Qh 8c 4h]
Desktop775: bets $3
boumbastic: calls $3
*** TURN *** [Qh 8c 4h] [6c]
Desktop775: bets $6
boumbastic: calls $6
*** RIVER *** [Qh 8c 4h 6c] [Ks]
Desktop775: checks
boumbastic: bets $6
Desktop775: calls $6
*** SHOW DOWN ***
boumbastic: shows [5c 8d] (a pair of Eights)
Desktop775: mucks hand
boumbastic collected $47.50 from pot
*** SUMMARY ***
Total pot $48 | Rake $0.50
Board [Qh 8c 4h 6c Ks]
Seat 1: boumbastic (button) (small blind) showed [5c 8d] and won ($47.50) with a pair of Eights
Seat 2: Desktop775 (big blind) mucked


PokerStars Hand #146369096833:  Hold'em Limit ($3/$6 USD) - 2016/01/02 22:58:35 ET
Table 'Wallenquist' 2-max Seat #1 is the button
Seat 1: boumbastic ($574.06 in chips)
Seat 2: Desktop775 ($153.81 in chips)
boumbastic: posts small blind $1
Desktop775: posts big blind $3
*** HOLE CARDS ***
boumbastic: raises $3 to $6
Desktop775: folds
Uncalled bet ($3) returned to boumbastic
boumbastic collected $6 from pot
*** SUMMARY ***
Total pot $6 | Rake $0
Seat 1: boumbastic (button) (small blind) collected ($6)
Seat 2: Desktop775 (big blind) folded before Flop


PokerStars Hand #146369073995:  Hold'em Limit ($3/$6 USD) - 2016/01/02 22:57:29 ET
Table 'Wallenquist' 2-max Seat #1 is the button
Seat 1: boumbastic ($523.54 in chips)
Seat 2: Desktop775 ($205.81 in chips)
boumbastic: posts small blind $1
Desktop775: posts big blind $3
*** HOLE CARDS ***
boumbastic: raises $3 to $6
Desktop775: raises $3 to $9
boumbastic: calls $3
*** FLOP *** [9c Jh As]
Desktop775: bets $3
boumbastic: calls $3
*** TURN *** [9c Jh As] [2s]
Desktop775: checks
boumbastic: bets $6
Desktop775: folds
Uncalled bet ($6) returned to boumbastic
boumbastic collected $23.52 from pot
boumbastic: doesn't show hand
*** SUMMARY ***
Total pot $24 | Rake $0.48
Board [9c Jh As 2s]
Seat 1: boumbastic (button) (small blind) collected ($23.52)
Seat 2: Desktop775 (big blind) folded on the Turn


PokerStars Hand #146369099117:  Hold'em Limit ($3/$6 USD) - 2016/01/02 22:58:41 ET
Table 'Wallenquist' 2-max Seat #2 is the button
Seat 1: boumbastic ($577.06 in chips)
Seat 2: Desktop775 ($150.81 in chips)
Desktop775: posts small blind $1
boumbastic: posts big blind $3
*** HOLE CARDS ***
Desktop775: raises $3 to $6
boumbastic: raises $3 to $9
Desktop775: calls $3
*** FLOP *** [5s 5h Qd]
boumbastic: bets $3
Desktop775: calls $3
*** TURN *** [5s 5h Qd] [5d]
boumbastic: bets $6
Desktop775: folds
Uncalled bet ($6) returned to boumbastic
boumbastic collected $23.52 from pot
boumbastic: doesn't show hand
*** SUMMARY ***
Total pot $24 | Rake $0.48
Board [5s 5h Qd 5d]
Seat 1: boumbastic (big blind) collected ($23.52)
Seat 2: Desktop775 (button) (small blind) folded on the Turn


PokerStars Hand #146369104134:  Hold'em Limit ($3/$6 USD) - 2016/01/02 22:58:56 ET
Table 'Wallenquist' 2-max Seat #1 is the button
Seat 1: boumbastic ($588.58 in chips)
Seat 2: Desktop775 ($138.81 in chips)
boumbastic: posts small blind $1
Desktop775: posts big blind $3
*** HOLE CARDS ***
boumbastic: raises $3 to $6
Desktop775: raises $3 to $9
boumbastic: calls $3
*** FLOP *** [Kh Ah Qs]
Desktop775: bets $3
boumbastic: calls $3
*** TURN *** [Kh Ah Qs] [Jh]
Desktop775: bets $6
boumbastic: folds
Uncalled bet ($6) returned to Desktop775
Desktop775 collected $23.52 from pot
Desktop775: doesn't show hand
*** SUMMARY ***
Total pot $24 | Rake $0.48
Board [Kh Ah Qs Jh]
Seat 1: boumbastic (button) (small blind) folded on the Turn
Seat 2: Desktop775 (big blind) collected ($23.52)


PokerStars Hand #146369109627:  Hold'em Limit ($3/$6 USD) - 2016/01/02 22:59:12 ET
Table 'Wallenquist' 2-max Seat #2 is the button
Seat 1: boumbastic ($576.58 in chips)
Seat 2: Desktop775 ($150.33 in chips)
Desktop775: posts small blind $1
boumbastic: posts big blind $3
*** HOLE CARDS ***
Desktop775: folds
Uncalled bet ($2) returned to boumbastic
boumbastic collected $2 from pot
boumbastic: doesn't show hand
*** SUMMARY ***
Total pot $2 | Rake $0
Seat 1: boumbastic (big blind) collected ($2)
Seat 2: Desktop775 (button) (small blind) folded before Flop


PokerStars Hand #146369111473:  Hold'em Limit ($3/$6 USD) - 2016/01/02 22:59:17 ET
Table 'Wallenquist' 2-max Seat #1 is the button
Seat 1: boumbastic ($577.58 in chips)
Seat 2: Desktop775 ($149.33 in chips)
boumbastic: posts small blind $1
Desktop775: posts big blind $3
*** HOLE CARDS ***
boumbastic: raises $3 to $6
Desktop775: calls $3
*** FLOP *** [6s 8h 8d]
Desktop775: checks
boumbastic: bets $3
Desktop775: calls $3
*** TURN *** [6s 8h 8d] [9c]
Desktop775: checks
boumbastic: checks
*** RIVER *** [6s 8h 8d 9c] [As]
Desktop775: bets $6
boumbastic: folds
Uncalled bet ($6) returned to Desktop775
Desktop775 collected $17.64 from pot
Desktop775: doesn't show hand
*** SUMMARY ***
Total pot $18 | Rake $0.36
Board [6s 8h 8d 9c As]
Seat 1: boumbastic (button) (small blind) folded on the River
Seat 2: Desktop775 (big blind) collected ($17.64)


PokerStars Hand #146369117649:  Hold'em Limit ($3/$6 USD) - 2016/01/02 22:59:34 ET
Table 'Wallenquist' 2-max Seat #2 is the button
Seat 1: boumbastic ($568.58 in chips)
Seat 2: Desktop775 ($157.97 in chips)
Desktop775: posts small blind $1
boumbastic: posts big blind $3
*** HOLE CARDS ***
Desktop775: raises $3 to $6
boumbastic: calls $3
*** FLOP *** [Ts 7h 4d]
boumbastic: checks
Desktop775: checks
*** TURN *** [Ts 7h 4d] [2d]
boumbastic: bets $6
Desktop775: calls $6
*** RIVER *** [Ts 7h 4d 2d] [2h]
boumbastic: bets $6
Desktop775: calls $6
*** SHOW DOWN ***
boumbastic: shows [Tc 6h] (two pair, Tens and Deuces)
Desktop775: mucks hand
boumbastic collected $35.50 from pot
*** SUMMARY ***
Total pot $36 | Rake $0.50
Board [Ts 7h 4d 2d 2h]
Seat 1: boumbastic (big blind) showed [Tc 6h] and won ($35.50) with two pair, Tens and Deuces
Seat 2: Desktop775 (button) (small blind) mucked


PokerStars Hand #146369133554:  Hold'em Limit ($3/$6 USD) - 2016/01/02 23:00:19 ET
Table 'Wallenquist' 2-max Seat #2 is the button
Seat 1: boumbastic ($600.60 in chips)
Seat 2: Desktop775 ($124.97 in chips)
Desktop775: posts small blind $1
boumbastic: posts big blind $3
*** HOLE CARDS ***
Desktop775: raises $3 to $6
boumbastic: raises $3 to $9
Desktop775: calls $3
*** FLOP *** [Td Jd Th]
boumbastic: bets $3
Desktop775: calls $3
*** TURN *** [Td Jd Th] [6c]
boumbastic: checks
Desktop775: checks
*** RIVER *** [Td Jd Th 6c] [Ts]
boumbastic: bets $6
Desktop775: calls $6
*** SHOW DOWN ***
boumbastic: shows [7c Ks] (three of a kind, Tens)
Desktop775: mucks hand
boumbastic collected $35.50 from pot
*** SUMMARY ***
Total pot $36 | Rake $0.50
Board [Td Jd Th 6c Ts]
Seat 1: boumbastic (big blind) showed [7c Ks] and won ($35.50) with three of a kind, Tens
Seat 2: Desktop775 (button) (small blind) mucked


PokerStars Hand #146369125243:  Hold'em Limit ($3/$6 USD) - 2016/01/02 22:59:56 ET
Table 'Wallenquist' 2-max Seat #2 is the button
Seat 1: boumbastic ($589.08 in chips)
Seat 2: Desktop775 ($136.97 in chips)
Desktop775: posts small blind $1
boumbastic: posts big blind $3
*** HOLE CARDS ***
Desktop775: raises $3 to $6
boumbastic: calls $3
*** FLOP *** [7h 6h 8s]
boumbastic: checks
Desktop775: checks
*** TURN *** [7h 6h 8s] [Kd]
boumbastic: bets $6
Desktop775: folds
Uncalled bet ($6) returned to boumbastic
boumbastic collected $11.76 from pot
boumbastic: doesn't show hand
*** SUMMARY ***
Total pot $12 | Rake $0.24
Board [7h 6h 8s Kd]
Seat 1: boumbastic (big blind) collected ($11.76)
Seat 2: Desktop775 (button) (small blind) folded on the Turn


PokerStars Hand #146369129799:  Hold'em Limit ($3/$6 USD) - 2016/01/02 23:00:09 ET
Table 'Wallenquist' 2-max Seat #1 is the button
Seat 1: boumbastic ($594.84 in chips)
Seat 2: Desktop775 ($130.97 in chips)
boumbastic: posts small blind $1
Desktop775: posts big blind $3
*** HOLE CARDS ***
boumbastic: raises $3 to $6
Desktop775: calls $3
*** FLOP *** [7h Ks Jc]
Desktop775: checks
boumbastic: bets $3
Desktop775: folds
Uncalled bet ($3) returned to boumbastic
boumbastic collected $11.76 from pot
boumbastic: doesn't show hand
*** SUMMARY ***
Total pot $12 | Rake $0.24
Board [7h Ks Jc]
Seat 1: boumbastic (button) (small blind) collected ($11.76)
Seat 2: Desktop775 (big blind) folded on the Flop


PokerStars Hand #146369141119:  Hold'em Limit ($3/$6 USD) - 2016/01/02 23:00:40 ET
Table 'Wallenquist' 2-max Seat #1 is the button
Seat 1: boumbastic ($618.10 in chips)
Seat 2: Desktop775 ($106.97 in chips)
boumbastic: posts small blind $1
Desktop775: posts big blind $3
*** HOLE CARDS ***
boumbastic: raises $3 to $6
Desktop775: raises $3 to $9
boumbastic: calls $3
*** FLOP *** [7c 8s 4c]
Desktop775: checks
boumbastic: checks
*** TURN *** [7c 8s 4c] [6d]
Desktop775: checks
boumbastic: checks
*** RIVER *** [7c 8s 4c 6d] [Qd]
Desktop775: bets $6
boumbastic: folds
Uncalled bet ($6) returned to Desktop775
Desktop775 collected $17.64 from pot
Desktop775: doesn't show hand
*** SUMMARY ***
Total pot $18 | Rake $0.36
Board [7c 8s 4c 6d Qd]
Seat 1: boumbastic (button) (small blind) folded on the River
Seat 2: Desktop775 (big blind) collected ($17.64)


PokerStars Hand #146369147877:  Hold'em Limit ($3/$6 USD) - 2016/01/02 23:00:58 ET
Table 'Wallenquist' 2-max Seat #2 is the button
Seat 1: boumbastic ($609.10 in chips)
Seat 2: Desktop775 ($115.61 in chips)
Desktop775: posts small blind $1
boumbastic: posts big blind $3
*** HOLE CARDS ***
Desktop775: raises $3 to $6
boumbastic: calls $3
*** FLOP *** [Js 7h 8h]
boumbastic: checks
Desktop775: bets $3
boumbastic: calls $3
*** TURN *** [Js 7h 8h] [5s]
boumbastic: checks
Desktop775: bets $6
boumbastic: calls $6
*** RIVER *** [Js 7h 8h 5s] [Kh]
boumbastic: checks
Desktop775: bets $6
boumbastic: raises $6 to $12
Desktop775: calls $6
*** SHOW DOWN ***
boumbastic: shows [6c Kd] (a pair of Kings)
Desktop775: shows [Jc 7c] (two pair, Jacks and Sevens)
Desktop775 collected $53.50 from pot
*** SUMMARY ***
Total pot $54 | Rake $0.50
Board [Js 7h 8h 5s Kh]
Seat 1: boumbastic (big blind) showed [6c Kd] and lost with a pair of Kings
Seat 2: Desktop775 (button) (small blind) showed [Jc 7c] and won ($53.50) with two pair, Jacks and Sevens


PokerStars Hand #146369182002:  Hold'em Limit ($3/$6 USD) - 2016/01/02 23:02:26 ET
Table 'Wallenquist' 2-max Seat #1 is the button
Seat 1: boumbastic ($617.12 in chips)
Seat 2: Desktop775 ($105.75 in chips)
boumbastic: posts small blind $1
Desktop775: posts big blind $3
*** HOLE CARDS ***
boumbastic: raises $3 to $6
Desktop775: folds
Uncalled bet ($3) returned to boumbastic
boumbastic collected $6 from pot
boumbastic: doesn't show hand
*** SUMMARY ***
Total pot $6 | Rake $0
Seat 1: boumbastic (button) (small blind) collected ($6)
Seat 2: Desktop775 (big blind) folded before Flop


PokerStars Hand #146369176275:  Hold'em Limit ($3/$6 USD) - 2016/01/02 23:02:11 ET
Table 'Wallenquist' 2-max Seat #2 is the button
Seat 1: boumbastic ($626.12 in chips)
Seat 2: Desktop775 ($97.11 in chips)
Desktop775: posts small blind $1
boumbastic: posts big blind $3
*** HOLE CARDS ***
Desktop775: raises $3 to $6
boumbastic: calls $3
*** FLOP *** [Ks Ts 3d]
boumbastic: checks
Desktop775: bets $3
boumbastic: calls $3
*** TURN *** [Ks Ts 3d] [2s]
boumbastic: checks
Desktop775: bets $6
boumbastic: folds
Uncalled bet ($6) returned to Desktop775
Desktop775 collected $17.64 from pot
Desktop775: doesn't show hand
*** SUMMARY ***
Total pot $18 | Rake $0.36
Board [Ks Ts 3d 2s]
Seat 1: boumbastic (big blind) folded on the Turn
Seat 2: Desktop775 (button) (small blind) collected ($17.64)


PokerStars Hand #146369157801:  Hold'em Limit ($3/$6 USD) - 2016/01/02 23:01:24 ET
Table 'Wallenquist' 2-max Seat #1 is the button
Seat 1: boumbastic ($582.10 in chips)
Seat 2: Desktop775 ($142.11 in chips)
boumbastic: posts small blind $1
Desktop775: posts big blind $3
*** HOLE CARDS ***
boumbastic: raises $3 to $6
Desktop775: calls $3
*** FLOP *** [Qc 4d 5c]
Desktop775: checks
boumbastic: bets $3
Desktop775: raises $3 to $6
boumbastic: calls $3
*** TURN *** [Qc 4d 5c] [Jc]
Desktop775: bets $6
boumbastic: raises $6 to $12
Desktop775: calls $6
*** RIVER *** [Qc 4d 5c Jc] [9d]
Desktop775: checks
boumbastic: bets $6
Desktop775: calls $6
*** SHOW DOWN ***
boumbastic: shows [9c 9h] (three of a kind, Nines)
Desktop775: mucks hand
boumbastic collected $59.50 from pot
*** SUMMARY ***
Total pot $60 | Rake $0.50
Board [Qc 4d 5c Jc 9d]
Seat 1: boumbastic (button) (small blind) showed [9c 9h] and won ($59.50) with three of a kind, Nines
Seat 2: Desktop775 (big blind) mucked


PokerStars Hand #146369167389:  Hold'em Limit ($3/$6 USD) - 2016/01/02 23:01:48 ET
Table 'Wallenquist' 2-max Seat #2 is the button
Seat 1: boumbastic ($611.60 in chips)
Seat 2: Desktop775 ($112.11 in chips)
Desktop775: posts small blind $1
boumbastic: posts big blind $3
*** HOLE CARDS ***
Desktop775: raises $3 to $6
boumbastic: raises $3 to $9
Desktop775: calls $3
*** FLOP *** [2c Js Kc]
boumbastic: bets $3
Desktop775: calls $3
*** TURN *** [2c Js Kc] [9c]
boumbastic: bets $6
Desktop775: folds
Uncalled bet ($6) returned to boumbastic
boumbastic collected $23.52 from pot
boumbastic: doesn't show hand
*** SUMMARY ***
Total pot $24 | Rake $0.48
Board [2c Js Kc 9c]
Seat 1: boumbastic (big blind) collected ($23.52)
Seat 2: Desktop775 (button) (small blind) folded on the Turn


PokerStars Hand #146369191351:  Hold'em Limit ($3/$6 USD) - 2016/01/02 23:02:50 ET
Table 'Wallenquist' 2-max Seat #1 is the button
Seat 1: boumbastic ($619.87 in chips)
Seat 2: Desktop775 ($102.50 in chips)
boumbastic: posts small blind $1
Desktop775: posts big blind $3
*** HOLE CARDS ***
boumbastic: raises $3 to $6
Desktop775: calls $3
*** FLOP *** [Qh 2d 4c]
Desktop775: checks
boumbastic is connected
boumbastic: bets $3
Desktop775: raises $3 to $6
boumbastic: calls $3
*** TURN *** [Qh 2d 4c] [7h]
Desktop775: bets $6
boumbastic: folds
Uncalled bet ($6) returned to Desktop775
Desktop775 collected $23.52 from pot
Desktop775: doesn't show hand
*** SUMMARY ***
Total pot $24 | Rake $0.48
Board [Qh 2d 4c 7h]
Seat 1: boumbastic (button) (small blind) folded on the Turn
Seat 2: Desktop775 (big blind) collected ($23.52)


PokerStars Hand #146369184214:  Hold'em Limit ($3/$6 USD) - 2016/01/02 23:02:32 ET
Table 'Wallenquist' 2-max Seat #2 is the button
Seat 1: boumbastic ($620.12 in chips)
Seat 2: Desktop775 ($102.75 in chips)
Desktop775: posts small blind $1
boumbastic: posts big blind $3
*** HOLE CARDS ***
Desktop775: raises $3 to $6
boumbastic: raises $3 to $9
Desktop775: calls $3
*** FLOP *** [2s 4c Kd]
boumbastic: bets $3
Desktop775: calls $3
*** TURN *** [2s 4c Kd] [6h]
boumbastic: bets $6
Desktop775: calls $6
*** RIVER *** [2s 4c Kd 6h] [Qs]
boumbastic: bets $6
Desktop775: calls $6
*** SHOW DOWN ***
boumbastic: shows [As 7h] (high card Ace)
Desktop775: shows [7s Ac] (high card Ace)
boumbastic collected $23.75 from pot
Desktop775 collected $23.75 from pot
*** SUMMARY ***
Total pot $48 | Rake $0.50
Board [2s 4c Kd 6h Qs]
Seat 1: boumbastic (big blind) showed [As 7h] and won ($23.75) with high card Ace
Seat 2: Desktop775 (button) (small blind) showed [7s Ac] and won ($23.75) with high card Ace


PokerStars Hand #146369229082:  Hold'em Limit ($3/$6 USD) - 2016/01/02 23:04:26 ET
Table 'Wallenquist' 2-max Seat #1 is the button
Seat 1: boumbastic ($595.13 in chips)
Seat 2: Desktop775 ($125.52 in chips)
boumbastic: posts small blind $1
Desktop775: posts big blind $3
*** HOLE CARDS ***
boumbastic: raises $3 to $6
Desktop775: raises $3 to $9
boumbastic: calls $3
*** FLOP *** [5s Td Th]
Desktop775: bets $3
boumbastic: calls $3
*** TURN *** [5s Td Th] [3h]
Desktop775: bets $6
boumbastic: folds
Uncalled bet ($6) returned to Desktop775
Desktop775 collected $23.52 from pot
Desktop775: doesn't show hand
*** SUMMARY ***
Total pot $24 | Rake $0.48
Board [5s Td Th 3h]
Seat 1: boumbastic (button) (small blind) folded on the Turn
Seat 2: Desktop775 (big blind) collected ($23.52)


PokerStars Hand #146369208880:  Hold'em Limit ($3/$6 USD) - 2016/01/02 23:03:35 ET
Table 'Wallenquist' 2-max Seat #2 is the button
Seat 1: boumbastic ($607.87 in chips)
Seat 2: Desktop775 ($114.02 in chips)
Desktop775: posts small blind $1
boumbastic: posts big blind $3
*** HOLE CARDS ***
Desktop775: raises $3 to $6
boumbastic: raises $3 to $9
Desktop775: calls $3
*** FLOP *** [Ks 3h Jd]
boumbastic: bets $3
Desktop775: raises $3 to $6
boumbastic: calls $3
*** TURN *** [Ks 3h Jd] [9c]
boumbastic: checks
Desktop775: checks
*** RIVER *** [Ks 3h Jd 9c] [5c]
boumbastic: bets $6
Desktop775: calls $6
*** SHOW DOWN ***
boumbastic: shows [Jh 9h] (two pair, Jacks and Nines)
Desktop775: mucks hand
boumbastic collected $41.50 from pot
*** SUMMARY ***
Total pot $42 | Rake $0.50
Board [Ks 3h Jd 9c 5c]
Seat 1: boumbastic (big blind) showed [Jh 9h] and won ($41.50) with two pair, Jacks and Nines
Seat 2: Desktop775 (button) (small blind) mucked


PokerStars Hand #146369216000:  Hold'em Limit ($3/$6 USD) - 2016/01/02 23:03:53 ET
Table 'Wallenquist' 2-max Seat #1 is the button
Seat 1: boumbastic ($628.37 in chips)
Seat 2: Desktop775 ($93.02 in chips)
boumbastic: posts small blind $1
Desktop775: posts big blind $3
*** HOLE CARDS ***
boumbastic: raises $3 to $6
Desktop775: calls $3
*** FLOP *** [Ks 2d 2c]
Desktop775: checks
boumbastic: bets $3
Desktop775: folds
Uncalled bet ($3) returned to boumbastic
boumbastic collected $11.76 from pot
boumbastic: doesn't show hand
*** SUMMARY ***
Total pot $12 | Rake $0.24
Board [Ks 2d 2c]
Seat 1: boumbastic (button) (small blind) collected ($11.76)
Seat 2: Desktop775 (big blind) folded on the Flop


PokerStars Hand #146369220170:  Hold'em Limit ($3/$6 USD) - 2016/01/02 23:04:03 ET
Table 'Wallenquist' 2-max Seat #2 is the button
Seat 1: boumbastic ($634.13 in chips)
Seat 2: Desktop775 ($87.02 in chips)
Desktop775: posts small blind $1
boumbastic: posts big blind $3
*** HOLE CARDS ***
Desktop775: raises $3 to $6
boumbastic: raises $3 to $9
Desktop775: calls $3
*** FLOP *** [5h 7h 6c]
boumbastic: bets $3
Desktop775: raises $3 to $6
boumbastic: calls $3
*** TURN *** [5h 7h 6c] [7s]
boumbastic: checks
Desktop775: bets $6
boumbastic: calls $6
*** RIVER *** [5h 7h 6c 7s] [As]
boumbastic: checks
Desktop775: bets $6
boumbastic: raises $6 to $12
Desktop775: raises $6 to $18
boumbastic: calls $6
*** SHOW DOWN ***
Desktop775: shows [7d 9h] (three of a kind, Sevens)
boumbastic: mucks hand
Desktop775 collected $77.50 from pot
*** SUMMARY ***
Total pot $78 | Rake $0.50
Board [5h 7h 6c 7s As]
Seat 1: boumbastic (big blind) mucked
Seat 2: Desktop775 (button) (small blind) showed [7d 9h] and won ($77.50) with three of a kind, Sevens


PokerStars Hand #146369249822:  Hold'em Limit ($3/$6 USD) - 2016/01/02 23:05:19 ET
Table 'Wallenquist' 2-max Seat #1 is the button
Seat 1: boumbastic ($551.13 in chips)
Seat 2: Desktop775 ($168.18 in chips)
boumbastic: posts small blind $1
Desktop775: posts big blind $3
*** HOLE CARDS ***
boumbastic: raises $3 to $6
Desktop775: calls $3
*** FLOP *** [3h 6c Qc]
Desktop775: checks
boumbastic: bets $3
Desktop775: calls $3
*** TURN *** [3h 6c Qc] [4h]
Desktop775: checks
boumbastic: bets $6
Desktop775: calls $6
*** RIVER *** [3h 6c Qc 4h] [Kd]
Desktop775: checks
boumbastic: bets $6
Desktop775: folds
Uncalled bet ($6) returned to boumbastic
boumbastic collected $29.50 from pot
boumbastic: doesn't show hand
*** SUMMARY ***
Total pot $30 | Rake $0.50
Board [3h 6c Qc 4h Kd]
Seat 1: boumbastic (button) (small blind) collected ($29.50)
Seat 2: Desktop775 (big blind) folded on the River


PokerStars Hand #146369235100:  Hold'em Limit ($3/$6 USD) - 2016/01/02 23:04:41 ET
Table 'Wallenquist' 2-max Seat #2 is the button
Seat 1: boumbastic ($583.13 in chips)
Seat 2: Desktop775 ($137.04 in chips)
Desktop775: posts small blind $1
boumbastic: posts big blind $3
*** HOLE CARDS ***
Desktop775: raises $3 to $6
boumbastic: calls $3
*** FLOP *** [2d Th 5s]
boumbastic: checks
Desktop775: bets $3
boumbastic: calls $3
*** TURN *** [2d Th 5s] [Jd]
boumbastic: checks
Desktop775: bets $6
boumbastic: folds
Uncalled bet ($6) returned to Desktop775
Desktop775 collected $17.64 from pot
Desktop775: doesn't show hand
*** SUMMARY ***
Total pot $18 | Rake $0.36
Board [2d Th 5s Jd]
Seat 1: boumbastic (big blind) folded on the Turn
Seat 2: Desktop775 (button) (small blind) collected ($17.64)


PokerStars Hand #146369240557:  Hold'em Limit ($3/$6 USD) - 2016/01/02 23:04:55 ET
Table 'Wallenquist' 2-max Seat #1 is the button
Seat 1: boumbastic ($574.13 in chips)
Seat 2: Desktop775 ($145.68 in chips)
boumbastic: posts small blind $1
Desktop775: posts big blind $3
*** HOLE CARDS ***
boumbastic: raises $3 to $6
Desktop775: calls $3
*** FLOP *** [Ad Ah 2s]
Desktop775: checks
boumbastic: bets $3
Desktop775: raises $3 to $6
boumbastic: calls $3
*** TURN *** [Ad Ah 2s] [Kh]
Desktop775: bets $6
boumbastic: raises $6 to $12
Desktop775: raises $6 to $18
boumbastic: folds
Uncalled bet ($6) returned to Desktop775
Desktop775 collected $47.50 from pot
Desktop775: doesn't show hand
*** SUMMARY ***
Total pot $48 | Rake $0.50
Board [Ad Ah 2s Kh]
Seat 1: boumbastic (button) (small blind) folded on the Turn
Seat 2: Desktop775 (big blind) collected ($47.50)


PokerStars Hand #146369247869:  Hold'em Limit ($3/$6 USD) - 2016/01/02 23:05:14 ET
Table 'Wallenquist' 2-max Seat #2 is the button
Seat 1: boumbastic ($550.13 in chips)
Seat 2: Desktop775 ($169.18 in chips)
Desktop775: posts small blind $1
boumbastic: posts big blind $3
*** HOLE CARDS ***
Desktop775: folds
Uncalled bet ($2) returned to boumbastic
boumbastic collected $2 from pot
boumbastic: doesn't show hand
*** SUMMARY ***
Total pot $2 | Rake $0
Seat 1: boumbastic (big blind) collected ($2)
Seat 2: Desktop775 (button) (small blind) folded before Flop


PokerStars Hand #146369264844:  Hold'em Limit ($3/$6 USD) - 2016/01/02 23:05:57 ET
Table 'Wallenquist' 2-max Seat #2 is the button
Seat 1: boumbastic ($559.63 in chips)
Seat 2: Desktop775 ($158.82 in chips)
Desktop775: posts small blind $1
boumbastic: posts big blind $3
*** HOLE CARDS ***
Desktop775: folds
Uncalled bet ($2) returned to boumbastic
boumbastic collected $2 from pot
boumbastic: doesn't show hand
*** SUMMARY ***
Total pot $2 | Rake $0
Seat 1: boumbastic (big blind) collected ($2)
Seat 2: Desktop775 (button) (small blind) folded before Flop


PokerStars Hand #146369262359:  Hold'em Limit ($3/$6 USD) - 2016/01/02 23:05:51 ET
Table 'Wallenquist' 2-max Seat #1 is the button
Seat 1: boumbastic ($556.63 in chips)
Seat 2: Desktop775 ($161.82 in chips)
boumbastic: posts small blind $1
Desktop775: posts big blind $3
*** HOLE CARDS ***
boumbastic: raises $3 to $6
Desktop775: folds
Uncalled bet ($3) returned to boumbastic
boumbastic collected $6 from pot
boumbastic: doesn't show hand
*** SUMMARY ***
Total pot $6 | Rake $0
Seat 1: boumbastic (button) (small blind) collected ($6)
Seat 2: Desktop775 (big blind) folded before Flop


PokerStars Hand #146369257432:  Hold'em Limit ($3/$6 USD) - 2016/01/02 23:05:38 ET
Table 'Wallenquist' 2-max Seat #2 is the button
Seat 1: boumbastic ($565.63 in chips)
Seat 2: Desktop775 ($153.18 in chips)
Desktop775: posts small blind $1
boumbastic: posts big blind $3
*** HOLE CARDS ***
Desktop775: raises $3 to $6
boumbastic: calls $3
*** FLOP *** [5h 3h 7c]
boumbastic: checks
Desktop775: bets $3
boumbastic: calls $3
*** TURN *** [5h 3h 7c] [7s]
boumbastic: checks
Desktop775: bets $6
boumbastic: folds
Uncalled bet ($6) returned to Desktop775
Desktop775 collected $17.64 from pot
Desktop775: doesn't show hand
*** SUMMARY ***
Total pot $18 | Rake $0.36
Board [5h 3h 7c 7s]
Seat 1: boumbastic (big blind) folded on the Turn
Seat 2: Desktop775 (button) (small blind) collected ($17.64)


PokerStars Hand #146369273735:  Hold'em Limit ($3/$6 USD) - 2016/01/02 23:06:20 ET
Table 'Wallenquist' 2-max Seat #2 is the button
Seat 1: boumbastic ($545.63 in chips)
Seat 2: Desktop775 ($172.32 in chips)
Desktop775: posts small blind $1
boumbastic: posts big blind $3
*** HOLE CARDS ***
Desktop775: raises $3 to $6
boumbastic: raises $3 to $9
Desktop775: calls $3
*** FLOP *** [3c 8d As]
boumbastic: bets $3
Desktop775: folds
Uncalled bet ($3) returned to boumbastic
boumbastic collected $17.64 from pot
boumbastic: doesn't show hand
*** SUMMARY ***
Total pot $18 | Rake $0.36
Board [3c 8d As]
Seat 1: boumbastic (big blind) collected ($17.64)
Seat 2: Desktop775 (button) (small blind) folded on the Flop


PokerStars Hand #146369278268:  Hold'em Limit ($3/$6 USD) - 2016/01/02 23:06:31 ET
Table 'Wallenquist' 2-max Seat #1 is the button
Seat 1: boumbastic ($554.27 in chips)
Seat 2: Desktop775 ($163.32 in chips)
boumbastic: posts small blind $1
Desktop775: posts big blind $3
*** HOLE CARDS ***
boumbastic: raises $3 to $6
Desktop775: folds
Uncalled bet ($3) returned to boumbastic
boumbastic collected $6 from pot
boumbastic: doesn't show hand
*** SUMMARY ***
Total pot $6 | Rake $0
Seat 1: boumbastic (button) (small blind) collected ($6)
Seat 2: Desktop775 (big blind) folded before Flop


PokerStars Hand #146369266635:  Hold'em Limit ($3/$6 USD) - 2016/01/02 23:06:02 ET
Table 'Wallenquist' 2-max Seat #1 is the button
Seat 1: boumbastic ($560.63 in chips)
Seat 2: Desktop775 ($157.82 in chips)
boumbastic: posts small blind $1
Desktop775: posts big blind $3
*** HOLE CARDS ***
boumbastic: raises $3 to $6
Desktop775: calls $3
*** FLOP *** [Jd 2s Kc]
Desktop775: checks
boumbastic: bets $3
Desktop775: calls $3
*** TURN *** [Jd 2s Kc] [Ah]
Desktop775: checks
boumbastic: bets $6
Desktop775: calls $6
*** RIVER *** [Jd 2s Kc Ah] [Qc]
Desktop775: checks
boumbastic: checks
*** SHOW DOWN ***
Desktop775: shows [4c Qh] (a pair of Queens)
boumbastic: mucks hand
Desktop775 collected $29.50 from pot
*** SUMMARY ***
Total pot $30 | Rake $0.50
Board [Jd 2s Kc Ah Qc]
Seat 1: boumbastic (button) (small blind) mucked
Seat 2: Desktop775 (big blind) showed [4c Qh] and won ($29.50) with a pair of Queens


PokerStars Hand #146369288860:  Hold'em Limit ($3/$6 USD) - 2016/01/02 23:06:59 ET
Table 'Wallenquist' 2-max Seat #1 is the button
Seat 1: boumbastic ($592.77 in chips)
Seat 2: Desktop775 ($124.32 in chips)
boumbastic: posts small blind $1
Desktop775: posts big blind $3
*** HOLE CARDS ***
boumbastic: raises $3 to $6
Desktop775: raises $3 to $9
boumbastic: calls $3
*** FLOP *** [7d 6h Ks]
Desktop775: checks
boumbastic: checks
*** TURN *** [7d 6h Ks] [2c]
Desktop775: bets $6
boumbastic: folds
Uncalled bet ($6) returned to Desktop775
Desktop775 collected $17.64 from pot
Desktop775: doesn't show hand
*** SUMMARY ***
Total pot $18 | Rake $0.36
Board [7d 6h Ks 2c]
Seat 1: boumbastic (button) (small blind) folded on the Turn
Seat 2: Desktop775 (big blind) collected ($17.64)


PokerStars Hand #146369280751:  Hold'em Limit ($3/$6 USD) - 2016/01/02 23:06:38 ET
Table 'Wallenquist' 2-max Seat #2 is the button
Seat 1: boumbastic ($557.27 in chips)
Seat 2: Desktop775 ($160.32 in chips)
Desktop775: posts small blind $1
boumbastic: posts big blind $3
*** HOLE CARDS ***
Desktop775: raises $3 to $6
boumbastic: raises $3 to $9
Desktop775: calls $3
*** FLOP *** [5h 9s 3d]
boumbastic: bets $3
Desktop775: calls $3
*** TURN *** [5h 9s 3d] [Jd]
boumbastic: bets $6
Desktop775: raises $6 to $12
boumbastic: raises $6 to $18
Desktop775: calls $6
*** RIVER *** [5h 9s 3d Jd] [7d]
boumbastic: bets $6
Desktop775: calls $6
*** SHOW DOWN ***
boumbastic: shows [Qs Qd] (a pair of Queens)
Desktop775: mucks hand
boumbastic collected $71.50 from pot
*** SUMMARY ***
Total pot $72 | Rake $0.50
Board [5h 9s 3d Jd 7d]
Seat 1: boumbastic (big blind) showed [Qs Qd] and won ($71.50) with a pair of Queens
Seat 2: Desktop775 (button) (small blind) mucked


PokerStars Hand #146369294689:  Hold'em Limit ($3/$6 USD) - 2016/01/02 23:07:14 ET
Table 'Wallenquist' 2-max Seat #2 is the button
Seat 1: boumbastic ($583.77 in chips)
Seat 2: Desktop775 ($132.96 in chips)
Desktop775: posts small blind $1
boumbastic: posts big blind $3
*** HOLE CARDS ***
Desktop775: raises $3 to $6
boumbastic: raises $3 to $9
Desktop775: calls $3
*** FLOP *** [Qs 8h Jh]
boumbastic: bets $3
Desktop775: calls $3
*** TURN *** [Qs 8h Jh] [6s]
boumbastic: bets $6
Desktop775: folds
Uncalled bet ($6) returned to boumbastic
boumbastic collected $23.52 from pot
boumbastic: doesn't show hand
*** SUMMARY ***
Total pot $24 | Rake $0.48
Board [Qs 8h Jh 6s]
Seat 1: boumbastic (big blind) collected ($23.52)
Seat 2: Desktop775 (button) (small blind) folded on the Turn


PokerStars Hand #146369314141:  Hold'em Limit ($3/$6 USD) - 2016/01/02 23:08:04 ET
Table 'Wallenquist' 2-max Seat #1 is the button
Seat 1: boumbastic ($630.29 in chips)
Seat 2: Desktop775 ($84.96 in chips)
boumbastic: posts small blind $1
Desktop775: posts big blind $3
*** HOLE CARDS ***
boumbastic: raises $3 to $6
Desktop775: raises $3 to $9
boumbastic: calls $3
*** FLOP *** [6h 2h 5s]
Desktop775: checks
boumbastic: checks
*** TURN *** [6h 2h 5s] [Qc]
Desktop775: checks
boumbastic: checks
*** RIVER *** [6h 2h 5s Qc] [5c]
Desktop775: checks
boumbastic: checks
*** SHOW DOWN ***
Desktop775: shows [Js Ks] (a pair of Fives)
boumbastic: mucks hand
Desktop775 collected $17.64 from pot
*** SUMMARY ***
Total pot $18 | Rake $0.36
Board [6h 2h 5s Qc 5c]
Seat 1: boumbastic (button) (small blind) mucked
Seat 2: Desktop775 (big blind) showed [Js Ks] and won ($17.64) with a pair of Fives


PokerStars Hand #146369307933:  Hold'em Limit ($3/$6 USD) - 2016/01/02 23:07:48 ET
Table 'Wallenquist' 2-max Seat #2 is the button
Seat 1: boumbastic ($615.79 in chips)
Seat 2: Desktop775 ($99.96 in chips)
Desktop775: posts small blind $1
boumbastic: posts big blind $3
*** HOLE CARDS ***
Desktop775: raises $3 to $6
boumbastic: calls $3
*** FLOP *** [9h Qc 9c]
boumbastic: checks
Desktop775: bets $3
boumbastic: calls $3
*** TURN *** [9h Qc 9c] [7s]
boumbastic: checks
Desktop775: checks
*** RIVER *** [9h Qc 9c 7s] [Qs]
boumbastic: bets $6
Desktop775: calls $6
*** SHOW DOWN ***
boumbastic: shows [Qd 4s] (a full house, Queens full of Nines)
Desktop775: mucks hand
boumbastic collected $29.50 from pot
*** SUMMARY ***
Total pot $30 | Rake $0.50
Board [9h Qc 9c 7s Qs]
Seat 1: boumbastic (big blind) showed [Qd 4s] and won ($29.50) with a full house, Queens full of Nines
Seat 2: Desktop775 (button) (small blind) mucked


PokerStars Hand #146369300096:  Hold'em Limit ($3/$6 USD) - 2016/01/02 23:07:27 ET
Table 'Wallenquist' 2-max Seat #1 is the button
Seat 1: boumbastic ($595.29 in chips)
Seat 2: Desktop775 ($120.96 in chips)
boumbastic: posts small blind $1
Desktop775: posts big blind $3
*** HOLE CARDS ***
boumbastic: raises $3 to $6
Desktop775: calls $3
*** FLOP *** [9c 4s 4c]
Desktop775: checks
boumbastic: bets $3
Desktop775: calls $3
*** TURN *** [9c 4s 4c] [8s]
Desktop775: checks
boumbastic: bets $6
Desktop775: calls $6
*** RIVER *** [9c 4s 4c 8s] [Qs]
Desktop775: checks
boumbastic: bets $6
Desktop775: calls $6
*** SHOW DOWN ***
boumbastic: shows [8c 6c] (two pair, Eights and Fours)
Desktop775: mucks hand
boumbastic collected $41.50 from pot
*** SUMMARY ***
Total pot $42 | Rake $0.50
Board [9c 4s 4c 8s Qs]
Seat 1: boumbastic (button) (small blind) showed [8c 6c] and won ($41.50) with two pair, Eights and Fours
Seat 2: Desktop775 (big blind) mucked


PokerStars Hand #146369321245:  Hold'em Limit ($3/$6 USD) - 2016/01/02 23:08:23 ET
Table 'Wallenquist' 2-max Seat #2 is the button
Seat 1: boumbastic ($621.29 in chips)
Seat 2: Desktop775 ($93.60 in chips)
Desktop775: posts small blind $1
boumbastic: posts big blind $3
*** HOLE CARDS ***
Desktop775: raises $3 to $6
boumbastic: raises $3 to $9
Desktop775: calls $3
*** FLOP *** [Th 2d 6s]
boumbastic: bets $3
Desktop775: calls $3
*** TURN *** [Th 2d 6s] [2s]
boumbastic: bets $6
Desktop775: folds
Uncalled bet ($6) returned to boumbastic
boumbastic collected $23.52 from pot
boumbastic: doesn't show hand
*** SUMMARY ***
Total pot $24 | Rake $0.48
Board [Th 2d 6s 2s]
Seat 1: boumbastic (big blind) collected ($23.52)
Seat 2: Desktop775 (button) (small blind) folded on the Turn


PokerStars Hand #146369332540:  Hold'em Limit ($3/$6 USD) - 2016/01/02 23:08:52 ET
Table 'Wallenquist' 2-max Seat #2 is the button
Seat 1: boumbastic ($617.81 in chips)
Seat 2: Desktop775 ($96.10 in chips)
Desktop775: posts small blind $1
boumbastic: posts big blind $3
*** HOLE CARDS ***
Desktop775: raises $3 to $6
boumbastic: raises $3 to $9
Desktop775: calls $3
*** FLOP *** [8c Jc 2h]
boumbastic: bets $3
Desktop775: calls $3
*** TURN *** [8c Jc 2h] [8d]
boumbastic: bets $6
Desktop775: calls $6
*** RIVER *** [8c Jc 2h 8d] [2c]
boumbastic: bets $6
Desktop775: calls $6
*** SHOW DOWN ***
boumbastic: shows [Ad 4s] (two pair, Eights and Deuces)
Desktop775: mucks hand
boumbastic collected $47.50 from pot
*** SUMMARY ***
Total pot $48 | Rake $0.50
Board [8c Jc 2h 8d 2c]
Seat 1: boumbastic (big blind) showed [Ad 4s] and won ($47.50) with two pair, Eights and Deuces
Seat 2: Desktop775 (button) (small blind) mucked


PokerStars Hand #146369326392:  Hold'em Limit ($3/$6 USD) - 2016/01/02 23:08:36 ET
Table 'Wallenquist' 2-max Seat #1 is the button
Seat 1: boumbastic ($632.81 in chips)
Seat 2: Desktop775 ($81.60 in chips)
boumbastic: posts small blind $1
Desktop775: posts big blind $3
*** HOLE CARDS ***
boumbastic: raises $3 to $6
Desktop775: raises $3 to $9
boumbastic: calls $3
*** FLOP *** [Qc Ts 4d]
Desktop775: checks
boumbastic: checks
*** TURN *** [Qc Ts 4d] [Tc]
Desktop775: bets $6
boumbastic: calls $6
*** RIVER *** [Qc Ts 4d Tc] [6d]
Desktop775: bets $6
boumbastic: folds
Uncalled bet ($6) returned to Desktop775
Desktop775 collected $29.50 from pot
Desktop775: doesn't show hand
*** SUMMARY ***
Total pot $30 | Rake $0.50
Board [Qc Ts 4d Tc 6d]
Seat 1: boumbastic (button) (small blind) folded on the River
Seat 2: Desktop775 (big blind) collected ($29.50)


PokerStars Hand #146369346941:  Hold'em Limit ($3/$6 USD) - 2016/01/02 23:09:28 ET
Table 'Wallenquist' 2-max Seat #2 is the button
Seat 1: boumbastic ($664.81 in chips)
Seat 2: Desktop775 ($120 in chips)
Desktop775: posts small blind $1
boumbastic: posts big blind $3
*** HOLE CARDS ***
Desktop775: folds
Uncalled bet ($2) returned to boumbastic
boumbastic collected $2 from pot
boumbastic: doesn't show hand
*** SUMMARY ***
Total pot $2 | Rake $0
Seat 1: boumbastic (big blind) collected ($2)
Seat 2: Desktop775 (button) (small blind) folded before Flop


PokerStars Hand #146369339345:  Hold'em Limit ($3/$6 USD) - 2016/01/02 23:09:09 ET
Table 'Wallenquist' 2-max Seat #1 is the button
Seat 1: boumbastic ($641.31 in chips)
Seat 2: Desktop775 ($72.10 in chips)
boumbastic: posts small blind $1
Desktop775: posts big blind $3
*** HOLE CARDS ***
boumbastic: raises $3 to $6
Desktop775: calls $3
*** FLOP *** [8s 8d 6s]
Desktop775: checks
boumbastic: bets $3
Desktop775: raises $3 to $6
boumbastic: calls $3
*** TURN *** [8s 8d 6s] [7d]
Desktop775: bets $6
boumbastic: calls $6
*** RIVER *** [8s 8d 6s 7d] [Qc]
Desktop775: checks
boumbastic: bets $6
Desktop775: calls $6
*** SHOW DOWN ***
boumbastic: shows [Td 6c] (two pair, Eights and Sixes)
Desktop775: mucks hand
boumbastic collected $47.50 from pot
*** SUMMARY ***
Total pot $48 | Rake $0.50
Board [8s 8d 6s 7d Qc]
Seat 1: boumbastic (button) (small blind) showed [Td 6c] and won ($47.50) with two pair, Eights and Sixes
Seat 2: Desktop775 (big blind) mucked


PokerStars Hand #146369360768:  Hold'em Limit ($3/$6 USD) - 2016/01/02 23:10:04 ET
Table 'Wallenquist' 2-max Seat #1 is the button
Seat 1: boumbastic ($677.15 in chips)
Seat 2: Desktop775 ($106.82 in chips)
boumbastic: posts small blind $1
Desktop775: posts big blind $3
*** HOLE CARDS ***
boumbastic: raises $3 to $6
Desktop775: raises $3 to $9
boumbastic: calls $3
*** FLOP *** [5c 4s 6s]
Desktop775: checks
boumbastic: bets $3
Desktop775: calls $3
*** TURN *** [5c 4s 6s] [Tc]
Desktop775: checks
boumbastic: bets $6
Desktop775: calls $6
*** RIVER *** [5c 4s 6s Tc] [3c]
Desktop775: checks
boumbastic: bets $6
Desktop775: calls $6
*** SHOW DOWN ***
boumbastic: shows [Td 8h] (a pair of Tens)
Desktop775: mucks hand
boumbastic collected $47.50 from pot
*** SUMMARY ***
Total pot $48 | Rake $0.50
Board [5c 4s 6s Tc 3c]
Seat 1: boumbastic (button) (small blind) showed [Td 8h] and won ($47.50) with a pair of Tens
Seat 2: Desktop775 (big blind) mucked


PokerStars Hand #146369355218:  Hold'em Limit ($3/$6 USD) - 2016/01/02 23:09:49 ET
Table 'Wallenquist' 2-max Seat #2 is the button
Seat 1: boumbastic ($665.63 in chips)
Seat 2: Desktop775 ($118.82 in chips)
Desktop775: posts small blind $1
boumbastic: posts big blind $3
*** HOLE CARDS ***
Desktop775: raises $3 to $6
boumbastic: calls $3
*** FLOP *** [Ad 7s 7h]
boumbastic: checks
Desktop775: checks
*** TURN *** [Ad 7s 7h] [3h]
boumbastic: bets $6
Desktop775: calls $6
*** RIVER *** [Ad 7s 7h 3h] [6c]
boumbastic: bets $6
Desktop775: folds
Uncalled bet ($6) returned to boumbastic
boumbastic collected $23.52 from pot
boumbastic: doesn't show hand
*** SUMMARY ***
Total pot $24 | Rake $0.48
Board [Ad 7s 7h 3h 6c]
Seat 1: boumbastic (big blind) collected ($23.52)
Seat 2: Desktop775 (button) (small blind) folded on the River


PokerStars Hand #146369348786:  Hold'em Limit ($3/$6 USD) - 2016/01/02 23:09:33 ET
Table 'Wallenquist' 2-max Seat #1 is the button
Seat 1: boumbastic ($665.81 in chips)
Seat 2: Desktop775 ($119 in chips)
boumbastic: posts small blind $1
Desktop775: posts big blind $3
*** HOLE CARDS ***
boumbastic: raises $3 to $6
Desktop775: calls $3
*** FLOP *** [Jc 7d 8d]
Desktop775: checks
boumbastic: bets $3
Desktop775: calls $3
*** TURN *** [Jc 7d 8d] [9s]
Desktop775: checks
boumbastic: checks
*** RIVER *** [Jc 7d 8d 9s] [Ts]
Desktop775: checks
boumbastic: checks
*** SHOW DOWN ***
Desktop775: shows [5c 7h] (a straight, Seven to Jack)
boumbastic: shows [5s Kd] (a straight, Seven to Jack)
Desktop775 collected $8.82 from pot
boumbastic collected $8.82 from pot
*** SUMMARY ***
Total pot $18 | Rake $0.36
Board [Jc 7d 8d 9s Ts]
Seat 1: boumbastic (button) (small blind) showed [5s Kd] and won ($8.82) with a straight, Seven to Jack
Seat 2: Desktop775 (big blind) showed [5c 7h] and won ($8.82) with a straight, Seven to Jack


PokerStars Hand #146369367963:  Hold'em Limit ($3/$6 USD) - 2016/01/02 23:10:23 ET
Table 'Wallenquist' 2-max Seat #2 is the button
Seat 1: boumbastic ($700.65 in chips)
Seat 2: Desktop775 ($82.82 in chips)
Desktop775: posts small blind $1
boumbastic: posts big blind $3
*** HOLE CARDS ***
Desktop775: raises $3 to $6
boumbastic: raises $3 to $9
Desktop775: calls $3
*** FLOP *** [5c 3d 5h]
boumbastic: bets $3
Desktop775: calls $3
*** TURN *** [5c 3d 5h] [Kd]
boumbastic: bets $6
Desktop775: calls $6
*** RIVER *** [5c 3d 5h Kd] [5d]
boumbastic: bets $6
Desktop775: raises $6 to $12
boumbastic: calls $6
*** SHOW DOWN ***
Desktop775: shows [2d 2h] (a full house, Fives full of Deuces)
boumbastic: mucks hand
Desktop775 collected $59.50 from pot
*** SUMMARY ***
Total pot $60 | Rake $0.50
Board [5c 3d 5h Kd 5d]
Seat 1: boumbastic (big blind) mucked
Seat 2: Desktop775 (button) (small blind) showed [2d 2h] and won ($59.50) with a full house, Fives full of Deuces


PokerStars Hand #146369383069:  Hold'em Limit ($3/$6 USD) - 2016/01/02 23:11:03 ET
Table 'Wallenquist' 2-max Seat #2 is the button
Seat 1: boumbastic ($691.15 in chips)
Seat 2: Desktop775 ($91.32 in chips)
Desktop775: posts small blind $1
boumbastic: posts big blind $3
*** HOLE CARDS ***
Desktop775: raises $3 to $6
boumbastic: raises $3 to $9
Desktop775: calls $3
*** FLOP *** [Qd 9h 2s]
boumbastic: bets $3
Desktop775: calls $3
*** TURN *** [Qd 9h 2s] [Ks]
boumbastic: bets $6
Desktop775: raises $6 to $12
boumbastic: raises $6 to $18
Desktop775: calls $6
*** RIVER *** [Qd 9h 2s Ks] [8s]
boumbastic: bets $6
Desktop775: calls $6
*** SHOW DOWN ***
boumbastic: shows [9c 9s] (three of a kind, Nines)
Desktop775: mucks hand
boumbastic collected $71.50 from pot
*** SUMMARY ***
Total pot $72 | Rake $0.50
Board [Qd 9h 2s Ks 8s]
Seat 1: boumbastic (big blind) showed [9c 9s] and won ($71.50) with three of a kind, Nines
Seat 2: Desktop775 (button) (small blind) mucked


PokerStars Hand #146369375182:  Hold'em Limit ($3/$6 USD) - 2016/01/02 23:10:42 ET
Table 'Wallenquist' 2-max Seat #1 is the button
Seat 1: boumbastic ($670.65 in chips)
Seat 2: Desktop775 ($112.32 in chips)
boumbastic: posts small blind $1
Desktop775: posts big blind $3
*** HOLE CARDS ***
boumbastic: raises $3 to $6
Desktop775: calls $3
*** FLOP *** [Ah Td 6h]
Desktop775: checks
boumbastic: bets $3
Desktop775: calls $3
*** TURN *** [Ah Td 6h] [5h]
Desktop775: checks
boumbastic: bets $6
Desktop775: calls $6
*** RIVER *** [Ah Td 6h 5h] [9d]
Desktop775: checks
boumbastic: bets $6
Desktop775: calls $6
*** SHOW DOWN ***
boumbastic: shows [Ts 3h] (a pair of Tens)
Desktop775: mucks hand
boumbastic collected $41.50 from pot
*** SUMMARY ***
Total pot $42 | Rake $0.50
Board [Ah Td 6h 5h 9d]
Seat 1: boumbastic (button) (small blind) showed [Ts 3h] and won ($41.50) with a pair of Tens
Seat 2: Desktop775 (big blind) mucked


PokerStars Hand #146369390737:  Hold'em Limit ($3/$6 USD) - 2016/01/02 23:11:23 ET
Table 'Wallenquist' 2-max Seat #1 is the button
Seat 1: boumbastic ($726.65 in chips)
Seat 2: Desktop775 ($120 in chips)
boumbastic: posts small blind $1
Desktop775: posts big blind $3
*** HOLE CARDS ***
boumbastic: raises $3 to $6
Desktop775: folds
Uncalled bet ($3) returned to boumbastic
boumbastic collected $6 from pot
boumbastic: doesn't show hand
*** SUMMARY ***
Total pot $6 | Rake $0
Seat 1: boumbastic (button) (small blind) collected ($6)
Seat 2: Desktop775 (big blind) folded before Flop


PokerStars Hand #146369409414:  Hold'em Limit ($3/$6 USD) - 2016/01/02 23:12:12 ET
Table 'Wallenquist' 2-max Seat #2 is the button
Seat 1: boumbastic ($767.65 in chips)
Seat 2: Desktop775 ($78 in chips)
Desktop775: posts small blind $1
boumbastic: posts big blind $3
*** HOLE CARDS ***
Desktop775: folds
Uncalled bet ($2) returned to boumbastic
boumbastic collected $2 from pot
boumbastic: doesn't show hand
*** SUMMARY ***
Total pot $2 | Rake $0
Seat 1: boumbastic (big blind) collected ($2)
Seat 2: Desktop775 (button) (small blind) folded before Flop


PokerStars Hand #146369401326:  Hold'em Limit ($3/$6 USD) - 2016/01/02 23:11:51 ET
Table 'Wallenquist' 2-max Seat #1 is the button
Seat 1: boumbastic ($744.15 in chips)
Seat 2: Desktop775 ($102 in chips)
boumbastic: posts small blind $1
Desktop775: posts big blind $3
*** HOLE CARDS ***
boumbastic: raises $3 to $6
Desktop775: raises $3 to $9
boumbastic: calls $3
*** FLOP *** [8h 5h Qd]
Desktop775: bets $3
boumbastic: calls $3
*** TURN *** [8h 5h Qd] [3c]
Desktop775: bets $6
boumbastic: calls $6
*** RIVER *** [8h 5h Qd 3c] [6s]
Desktop775: bets $6
boumbastic: calls $6
*** SHOW DOWN ***
Desktop775: shows [Tc 7c] (high card Queen)
boumbastic: shows [7s 3h] (a pair of Threes)
boumbastic collected $47.50 from pot
*** SUMMARY ***
Total pot $48 | Rake $0.50
Board [8h 5h Qd 3c 6s]
Seat 1: boumbastic (button) (small blind) showed [7s 3h] and won ($47.50) with a pair of Threes
Seat 2: Desktop775 (big blind) showed [Tc 7c] and lost with high card Queen


PokerStars Hand #146369392874:  Hold'em Limit ($3/$6 USD) - 2016/01/02 23:11:28 ET
Table 'Wallenquist' 2-max Seat #2 is the button
Seat 1: boumbastic ($729.65 in chips)
Seat 2: Desktop775 ($117 in chips)
Desktop775: posts small blind $1
boumbastic: posts big blind $3
*** HOLE CARDS ***
Desktop775: raises $3 to $6
boumbastic: calls $3
*** FLOP *** [Qd 9s 4d]
boumbastic: checks
Desktop775: bets $3
boumbastic: calls $3
*** TURN *** [Qd 9s 4d] [2s]
boumbastic: checks
Desktop775: checks
*** RIVER *** [Qd 9s 4d 2s] [Ks]
boumbastic: bets $6
Desktop775: calls $6
*** SHOW DOWN ***
boumbastic: shows [6s 4h] (a pair of Fours)
Desktop775: mucks hand
boumbastic collected $29.50 from pot
*** SUMMARY ***
Total pot $30 | Rake $0.50
Board [Qd 9s 4d 2s Ks]
Seat 1: boumbastic (big blind) showed [6s 4h] and won ($29.50) with a pair of Fours
Seat 2: Desktop775 (button) (small blind) mucked


PokerStars Hand #146369417485:  Hold'em Limit ($3/$6 USD) - 2016/01/02 23:12:34 ET
Table 'Wallenquist' 2-max Seat #2 is the button
Seat 1: boumbastic ($777.29 in chips)
Seat 2: Desktop775 ($120 in chips)
Desktop775: posts small blind $1
boumbastic: posts big blind $3
*** HOLE CARDS ***
Desktop775: folds
Uncalled bet ($2) returned to boumbastic
boumbastic collected $2 from pot
boumbastic: doesn't show hand
*** SUMMARY ***
Total pot $2 | Rake $0
Seat 1: boumbastic (big blind) collected ($2)
Seat 2: Desktop775 (button) (small blind) folded before Flop


PokerStars Hand #146369411815:  Hold'em Limit ($3/$6 USD) - 2016/01/02 23:12:19 ET
Table 'Wallenquist' 2-max Seat #1 is the button
Seat 1: boumbastic ($768.65 in chips)
Seat 2: Desktop775 ($77 in chips)
boumbastic: posts small blind $1
Desktop775: posts big blind $3
*** HOLE CARDS ***
boumbastic: raises $3 to $6
Desktop775: calls $3
*** FLOP *** [Ah 7d 3d]
Desktop775: checks
boumbastic: bets $3
Desktop775: calls $3
*** TURN *** [Ah 7d 3d] [Th]
Desktop775: checks
boumbastic: bets $6
Desktop775: folds
Uncalled bet ($6) returned to boumbastic
boumbastic collected $17.64 from pot
boumbastic: doesn't show hand
*** SUMMARY ***
Total pot $18 | Rake $0.36
Board [Ah 7d 3d Th]
Seat 1: boumbastic (button) (small blind) collected ($17.64)
Seat 2: Desktop775 (big blind) folded on the Turn


PokerStars Hand #146369423150:  Hold'em Limit ($3/$6 USD) - 2016/01/02 23:12:49 ET
Table 'Wallenquist' 2-max Seat #2 is the button
Seat 1: boumbastic ($769.29 in chips)
Seat 2: Desktop775 ($127.64 in chips)
Desktop775: posts small blind $1
boumbastic: posts big blind $3
*** HOLE CARDS ***
Desktop775: folds
Uncalled bet ($2) returned to boumbastic
boumbastic collected $2 from pot
boumbastic: doesn't show hand
*** SUMMARY ***
Total pot $2 | Rake $0
Seat 1: boumbastic (big blind) collected ($2)
Seat 2: Desktop775 (button) (small blind) folded before Flop


PokerStars Hand #146369419289:  Hold'em Limit ($3/$6 USD) - 2016/01/02 23:12:38 ET
Table 'Wallenquist' 2-max Seat #1 is the button
Seat 1: boumbastic ($778.29 in chips)
Seat 2: Desktop775 ($119 in chips)
boumbastic: posts small blind $1
Desktop775: posts big blind $3
*** HOLE CARDS ***
boumbastic: raises $3 to $6
Desktop775: calls $3
*** FLOP *** [Kd As Ad]
Desktop775: checks
boumbastic: bets $3
Desktop775: raises $3 to $6
boumbastic: folds
Uncalled bet ($3) returned to Desktop775
Desktop775 collected $17.64 from pot
Desktop775: doesn't show hand
*** SUMMARY ***
Total pot $18 | Rake $0.36
Board [Kd As Ad]
Seat 1: boumbastic (button) (small blind) folded on the Flop
Seat 2: Desktop775 (big blind) collected ($17.64)


PokerStars Hand #146369424719:  Hold'em Limit ($3/$6 USD) - 2016/01/02 23:12:53 ET
Table 'Wallenquist' 2-max Seat #1 is the button
Seat 1: boumbastic ($770.29 in chips)
Seat 2: Desktop775 ($126.64 in chips)
boumbastic: posts small blind $1
Desktop775: posts big blind $3
*** HOLE CARDS ***
boumbastic: raises $3 to $6
Desktop775: calls $3
*** FLOP *** [3d 5c Qh]
Desktop775: checks
boumbastic is disconnected
boumbastic is connected
boumbastic: bets $3
Desktop775: raises $3 to $6
boumbastic: calls $3
*** TURN *** [3d 5c Qh] [Ah]
Desktop775: bets $6
boumbastic: raises $6 to $12
Desktop775: raises $6 to $18
boumbastic: calls $6
*** RIVER *** [3d 5c Qh Ah] [9s]
Desktop775: bets $6
boumbastic: folds
Uncalled bet ($6) returned to Desktop775
Desktop775 collected $59.50 from pot
Desktop775: doesn't show hand
*** SUMMARY ***
Total pot $60 | Rake $0.50
Board [3d 5c Qh Ah 9s]
Seat 1: boumbastic (button) (small blind) folded on the River
Seat 2: Desktop775 (big blind) collected ($59.50)


PokerStars Hand #146369461322:  Hold'em Limit ($3/$6 USD) - 2016/01/02 23:14:30 ET
Table 'Wallenquist' 2-max Seat #1 is the button
Seat 1: boumbastic ($709.81 in chips)
Seat 2: Desktop775 ($185.16 in chips)
boumbastic: posts small blind $1
Desktop775: posts big blind $3
*** HOLE CARDS ***
boumbastic: raises $3 to $6
Desktop775: folds
Uncalled bet ($3) returned to boumbastic
boumbastic collected $6 from pot
boumbastic: doesn't show hand
*** SUMMARY ***
Total pot $6 | Rake $0
Seat 1: boumbastic (button) (small blind) collected ($6)
Seat 2: Desktop775 (big blind) folded before Flop


PokerStars Hand #146369455165:  Hold'em Limit ($3/$6 USD) - 2016/01/02 23:14:14 ET
Table 'Wallenquist' 2-max Seat #2 is the button
Seat 1: boumbastic ($739.81 in chips)
Seat 2: Desktop775 ($155.66 in chips)
Desktop775: posts small blind $1
boumbastic: posts big blind $3
*** HOLE CARDS ***
Desktop775: raises $3 to $6
boumbastic: raises $3 to $9
Desktop775: calls $3
*** FLOP *** [Js Qd Jc]
boumbastic: bets $3
Desktop775: calls $3
*** TURN *** [Js Qd Jc] [Kh]
boumbastic: bets $6
Desktop775: raises $6 to $12
boumbastic: calls $6
*** RIVER *** [Js Qd Jc Kh] [Qc]
boumbastic: checks
Desktop775: bets $6
boumbastic: calls $6
*** SHOW DOWN ***
Desktop775: shows [Kc Ah] (two pair, Kings and Queens)
boumbastic: mucks hand
Desktop775 collected $59.50 from pot
*** SUMMARY ***
Total pot $60 | Rake $0.50
Board [Js Qd Jc Kh Qc]
Seat 1: boumbastic (big blind) mucked
Seat 2: Desktop775 (button) (small blind) showed [Kc Ah] and won ($59.50) with two pair, Kings and Queens


PokerStars Hand #146369450515:  Hold'em Limit ($3/$6 USD) - 2016/01/02 23:14:02 ET
Table 'Wallenquist' 2-max Seat #1 is the button
Seat 1: boumbastic ($751.81 in chips)
Seat 2: Desktop775 ($144.14 in chips)
boumbastic: posts small blind $1
Desktop775: posts big blind $3
*** HOLE CARDS ***
boumbastic: raises $3 to $6
Desktop775: raises $3 to $9
boumbastic: calls $3
*** FLOP *** [4h 4d Tc]
Desktop775: bets $3
boumbastic: calls $3
*** TURN *** [4h 4d Tc] [Ah]
Desktop775: bets $6
boumbastic: folds
Uncalled bet ($6) returned to Desktop775
Desktop775 collected $23.52 from pot
Desktop775: doesn't show hand
*** SUMMARY ***
Total pot $24 | Rake $0.48
Board [4h 4d Tc Ah]
Seat 1: boumbastic (button) (small blind) folded on the Turn
Seat 2: Desktop775 (big blind) collected ($23.52)


PokerStars Hand #146369444192:  Hold'em Limit ($3/$6 USD) - 2016/01/02 23:13:45 ET
Table 'Wallenquist' 2-max Seat #2 is the button
Seat 1: boumbastic ($740.29 in chips)
Seat 2: Desktop775 ($156.14 in chips)
Desktop775: posts small blind $1
boumbastic: posts big blind $3
*** HOLE CARDS ***
Desktop775: raises $3 to $6
boumbastic: calls $3
*** FLOP *** [Qc 5h 5d]
boumbastic: checks
Desktop775: checks
*** TURN *** [Qc 5h 5d] [Ah]
boumbastic: checks
Desktop775: checks
*** RIVER *** [Qc 5h 5d Ah] [8s]
boumbastic: checks
Desktop775: bets $6
boumbastic: raises $6 to $12
Desktop775: folds
Uncalled bet ($6) returned to boumbastic
boumbastic collected $23.52 from pot
boumbastic: doesn't show hand
*** SUMMARY ***
Total pot $24 | Rake $0.48
Board [Qc 5h 5d Ah 8s]
Seat 1: boumbastic (big blind) collected ($23.52)
Seat 2: Desktop775 (button) (small blind) folded on the River


PokerStars Hand #146369487325:  Hold'em Limit ($3/$6 USD) - 2016/01/02 23:15:39 ET
Table 'Wallenquist' 2-max Seat #1 is the button
Seat 1: boumbastic ($738.31 in chips)
Seat 2: Desktop775 ($155.66 in chips)
boumbastic: posts small blind $1
Desktop775: posts big blind $3
*** HOLE CARDS ***
boumbastic: raises $3 to $6
Desktop775: raises $3 to $9
boumbastic: calls $3
*** FLOP *** [5h Ac 7c]
Desktop775: bets $3
boumbastic: folds
Uncalled bet ($3) returned to Desktop775
Desktop775 collected $17.64 from pot
Desktop775: doesn't show hand
*** SUMMARY ***
Total pot $18 | Rake $0.36
Board [5h Ac 7c]
Seat 1: boumbastic (button) (small blind) folded on the Flop
Seat 2: Desktop775 (big blind) collected ($17.64)


PokerStars Hand #146369485560:  Hold'em Limit ($3/$6 USD) - 2016/01/02 23:15:34 ET
Table 'Wallenquist' 2-max Seat #2 is the button
Seat 1: boumbastic ($737.31 in chips)
Seat 2: Desktop775 ($156.66 in chips)
Desktop775: posts small blind $1
boumbastic: posts big blind $3
*** HOLE CARDS ***
Desktop775: folds
Uncalled bet ($2) returned to boumbastic
boumbastic collected $2 from pot
boumbastic: doesn't show hand
*** SUMMARY ***
Total pot $2 | Rake $0
Seat 1: boumbastic (big blind) collected ($2)
Seat 2: Desktop775 (button) (small blind) folded before Flop


PokerStars Hand #146369469391:  Hold'em Limit ($3/$6 USD) - 2016/01/02 23:14:52 ET
Table 'Wallenquist' 2-max Seat #1 is the button
Seat 1: boumbastic ($748.31 in chips)
Seat 2: Desktop775 ($146.16 in chips)
boumbastic: posts small blind $1
Desktop775: posts big blind $3
*** HOLE CARDS ***
boumbastic: raises $3 to $6
Desktop775: folds
Uncalled bet ($3) returned to boumbastic
boumbastic collected $6 from pot
boumbastic: doesn't show hand
*** SUMMARY ***
Total pot $6 | Rake $0
Seat 1: boumbastic (button) (small blind) collected ($6)
Seat 2: Desktop775 (big blind) folded before Flop


PokerStars Hand #146369463398:  Hold'em Limit ($3/$6 USD) - 2016/01/02 23:14:36 ET
Table 'Wallenquist' 2-max Seat #2 is the button
Seat 1: boumbastic ($712.81 in chips)
Seat 2: Desktop775 ($182.16 in chips)
Desktop775: posts small blind $1
boumbastic: posts big blind $3
*** HOLE CARDS ***
Desktop775: raises $3 to $6
boumbastic: calls $3
*** FLOP *** [Qh Jh 9d]
boumbastic: checks
Desktop775: bets $3
boumbastic: raises $3 to $6
Desktop775: calls $3
*** TURN *** [Qh Jh 9d] [6s]
boumbastic: bets $6
Desktop775: calls $6
*** RIVER *** [Qh Jh 9d 6s] [5d]
boumbastic: bets $6
Desktop775: raises $6 to $12
boumbastic: raises $6 to $18
Desktop775: calls $6
*** SHOW DOWN ***
boumbastic: shows [6d Qc] (two pair, Queens and Sixes)
Desktop775: mucks hand
boumbastic collected $71.50 from pot
*** SUMMARY ***
Total pot $72 | Rake $0.50
Board [Qh Jh 9d 6s 5d]
Seat 1: boumbastic (big blind) showed [6d Qc] and won ($71.50) with two pair, Queens and Sixes
Seat 2: Desktop775 (button) (small blind) mucked


PokerStars Hand #146369471260:  Hold'em Limit ($3/$6 USD) - 2016/01/02 23:14:56 ET
Table 'Wallenquist' 2-max Seat #2 is the button
Seat 1: boumbastic ($751.31 in chips)
Seat 2: Desktop775 ($143.16 in chips)
Desktop775: posts small blind $1
boumbastic: posts big blind $3
*** HOLE CARDS ***
Desktop775: folds
Uncalled bet ($2) returned to boumbastic
boumbastic collected $2 from pot
boumbastic: doesn't show hand
*** SUMMARY ***
Total pot $2 | Rake $0
Seat 1: boumbastic (big blind) collected ($2)
Seat 2: Desktop775 (button) (small blind) folded before Flop


PokerStars Hand #146369504314:  Hold'em Limit ($3/$6 USD) - 2016/01/02 23:16:24 ET
Table 'Wallenquist' 2-max Seat #2 is the button
Seat 1: boumbastic ($743.81 in chips)
Seat 2: Desktop775 ($148.82 in chips)
Desktop775: posts small blind $1
boumbastic: posts big blind $3
*** HOLE CARDS ***
Desktop775: raises $3 to $6
boumbastic: raises $3 to $9
Desktop775: calls $3
*** FLOP *** [6h Tc 2s]
boumbastic: bets $3
Desktop775: calls $3
*** TURN *** [6h Tc 2s] [2d]
boumbastic: checks
Desktop775: bets $6
boumbastic: calls $6
*** RIVER *** [6h Tc 2s 2d] [Qh]
boumbastic: checks
Desktop775: bets $6
boumbastic: calls $6
*** SHOW DOWN ***
Desktop775: shows [5c 4c] (a pair of Deuces)
boumbastic: shows [Jh 9s] (a pair of Deuces - Queen+Jack kicker)
boumbastic collected $47.50 from pot
*** SUMMARY ***
Total pot $48 | Rake $0.50
Board [6h Tc 2s 2d Qh]
Seat 1: boumbastic (big blind) showed [Jh 9s] and won ($47.50) with a pair of Deuces
Seat 2: Desktop775 (button) (small blind) showed [5c 4c] and lost with a pair of Deuces


PokerStars Hand #146369490750:  Hold'em Limit ($3/$6 USD) - 2016/01/02 23:15:48 ET
Table 'Wallenquist' 2-max Seat #2 is the button
Seat 1: boumbastic ($729.31 in chips)
Seat 2: Desktop775 ($164.30 in chips)
Desktop775: posts small blind $1
boumbastic: posts big blind $3
*** HOLE CARDS ***
Desktop775: raises $3 to $6
boumbastic: calls $3
*** FLOP *** [9c Ts Ad]
boumbastic: checks
Desktop775: bets $3
boumbastic: folds
Uncalled bet ($3) returned to Desktop775
Desktop775 collected $11.76 from pot
Desktop775: doesn't show hand
*** SUMMARY ***
Total pot $12 | Rake $0.24
Board [9c Ts Ad]
Seat 1: boumbastic (big blind) folded on the Flop
Seat 2: Desktop775 (button) (small blind) collected ($11.76)


PokerStars Hand #146369499330:  Hold'em Limit ($3/$6 USD) - 2016/01/02 23:16:11 ET
Table 'Wallenquist' 2-max Seat #1 is the button
Seat 1: boumbastic ($720.31 in chips)
Seat 2: Desktop775 ($172.82 in chips)
boumbastic: posts small blind $1
Desktop775: posts big blind $3
*** HOLE CARDS ***
boumbastic: raises $3 to $6
Desktop775: raises $3 to $9
boumbastic: calls $3
*** FLOP *** [Qc 5h 7s]
Desktop775: bets $3
boumbastic: calls $3
*** TURN *** [Qc 5h 7s] [Jc]
Desktop775: bets $6
boumbastic: calls $6
*** RIVER *** [Qc 5h 7s Jc] [4h]
Desktop775: bets $6
boumbastic: calls $6
*** SHOW DOWN ***
Desktop775: shows [6s 2s] (high card Queen)
boumbastic: shows [Ad 5c] (a pair of Fives)
boumbastic collected $47.50 from pot
*** SUMMARY ***
Total pot $48 | Rake $0.50
Board [Qc 5h 7s Jc 4h]
Seat 1: boumbastic (button) (small blind) showed [Ad 5c] and won ($47.50) with a pair of Fives
Seat 2: Desktop775 (big blind) showed [6s 2s] and lost with high card Queen


PokerStars Hand #146369496114:  Hold'em Limit ($3/$6 USD) - 2016/01/02 23:16:02 ET
Table 'Wallenquist' 2-max Seat #2 is the button
Seat 1: boumbastic ($726.31 in chips)
Seat 2: Desktop775 ($167.06 in chips)
Desktop775: posts small blind $1
boumbastic: posts big blind $3
*** HOLE CARDS ***
Desktop775: raises $3 to $6
boumbastic: calls $3
*** FLOP *** [8h 6c Jc]
boumbastic: checks
Desktop775: bets $3
boumbastic: folds
Uncalled bet ($3) returned to Desktop775
Desktop775 collected $11.76 from pot
Desktop775: doesn't show hand
*** SUMMARY ***
Total pot $12 | Rake $0.24
Board [8h 6c Jc]
Seat 1: boumbastic (big blind) folded on the Flop
Seat 2: Desktop775 (button) (small blind) collected ($11.76)


PokerStars Hand #146369494142:  Hold'em Limit ($3/$6 USD) - 2016/01/02 23:15:57 ET
Table 'Wallenquist' 2-max Seat #1 is the button
Seat 1: boumbastic ($723.31 in chips)
Seat 2: Desktop775 ($170.06 in chips)
boumbastic: posts small blind $1
Desktop775: posts big blind $3
*** HOLE CARDS ***
boumbastic: raises $3 to $6
Desktop775: folds
Uncalled bet ($3) returned to boumbastic
boumbastic collected $6 from pot
boumbastic: doesn't show hand
*** SUMMARY ***
Total pot $6 | Rake $0
Seat 1: boumbastic (button) (small blind) collected ($6)
Seat 2: Desktop775 (big blind) folded before Flop


PokerStars Hand #146369518063:  Hold'em Limit ($3/$6 USD) - 2016/01/02 23:17:00 ET
Table 'Wallenquist' 2-max Seat #2 is the button
Seat 1: boumbastic ($814.81 in chips)
Seat 2: Desktop775 ($76.82 in chips)
Desktop775: posts small blind $1
boumbastic: posts big blind $3
*** HOLE CARDS ***
Desktop775: folds
Uncalled bet ($2) returned to boumbastic
boumbastic collected $2 from pot
boumbastic: doesn't show hand
*** SUMMARY ***
Total pot $2 | Rake $0
Seat 1: boumbastic (big blind) collected ($2)
Seat 2: Desktop775 (button) (small blind) folded before Flop


PokerStars Hand #146369510185:  Hold'em Limit ($3/$6 USD) - 2016/01/02 23:16:39 ET
Table 'Wallenquist' 2-max Seat #1 is the button
Seat 1: boumbastic ($767.31 in chips)
Seat 2: Desktop775 ($124.82 in chips)
boumbastic: posts small blind $1
Desktop775: posts big blind $3
*** HOLE CARDS ***
boumbastic: raises $3 to $6
Desktop775: raises $3 to $9
boumbastic: raises $3 to $12
Betting is capped
Desktop775: calls $3
*** FLOP *** [7h Qh 7s]
Desktop775: checks
boumbastic: bets $3
Desktop775: raises $3 to $6
boumbastic: calls $3
*** TURN *** [7h Qh 7s] [6s]
Desktop775: bets $6
boumbastic: calls $6
*** RIVER *** [7h Qh 7s 6s] [Qc]
Desktop775: bets $6
boumbastic: raises $6 to $12
Desktop775: raises $6 to $18
boumbastic: raises $6 to $24
Betting is capped
Desktop775: calls $6
*** SHOW DOWN ***
boumbastic: shows [Qs Ad] (a full house, Queens full of Sevens)
Desktop775: mucks hand
boumbastic collected $95.50 from pot
*** SUMMARY ***
Total pot $96 | Rake $0.50
Board [7h Qh 7s 6s Qc]
Seat 1: boumbastic (button) (small blind) showed [Qs Ad] and won ($95.50) with a full house, Queens full of Sevens
Seat 2: Desktop775 (big blind) mucked


PokerStars Hand #146369528081:  Hold'em Limit ($3/$6 USD) - 2016/01/02 23:17:27 ET
Table 'Wallenquist' 2-max Seat #2 is the button
Seat 1: boumbastic ($830.31 in chips)
Seat 2: Desktop775 ($120 in chips)
Desktop775: posts small blind $1
boumbastic: posts big blind $3
*** HOLE CARDS ***
Desktop775: raises $3 to $6
boumbastic: calls $3
*** FLOP *** [8h 9s 3c]
boumbastic: checks
Desktop775: bets $3
boumbastic: calls $3
*** TURN *** [8h 9s 3c] [Jd]
boumbastic: checks
Desktop775: bets $6
boumbastic: raises $6 to $12
Desktop775: calls $6
*** RIVER *** [8h 9s 3c Jd] [4c]
boumbastic: bets $6
Desktop775: calls $6
*** SHOW DOWN ***
boumbastic: shows [Jc 6c] (a pair of Jacks)
Desktop775: mucks hand
boumbastic collected $53.50 from pot
*** SUMMARY ***
Total pot $54 | Rake $0.50
Board [8h 9s 3c Jd 4c]
Seat 1: boumbastic (big blind) showed [Jc 6c] and won ($53.50) with a pair of Jacks
Seat 2: Desktop775 (button) (small blind) mucked


PokerStars Hand #146369533997:  Hold'em Limit ($3/$6 USD) - 2016/01/02 23:17:42 ET
Table 'Wallenquist' 2-max Seat #1 is the button
Seat 1: boumbastic ($856.81 in chips)
Seat 2: Desktop775 ($93 in chips)
boumbastic: posts small blind $1
Desktop775: posts big blind $3
*** HOLE CARDS ***
boumbastic: raises $3 to $6
Desktop775: calls $3
*** FLOP *** [Td Ks 3c]
Desktop775: checks
boumbastic: bets $3
Desktop775: raises $3 to $6
boumbastic: calls $3
*** TURN *** [Td Ks 3c] [Qs]
Desktop775: bets $6
boumbastic: calls $6
*** RIVER *** [Td Ks 3c Qs] [5d]
Desktop775: checks
boumbastic: checks
*** SHOW DOWN ***
Desktop775: shows [Jh 2d] (high card King)
boumbastic: shows [3s 9s] (a pair of Threes)
boumbastic collected $35.50 from pot
*** SUMMARY ***
Total pot $36 | Rake $0.50
Board [Td Ks 3c Qs 5d]
Seat 1: boumbastic (button) (small blind) showed [3s 9s] and won ($35.50) with a pair of Threes
Seat 2: Desktop775 (big blind) showed [Jh 2d] and lost with high card King


PokerStars Hand #146369553688:  Hold'em Limit ($3/$6 USD) - 2016/01/02 23:18:34 ET
Table 'Wallenquist' 2-max Seat #1 is the button
Seat 1: boumbastic ($873.57 in chips)
Seat 2: Desktop775 ($74.50 in chips)
boumbastic: posts small blind $1
Desktop775: posts big blind $3
*** HOLE CARDS ***
boumbastic: raises $3 to $6
Desktop775: folds
Uncalled bet ($3) returned to boumbastic
boumbastic collected $6 from pot
boumbastic: doesn't show hand
*** SUMMARY ***
Total pot $6 | Rake $0
Seat 1: boumbastic (button) (small blind) collected ($6)
Seat 2: Desktop775 (big blind) folded before Flop


PokerStars Hand #146369549393:  Hold'em Limit ($3/$6 USD) - 2016/01/02 23:18:23 ET
Table 'Wallenquist' 2-max Seat #2 is the button
Seat 1: boumbastic ($856.07 in chips)
Seat 2: Desktop775 ($92.50 in chips)
Desktop775: posts small blind $1
boumbastic: posts big blind $3
*** HOLE CARDS ***
Desktop775: raises $3 to $6
boumbastic: calls $3
*** FLOP *** [8s 8c 6d]
boumbastic: checks
Desktop775: checks
*** TURN *** [8s 8c 6d] [Kd]
boumbastic: bets $6
Desktop775: calls $6
*** RIVER *** [8s 8c 6d Kd] [2s]
boumbastic: bets $6
Desktop775: calls $6
*** SHOW DOWN ***
boumbastic: shows [4h 6c] (two pair, Eights and Sixes)
Desktop775: mucks hand
boumbastic collected $35.50 from pot
*** SUMMARY ***
Total pot $36 | Rake $0.50
Board [8s 8c 6d Kd 2s]
Seat 1: boumbastic (big blind) showed [4h 6c] and won ($35.50) with two pair, Eights and Sixes
Seat 2: Desktop775 (button) (small blind) mucked


PokerStars Hand #146369546364:  Hold'em Limit ($3/$6 USD) - 2016/01/02 23:18:15 ET
Table 'Wallenquist' 2-max Seat #1 is the button
Seat 1: boumbastic ($850.31 in chips)
Seat 2: Desktop775 ($98.50 in chips)
boumbastic: posts small blind $1
Desktop775: posts big blind $3
*** HOLE CARDS ***
boumbastic: raises $3 to $6
Desktop775: calls $3
*** FLOP *** [Qc 7s 3c]
Desktop775: checks
boumbastic: bets $3
Desktop775: folds
Uncalled bet ($3) returned to boumbastic
boumbastic collected $11.76 from pot
*** SUMMARY ***
Total pot $12 | Rake $0.24
Board [Qc 7s 3c]
Seat 1: boumbastic (button) (small blind) collected ($11.76)
Seat 2: Desktop775 (big blind) folded on the Flop


PokerStars Hand #146369540285:  Hold'em Limit ($3/$6 USD) - 2016/01/02 23:17:59 ET
Table 'Wallenquist' 2-max Seat #2 is the button
Seat 1: boumbastic ($874.31 in chips)
Seat 2: Desktop775 ($75 in chips)
Desktop775: posts small blind $1
boumbastic: posts big blind $3
*** HOLE CARDS ***
Desktop775: raises $3 to $6
boumbastic: calls $3
*** FLOP *** [3s 6h 4h]
boumbastic: checks
Desktop775: bets $3
boumbastic: raises $3 to $6
Desktop775: calls $3
*** TURN *** [3s 6h 4h] [9h]
boumbastic: bets $6
Desktop775: raises $6 to $12
boumbastic: calls $6
*** RIVER *** [3s 6h 4h 9h] [3d]
boumbastic: checks
Desktop775: bets $6
boumbastic: folds
Uncalled bet ($6) returned to Desktop775
Desktop775 collected $47.50 from pot
Desktop775: doesn't show hand
*** SUMMARY ***
Total pot $48 | Rake $0.50
Board [3s 6h 4h 9h 3d]
Seat 1: boumbastic (big blind) folded on the River
Seat 2: Desktop775 (button) (small blind) collected ($47.50)


PokerStars Hand #146369555431:  Hold'em Limit ($3/$6 USD) - 2016/01/02 23:18:39 ET
Table 'Wallenquist' 2-max Seat #2 is the button
Seat 1: boumbastic ($876.57 in chips)
Seat 2: Desktop775 ($120 in chips)
Desktop775: posts small blind $1
boumbastic: posts big blind $3
*** HOLE CARDS ***
Desktop775: raises $3 to $6
boumbastic: raises $3 to $9
Desktop775: calls $3
*** FLOP *** [Th 5s 7s]
boumbastic: bets $3
Desktop775: calls $3
*** TURN *** [Th 5s 7s] [3h]
boumbastic: checks
Desktop775: bets $6
boumbastic: raises $6 to $12
Desktop775: raises $6 to $18
boumbastic: calls $6
*** RIVER *** [Th 5s 7s 3h] [8h]
boumbastic: checks
Desktop775: bets $6
boumbastic: calls $6
*** SHOW DOWN ***
Desktop775: shows [Td 9d] (a pair of Tens)
boumbastic: shows [Ts 9c] (a pair of Tens)
boumbastic collected $35.75 from pot
Desktop775 collected $35.75 from pot
*** SUMMARY ***
Total pot $72 | Rake $0.50
Board [Th 5s 7s 3h 8h]
Seat 1: boumbastic (big blind) showed [Ts 9c] and won ($35.75) with a pair of Tens
Seat 2: Desktop775 (button) (small blind) showed [Td 9d] and won ($35.75) with a pair of Tens


PokerStars Hand #146369562496:  Hold'em Limit ($3/$6 USD) - 2016/01/02 23:18:58 ET
Table 'Wallenquist' 2-max Seat #1 is the button
Seat 1: boumbastic ($876.32 in chips)
Seat 2: Desktop775 ($119.75 in chips)
boumbastic: posts small blind $1
Desktop775: posts big blind $3
*** HOLE CARDS ***
boumbastic: raises $3 to $6
Desktop775: folds
Uncalled bet ($3) returned to boumbastic
boumbastic collected $6 from pot
boumbastic: doesn't show hand
*** SUMMARY ***
Total pot $6 | Rake $0
Seat 1: boumbastic (button) (small blind) collected ($6)
Seat 2: Desktop775 (big blind) folded before Flop


PokerStars Hand #146369574278:  Hold'em Limit ($3/$6 USD) - 2016/01/02 23:19:29 ET
Table 'Wallenquist' 2-max Seat #2 is the button
Seat 1: boumbastic ($902.82 in chips)
Seat 2: Desktop775 ($92.27 in chips)
Desktop775: posts small blind $1
boumbastic: posts big blind $3
*** HOLE CARDS ***
Desktop775: raises $3 to $6
boumbastic: raises $3 to $9
Desktop775: calls $3
*** FLOP *** [6s Ts 3s]
boumbastic: bets $3
Desktop775: raises $3 to $6
boumbastic: raises $3 to $9
Desktop775: folds
Uncalled bet ($3) returned to boumbastic
boumbastic collected $29.50 from pot
boumbastic: doesn't show hand
*** SUMMARY ***
Total pot $30 | Rake $0.50
Board [6s Ts 3s]
Seat 1: boumbastic (big blind) collected ($29.50)
Seat 2: Desktop775 (button) (small blind) folded on the Flop


PokerStars Hand #146369569785:  Hold'em Limit ($3/$6 USD) - 2016/01/02 23:19:17 ET
Table 'Wallenquist' 2-max Seat #1 is the button
Seat 1: boumbastic ($914.82 in chips)
Seat 2: Desktop775 ($80.75 in chips)
boumbastic: posts small blind $1
Desktop775: posts big blind $3
*** HOLE CARDS ***
boumbastic: raises $3 to $6
Desktop775: raises $3 to $9
boumbastic: calls $3
*** FLOP *** [5s 5h Jc]
Desktop775: bets $3
boumbastic: calls $3
*** TURN *** [5s 5h Jc] [Kd]
Desktop775: bets $6
boumbastic: folds
Uncalled bet ($6) returned to Desktop775
Desktop775 collected $23.52 from pot
Desktop775: doesn't show hand
*** SUMMARY ***
Total pot $24 | Rake $0.48
Board [5s 5h Jc Kd]
Seat 1: boumbastic (button) (small blind) folded on the Turn
Seat 2: Desktop775 (big blind) collected ($23.52)


PokerStars Hand #146369564338:  Hold'em Limit ($3/$6 USD) - 2016/01/02 23:19:03 ET
Table 'Wallenquist' 2-max Seat #2 is the button
Seat 1: boumbastic ($879.32 in chips)
Seat 2: Desktop775 ($116.75 in chips)
Desktop775: posts small blind $1
boumbastic: posts big blind $3
*** HOLE CARDS ***
Desktop775: raises $3 to $6
boumbastic: raises $3 to $9
Desktop775: calls $3
*** FLOP *** [9s 5d 2d]
boumbastic: bets $3
Desktop775: calls $3
*** TURN *** [9s 5d 2d] [4d]
boumbastic: bets $6
Desktop775: raises $6 to $12
boumbastic: raises $6 to $18
Desktop775: calls $6
*** RIVER *** [9s 5d 2d 4d] [Kh]
boumbastic: bets $6
Desktop775: calls $6
*** SHOW DOWN ***
boumbastic: shows [4s 4h] (three of a kind, Fours)
Desktop775: mucks hand
boumbastic collected $71.50 from pot
*** SUMMARY ***
Total pot $72 | Rake $0.50
Board [9s 5d 2d 4d Kh]
Seat 1: boumbastic (big blind) showed [4s 4h] and won ($71.50) with three of a kind, Fours
Seat 2: Desktop775 (button) (small blind) mucked


PokerStars Hand #146369594713:  Hold'em Limit ($3/$6 USD) - 2016/01/02 23:20:24 ET
Table 'Wallenquist' 2-max Seat #1 is the button
Seat 1: boumbastic ($932.32 in chips)
Seat 2: Desktop775 ($118.50 in chips)
boumbastic: posts small blind $1
Desktop775: posts big blind $3
*** HOLE CARDS ***
boumbastic: raises $3 to $6
Desktop775: calls $3
*** FLOP *** [Jh 3s Ts]
Desktop775: checks
boumbastic: bets $3
Desktop775: calls $3
*** TURN *** [Jh 3s Ts] [8c]
Desktop775: checks
boumbastic: checks
*** RIVER *** [Jh 3s Ts 8c] [5c]
Desktop775: checks
boumbastic: checks
*** SHOW DOWN ***
Desktop775: shows [6c Ks] (high card King)
boumbastic: mucks hand
Desktop775 collected $17.64 from pot
*** SUMMARY ***
Total pot $18 | Rake $0.36
Board [Jh 3s Ts 8c 5c]
Seat 1: boumbastic (button) (small blind) mucked
Seat 2: Desktop775 (big blind) showed [6c Ks] and won ($17.64) with high card King


PokerStars Hand #146369582411:  Hold'em Limit ($3/$6 USD) - 2016/01/02 23:19:51 ET
Table 'Wallenquist' 2-max Seat #2 is the button
Seat 1: boumbastic ($931.82 in chips)
Seat 2: Desktop775 ($120 in chips)
Desktop775: posts small blind $1
boumbastic: posts big blind $3
*** HOLE CARDS ***
Desktop775: raises $3 to $6
boumbastic: raises $3 to $9
Desktop775: calls $3
*** FLOP *** [3d 3c 6s]
boumbastic: bets $3
Desktop775: raises $3 to $6
boumbastic: calls $3
*** TURN *** [3d 3c 6s] [7h]
boumbastic: checks
Desktop775: checks
*** RIVER *** [3d 3c 6s 7h] [4d]
boumbastic: bets $6
Desktop775: raises $6 to $12
boumbastic: calls $6
*** SHOW DOWN ***
Desktop775: shows [Th 5s] (a straight, Three to Seven)
boumbastic: mucks hand
Desktop775 collected $53.50 from pot
*** SUMMARY ***
Total pot $54 | Rake $0.50
Board [3d 3c 6s 7h 4d]
Seat 1: boumbastic (big blind) mucked
Seat 2: Desktop775 (button) (small blind) showed [Th 5s] and won ($53.50) with a straight, Three to Seven


PokerStars Hand #146369578188:  Hold'em Limit ($3/$6 USD) - 2016/01/02 23:19:39 ET
Table 'Wallenquist' 2-max Seat #1 is the button
Seat 1: boumbastic ($917.32 in chips)
Seat 2: Desktop775 ($77.27 in chips)
boumbastic: posts small blind $1
Desktop775: posts big blind $3
*** HOLE CARDS ***
boumbastic: raises $3 to $6
Desktop775: raises $3 to $9
boumbastic: calls $3
*** FLOP *** [7h Td Jh]
Desktop775: bets $3
boumbastic: raises $3 to $6
Desktop775: calls $3
*** TURN *** [7h Td Jh] [3c]
Desktop775: checks
boumbastic: bets $6
Desktop775: folds
Uncalled bet ($6) returned to boumbastic
boumbastic collected $29.50 from pot
boumbastic: doesn't show hand
*** SUMMARY ***
Total pot $30 | Rake $0.50
Board [7h Td Jh 3c]
Seat 1: boumbastic (button) (small blind) collected ($29.50)
Seat 2: Desktop775 (big blind) folded on the Turn


PokerStars Hand #146369599344:  Hold'em Limit ($3/$6 USD) - 2016/01/02 23:20:36 ET
Table 'Wallenquist' 2-max Seat #2 is the button
Seat 1: boumbastic ($923.32 in chips)
Seat 2: Desktop775 ($127.14 in chips)
Desktop775: posts small blind $1
boumbastic: posts big blind $3
*** HOLE CARDS ***
Desktop775: raises $3 to $6
boumbastic: calls $3
*** FLOP *** [7h As 3d]
boumbastic: checks
Desktop775: bets $3
boumbastic: calls $3
*** TURN *** [7h As 3d] [Ac]
boumbastic: checks
Desktop775: bets $6
boumbastic: folds
Uncalled bet ($6) returned to Desktop775
Desktop775 collected $17.64 from pot
Desktop775: doesn't show hand
*** SUMMARY ***
Total pot $18 | Rake $0.36
Board [7h As 3d Ac]
Seat 1: boumbastic (big blind) folded on the Turn
Seat 2: Desktop775 (button) (small blind) collected ($17.64)


PokerStars Hand #146369593101:  Hold'em Limit ($3/$6 USD) - 2016/01/02 23:20:20 ET
Table 'Wallenquist' 2-max Seat #2 is the button
Seat 1: boumbastic ($931.32 in chips)
Seat 2: Desktop775 ($119.50 in chips)
Desktop775: posts small blind $1
boumbastic: posts big blind $3
*** HOLE CARDS ***
Desktop775: folds
Uncalled bet ($2) returned to boumbastic
boumbastic collected $2 from pot
boumbastic: doesn't show hand
*** SUMMARY ***
Total pot $2 | Rake $0
Seat 1: boumbastic (big blind) collected ($2)
Seat 2: Desktop775 (button) (small blind) folded before Flop


PokerStars Hand #146369587657:  Hold'em Limit ($3/$6 USD) - 2016/01/02 23:20:05 ET
Table 'Wallenquist' 2-max Seat #1 is the button
Seat 1: boumbastic ($904.82 in chips)
Seat 2: Desktop775 ($146.50 in chips)
boumbastic: posts small blind $1
Desktop775: posts big blind $3
*** HOLE CARDS ***
boumbastic: raises $3 to $6
Desktop775: raises $3 to $9
boumbastic: calls $3
*** FLOP *** [9s 3d Th]
Desktop775: bets $3
boumbastic: raises $3 to $6
Desktop775: calls $3
*** TURN *** [9s 3d Th] [4s]
Desktop775: checks
boumbastic: bets $6
Desktop775: calls $6
*** RIVER *** [9s 3d Th 4s] [Ts]
Desktop775: checks
boumbastic: bets $6
Desktop775: calls $6
*** SHOW DOWN ***
boumbastic: shows [9c Tc] (a full house, Tens full of Nines)
Desktop775: mucks hand
boumbastic collected $53.50 from pot
*** SUMMARY ***
Total pot $54 | Rake $0.50
Board [9s 3d Th 4s Ts]
Seat 1: boumbastic (button) (small blind) showed [9c Tc] and won ($53.50) with a full house, Tens full of Nines
Seat 2: Desktop775 (big blind) mucked


PokerStars Hand #146369623231:  Hold'em Limit ($3/$6 USD) - 2016/01/02 23:21:41 ET
Table 'Wallenquist' 2-max Seat #2 is the button
Seat 1: boumbastic ($927.84 in chips)
Seat 2: Desktop775 ($120.28 in chips)
Desktop775: posts small blind $1
boumbastic: posts big blind $3
*** HOLE CARDS ***
Desktop775: folds
Uncalled bet ($2) returned to boumbastic
boumbastic collected $2 from pot
boumbastic: doesn't show hand
*** SUMMARY ***
Total pot $2 | Rake $0
Seat 1: boumbastic (big blind) collected ($2)
Seat 2: Desktop775 (button) (small blind) folded before Flop


PokerStars Hand #146369618081:  Hold'em Limit ($3/$6 USD) - 2016/01/02 23:21:27 ET
Table 'Wallenquist' 2-max Seat #1 is the button
Seat 1: boumbastic ($913.34 in chips)
Seat 2: Desktop775 ($135.28 in chips)
boumbastic: posts small blind $1
Desktop775: posts big blind $3
*** HOLE CARDS ***
boumbastic: raises $3 to $6
Desktop775: calls $3
*** FLOP *** [6c 4h 8s]
Desktop775: checks
boumbastic: bets $3
Desktop775: calls $3
*** TURN *** [6c 4h 8s] [5c]
Desktop775: checks
boumbastic: bets $6
Desktop775: calls $6
*** RIVER *** [6c 4h 8s 5c] [5h]
Desktop775: checks
boumbastic: checks
*** SHOW DOWN ***
Desktop775: shows [Ks 3d] (a pair of Fives)
boumbastic: shows [4s As] (two pair, Fives and Fours)
boumbastic collected $29.50 from pot
*** SUMMARY ***
Total pot $30 | Rake $0.50
Board [6c 4h 8s 5c 5h]
Seat 1: boumbastic (button) (small blind) showed [4s As] and won ($29.50) with two pair, Fives and Fours
Seat 2: Desktop775 (big blind) showed [Ks 3d] and lost with a pair of Fives


PokerStars Hand #146369603196:  Hold'em Limit ($3/$6 USD) - 2016/01/02 23:20:47 ET
Table 'Wallenquist' 2-max Seat #1 is the button
Seat 1: boumbastic ($914.32 in chips)
Seat 2: Desktop775 ($135.78 in chips)
boumbastic: posts small blind $1
Desktop775: posts big blind $3
*** HOLE CARDS ***
boumbastic: raises $3 to $6
Desktop775: raises $3 to $9
boumbastic: calls $3
*** FLOP *** [Qh 5s 4c]
Desktop775: bets $3
boumbastic: calls $3
*** TURN *** [Qh 5s 4c] [8c]
Desktop775: bets $6
boumbastic: calls $6
*** RIVER *** [Qh 5s 4c 8c] [7c]
Desktop775: bets $6
boumbastic: raises $6 to $12
Desktop775: calls $6
*** SHOW DOWN ***
boumbastic: shows [9s Jh] (high card Queen)
Desktop775: shows [Ah 8d] (a pair of Eights)
Desktop775 collected $59.50 from pot
*** SUMMARY ***
Total pot $60 | Rake $0.50
Board [Qh 5s 4c 8c 7c]
Seat 1: boumbastic (button) (small blind) showed [9s Jh] and lost with high card Queen
Seat 2: Desktop775 (big blind) showed [Ah 8d] and won ($59.50) with a pair of Eights


PokerStars Hand #146369614130:  Hold'em Limit ($3/$6 USD) - 2016/01/02 23:21:17 ET
Table 'Wallenquist' 2-max Seat #2 is the button
Seat 1: boumbastic ($901.82 in chips)
Seat 2: Desktop775 ($147.28 in chips)
Desktop775: posts small blind $1
boumbastic: posts big blind $3
*** HOLE CARDS ***
Desktop775: raises $3 to $6
boumbastic: raises $3 to $9
Desktop775: calls $3
*** FLOP *** [Jc 4d 6s]
boumbastic: bets $3
Desktop775: calls $3
*** TURN *** [Jc 4d 6s] [Jh]
boumbastic: bets $6
Desktop775: folds
Uncalled bet ($6) returned to boumbastic
boumbastic collected $23.52 from pot
boumbastic: doesn't show hand
*** SUMMARY ***
Total pot $24 | Rake $0.48
Board [Jc 4d 6s Jh]
Seat 1: boumbastic (big blind) collected ($23.52)
Seat 2: Desktop775 (button) (small blind) folded on the Turn


PokerStars Hand #146369612441:  Hold'em Limit ($3/$6 USD) - 2016/01/02 23:21:12 ET
Table 'Wallenquist' 2-max Seat #1 is the button
Seat 1: boumbastic ($898.82 in chips)
Seat 2: Desktop775 ($150.28 in chips)
boumbastic: posts small blind $1
Desktop775: posts big blind $3
*** HOLE CARDS ***
boumbastic: raises $3 to $6
Desktop775: folds
Uncalled bet ($3) returned to boumbastic
boumbastic collected $6 from pot
boumbastic: doesn't show hand
*** SUMMARY ***
Total pot $6 | Rake $0
Seat 1: boumbastic (button) (small blind) collected ($6)
Seat 2: Desktop775 (big blind) folded before Flop


PokerStars Hand #146369608113:  Hold'em Limit ($3/$6 USD) - 2016/01/02 23:21:00 ET
Table 'Wallenquist' 2-max Seat #2 is the button
Seat 1: boumbastic ($884.32 in chips)
Seat 2: Desktop775 ($165.28 in chips)
Desktop775: posts small blind $1
boumbastic: posts big blind $3
*** HOLE CARDS ***
Desktop775: raises $3 to $6
boumbastic: calls $3
*** FLOP *** [As 9d Kh]
boumbastic: checks
Desktop775: bets $3
boumbastic: calls $3
*** TURN *** [As 9d Kh] [4c]
boumbastic: checks
Desktop775: checks
*** RIVER *** [As 9d Kh 4c] [6s]
boumbastic: bets $6
Desktop775: calls $6
*** SHOW DOWN ***
boumbastic: shows [9s 3s] (a pair of Nines)
Desktop775: mucks hand
boumbastic collected $29.50 from pot
*** SUMMARY ***
Total pot $30 | Rake $0.50
Board [As 9d Kh 4c 6s]
Seat 1: boumbastic (big blind) showed [9s 3s] and won ($29.50) with a pair of Nines
Seat 2: Desktop775 (button) (small blind) mucked


PokerStars Hand #146369630020:  Hold'em Limit ($3/$6 USD) - 2016/01/02 23:21:59 ET
Table 'Wallenquist' 2-max Seat #2 is the button
Seat 1: boumbastic ($943.34 in chips)
Seat 2: Desktop775 ($104.28 in chips)
Desktop775: posts small blind $1
boumbastic: posts big blind $3
*** HOLE CARDS ***
Desktop775: raises $3 to $6
boumbastic: raises $3 to $9
Desktop775: calls $3
*** FLOP *** [9c Qh Qs]
boumbastic: bets $3
Desktop775: calls $3
*** TURN *** [9c Qh Qs] [Qc]
boumbastic: bets $6
Desktop775: calls $6
*** RIVER *** [9c Qh Qs Qc] [6h]
boumbastic: bets $6
Desktop775: calls $6
*** SHOW DOWN ***
boumbastic: shows [Ks 9h] (a full house, Queens full of Nines)
Desktop775: mucks hand
boumbastic collected $47.50 from pot
*** SUMMARY ***
Total pot $48 | Rake $0.50
Board [9c Qh Qs Qc 6h]
Seat 1: boumbastic (big blind) showed [Ks 9h] and won ($47.50) with a full house, Queens full of Nines
Seat 2: Desktop775 (button) (small blind) mucked


PokerStars Hand #146369634895:  Hold'em Limit ($3/$6 USD) - 2016/01/02 23:22:13 ET
Table 'Wallenquist' 2-max Seat #1 is the button
Seat 1: boumbastic ($966.84 in chips)
Seat 2: Desktop775 ($80.28 in chips)
boumbastic: posts small blind $1
Desktop775: posts big blind $3
*** HOLE CARDS ***
boumbastic: raises $3 to $6
Desktop775: calls $3
*** FLOP *** [8c 7h 5s]
Desktop775: checks
boumbastic: bets $3
Desktop775: raises $3 to $6
boumbastic: calls $3
*** TURN *** [8c 7h 5s] [Jh]
Desktop775: bets $6
boumbastic: calls $6
*** RIVER *** [8c 7h 5s Jh] [Ah]
Desktop775: bets $6
boumbastic: folds
Uncalled bet ($6) returned to Desktop775
Desktop775 collected $35.50 from pot
Desktop775: doesn't show hand
*** SUMMARY ***
Total pot $36 | Rake $0.50
Board [8c 7h 5s Jh Ah]
Seat 1: boumbastic (button) (small blind) folded on the River
Seat 2: Desktop775 (big blind) collected ($35.50)


PokerStars Hand #146369640317:  Hold'em Limit ($3/$6 USD) - 2016/01/02 23:22:27 ET
Table 'Wallenquist' 2-max Seat #2 is the button
Seat 1: boumbastic ($948.84 in chips)
Seat 2: Desktop775 ($97.78 in chips)
Desktop775: posts small blind $1
boumbastic: posts big blind $3
*** HOLE CARDS ***
Desktop775: folds
Uncalled bet ($2) returned to boumbastic
boumbastic collected $2 from pot
boumbastic: doesn't show hand
*** SUMMARY ***
Total pot $2 | Rake $0
Seat 1: boumbastic (big blind) collected ($2)
Seat 2: Desktop775 (button) (small blind) folded before Flop


PokerStars Hand #146369641985:  Hold'em Limit ($3/$6 USD) - 2016/01/02 23:22:32 ET
Table 'Wallenquist' 2-max Seat #1 is the button
Seat 1: boumbastic ($949.84 in chips)
Seat 2: Desktop775 ($96.78 in chips)
boumbastic: posts small blind $1
Desktop775: posts big blind $3
*** HOLE CARDS ***
boumbastic: raises $3 to $6
Desktop775: calls $3
*** FLOP *** [3h Ks Jh]
Desktop775: checks
boumbastic: bets $3
Desktop775: calls $3
*** TURN *** [3h Ks Jh] [4s]
Desktop775: checks
boumbastic: checks
*** RIVER *** [3h Ks Jh 4s] [8c]
Desktop775: checks
boumbastic: checks
*** SHOW DOWN ***
Desktop775: shows [Kh Td] (a pair of Kings)
boumbastic: mucks hand
Desktop775 collected $17.64 from pot
*** SUMMARY ***
Total pot $18 | Rake $0.36
Board [3h Ks Jh 4s 8c]
Seat 1: boumbastic (button) (small blind) mucked
Seat 2: Desktop775 (big blind) showed [Kh Td] and won ($17.64) with a pair of Kings


PokerStars Hand #146369625063:  Hold'em Limit ($3/$6 USD) - 2016/01/02 23:21:46 ET
Table 'Wallenquist' 2-max Seat #1 is the button
Seat 1: boumbastic ($928.84 in chips)
Seat 2: Desktop775 ($119.28 in chips)
boumbastic: posts small blind $1
Desktop775: posts big blind $3
*** HOLE CARDS ***
boumbastic: raises $3 to $6
Desktop775: calls $3
*** FLOP *** [Qh 7h 8d]
Desktop775: checks
boumbastic: bets $3
Desktop775: calls $3
*** TURN *** [Qh 7h 8d] [3h]
Desktop775: checks
boumbastic: bets $6
Desktop775: calls $6
*** RIVER *** [Qh 7h 8d 3h] [Kd]
Desktop775: checks
boumbastic: checks
*** SHOW DOWN ***
Desktop775: shows [9s Jh] (high card King)
boumbastic: shows [Ah 2s] (high card Ace)
boumbastic collected $29.50 from pot
*** SUMMARY ***
Total pot $30 | Rake $0.50
Board [Qh 7h 8d 3h Kd]
Seat 1: boumbastic (button) (small blind) showed [Ah 2s] and won ($29.50) with high card Ace
Seat 2: Desktop775 (big blind) showed [9s Jh] and lost with high card King


PokerStars Hand #146369655984:  Hold'em Limit ($3/$6 USD) - 2016/01/02 23:23:10 ET
Table 'Wallenquist' 2-max Seat #1 is the button
Seat 1: boumbastic ($970.34 in chips)
Seat 2: Desktop775 ($75.42 in chips)
boumbastic: posts small blind $1
Desktop775: posts big blind $3
*** HOLE CARDS ***
boumbastic: raises $3 to $6
Desktop775: raises $3 to $9
boumbastic: calls $3
*** FLOP *** [Qs Tc Ah]
Desktop775: checks
boumbastic: checks
*** TURN *** [Qs Tc Ah] [9s]
Desktop775: checks
boumbastic: bets $6
Desktop775: calls $6
*** RIVER *** [Qs Tc Ah 9s] [Qd]
Desktop775: checks
boumbastic: checks
*** SHOW DOWN ***
Desktop775: shows [Ts 2s] (two pair, Queens and Tens)
boumbastic: mucks hand
Desktop775 collected $29.50 from pot
*** SUMMARY ***
Total pot $30 | Rake $0.50
Board [Qs Tc Ah 9s Qd]
Seat 1: boumbastic (button) (small blind) mucked
Seat 2: Desktop775 (big blind) showed [Ts 2s] and won ($29.50) with two pair, Queens and Tens


PokerStars Hand #146369662365:  Hold'em Limit ($3/$6 USD) - 2016/01/02 23:23:27 ET
Table 'Wallenquist' 2-max Seat #2 is the button
Seat 1: boumbastic ($955.34 in chips)
Seat 2: Desktop775 ($89.92 in chips)
Desktop775: posts small blind $1
boumbastic: posts big blind $3
*** HOLE CARDS ***
Desktop775: raises $3 to $6
boumbastic: calls $3
*** FLOP *** [Kh Qs 6h]
boumbastic: checks
Desktop775: bets $3
boumbastic: folds
Uncalled bet ($3) returned to Desktop775
Desktop775 collected $11.76 from pot
Desktop775: doesn't show hand
*** SUMMARY ***
Total pot $12 | Rake $0.24
Board [Kh Qs 6h]
Seat 1: boumbastic (big blind) folded on the Flop
Seat 2: Desktop775 (button) (small blind) collected ($11.76)


PokerStars Hand #146369668378:  Hold'em Limit ($3/$6 USD) - 2016/01/02 23:23:43 ET
Table 'Wallenquist' 2-max Seat #2 is the button
Seat 1: boumbastic ($955.10 in chips)
Seat 2: Desktop775 ($89.68 in chips)
Desktop775: posts small blind $1
boumbastic: posts big blind $3
*** HOLE CARDS ***
Desktop775: folds
Uncalled bet ($2) returned to boumbastic
boumbastic collected $2 from pot
boumbastic: doesn't show hand
*** SUMMARY ***
Total pot $2 | Rake $0
Seat 1: boumbastic (big blind) collected ($2)
Seat 2: Desktop775 (button) (small blind) folded before Flop


PokerStars Hand #146369665437:  Hold'em Limit ($3/$6 USD) - 2016/01/02 23:23:35 ET
Table 'Wallenquist' 2-max Seat #1 is the button
Seat 1: boumbastic ($949.34 in chips)
Seat 2: Desktop775 ($95.68 in chips)
boumbastic: posts small blind $1
Desktop775: posts big blind $3
*** HOLE CARDS ***
boumbastic: raises $3 to $6
Desktop775: calls $3
*** FLOP *** [9c 9d 6d]
Desktop775: checks
boumbastic: bets $3
Desktop775: folds
Uncalled bet ($3) returned to boumbastic
boumbastic collected $11.76 from pot
boumbastic: doesn't show hand
*** SUMMARY ***
Total pot $12 | Rake $0.24
Board [9c 9d 6d]
Seat 1: boumbastic (button) (small blind) collected ($11.76)
Seat 2: Desktop775 (big blind) folded on the Flop


PokerStars Hand #146369646922:  Hold'em Limit ($3/$6 USD) - 2016/01/02 23:22:45 ET
Table 'Wallenquist' 2-max Seat #2 is the button
Seat 1: boumbastic ($940.84 in chips)
Seat 2: Desktop775 ($105.42 in chips)
Desktop775: posts small blind $1
boumbastic: posts big blind $3
*** HOLE CARDS ***
Desktop775: raises $3 to $6
boumbastic: calls $3
*** FLOP *** [9s 4h Jc]
boumbastic: checks
Desktop775: checks
*** TURN *** [9s 4h Jc] [Kc]
boumbastic: bets $6
Desktop775: calls $6
*** RIVER *** [9s 4h Jc Kc] [2d]
boumbastic: bets $6
Desktop775: raises $6 to $12
boumbastic: raises $6 to $18
Desktop775: calls $6
*** SHOW DOWN ***
boumbastic: shows [9c 4d] (two pair, Nines and Fours)
Desktop775: mucks hand
boumbastic collected $59.50 from pot
*** SUMMARY ***
Total pot $60 | Rake $0.50
Board [9s 4h Jc Kc 2d]
Seat 1: boumbastic (big blind) showed [9c 4d] and won ($59.50) with two pair, Nines and Fours
Seat 2: Desktop775 (button) (small blind) mucked


PokerStars Hand #146369675185:  Hold'em Limit ($3/$6 USD) - 2016/01/02 23:24:02 ET
Table 'Wallenquist' 2-max Seat #2 is the button
Seat 1: boumbastic ($947.10 in chips)
Seat 2: Desktop775 ($97.32 in chips)
Desktop775: posts small blind $1
boumbastic: posts big blind $3
*** HOLE CARDS ***
Desktop775: raises $3 to $6
boumbastic: raises $3 to $9
Desktop775: calls $3
*** FLOP *** [4c Td 7d]
boumbastic: bets $3
Desktop775: calls $3
*** TURN *** [4c Td 7d] [2h]
boumbastic: bets $6
Desktop775: calls $6
*** RIVER *** [4c Td 7d 2h] [5s]
boumbastic: bets $6
Desktop775: calls $6
*** SHOW DOWN ***
boumbastic: shows [9h 9s] (a pair of Nines)
Desktop775: mucks hand
boumbastic collected $47.50 from pot
*** SUMMARY ***
Total pot $48 | Rake $0.50
Board [4c Td 7d 2h 5s]
Seat 1: boumbastic (big blind) showed [9h 9s] and won ($47.50) with a pair of Nines
Seat 2: Desktop775 (button) (small blind) mucked


PokerStars Hand #146369680165:  Hold'em Limit ($3/$6 USD) - 2016/01/02 23:24:15 ET
Table 'Wallenquist' 2-max Seat #1 is the button
Seat 1: boumbastic ($970.60 in chips)
Seat 2: Desktop775 ($73.32 in chips)
boumbastic: posts small blind $1
Desktop775: posts big blind $3
*** HOLE CARDS ***
boumbastic: raises $3 to $6
Desktop775: calls $3
*** FLOP *** [3d 4h 6h]
Desktop775: checks
boumbastic: bets $3
Desktop775: raises $3 to $6
boumbastic: calls $3
*** TURN *** [3d 4h 6h] [As]
Desktop775: bets $6
boumbastic: calls $6
*** RIVER *** [3d 4h 6h As] [4c]
Desktop775: bets $6
boumbastic: calls $6
*** SHOW DOWN ***
Desktop775: shows [6d Ah] (two pair, Aces and Sixes)
boumbastic: mucks hand
Desktop775 collected $47.50 from pot
*** SUMMARY ***
Total pot $48 | Rake $0.50
Board [3d 4h 6h As 4c]
Seat 1: boumbastic (button) (small blind) mucked
Seat 2: Desktop775 (big blind) showed [6d Ah] and won ($47.50) with two pair, Aces and Sixes


PokerStars Hand #146369685845:  Hold'em Limit ($3/$6 USD) - 2016/01/02 23:24:30 ET
Table 'Wallenquist' 2-max Seat #2 is the button
Seat 1: boumbastic ($946.60 in chips)
Seat 2: Desktop775 ($96.82 in chips)
Desktop775: posts small blind $1
boumbastic: posts big blind $3
*** HOLE CARDS ***
Desktop775: raises $3 to $6
boumbastic: raises $3 to $9
Desktop775: calls $3
*** FLOP *** [Kh 4s Kd]
boumbastic: bets $3
Desktop775: calls $3
*** TURN *** [Kh 4s Kd] [2s]
boumbastic: bets $6
Desktop775: calls $6
*** RIVER *** [Kh 4s Kd 2s] [7c]
boumbastic: checks
Desktop775: bets $6
boumbastic: folds
Uncalled bet ($6) returned to Desktop775
Desktop775 collected $35.50 from pot
Desktop775: doesn't show hand
*** SUMMARY ***
Total pot $36 | Rake $0.50
Board [Kh 4s Kd 2s 7c]
Seat 1: boumbastic (big blind) folded on the River
Seat 2: Desktop775 (button) (small blind) collected ($35.50)


PokerStars Hand #146369670178:  Hold'em Limit ($3/$6 USD) - 2016/01/02 23:23:48 ET
Table 'Wallenquist' 2-max Seat #1 is the button
Seat 1: boumbastic ($956.10 in chips)
Seat 2: Desktop775 ($88.68 in chips)
boumbastic: posts small blind $1
Desktop775: posts big blind $3
*** HOLE CARDS ***
boumbastic: raises $3 to $6
Desktop775: calls $3
*** FLOP *** [7s 4s Qd]
Desktop775: checks
boumbastic: bets $3
Desktop775: calls $3
*** TURN *** [7s 4s Qd] [3c]
Desktop775: checks
boumbastic: checks
*** RIVER *** [7s 4s Qd 3c] [5s]
Desktop775: bets $6
boumbastic: folds
Uncalled bet ($6) returned to Desktop775
Desktop775 collected $17.64 from pot
Desktop775: doesn't show hand
*** SUMMARY ***
Total pot $18 | Rake $0.36
Board [7s 4s Qd 3c 5s]
Seat 1: boumbastic (button) (small blind) folded on the River
Seat 2: Desktop775 (big blind) collected ($17.64)


PokerStars Hand #146369699369:  Hold'em Limit ($3/$6 USD) - 2016/01/02 23:25:07 ET
Table 'Wallenquist' 2-max Seat #1 is the button
Seat 1: boumbastic ($907.60 in chips)
Seat 2: Desktop775 ($134.82 in chips)
boumbastic: posts small blind $1
Desktop775: posts big blind $3
*** HOLE CARDS ***
boumbastic: raises $3 to $6
Desktop775: folds
Uncalled bet ($3) returned to boumbastic
boumbastic collected $6 from pot
boumbastic: doesn't show hand
*** SUMMARY ***
Total pot $6 | Rake $0
Seat 1: boumbastic (button) (small blind) collected ($6)
Seat 2: Desktop775 (big blind) folded before Flop


PokerStars Hand #146369701077:  Hold'em Limit ($3/$6 USD) - 2016/01/02 23:25:12 ET
Table 'Wallenquist' 2-max Seat #2 is the button
Seat 1: boumbastic ($910.60 in chips)
Seat 2: Desktop775 ($131.82 in chips)
Desktop775: posts small blind $1
boumbastic: posts big blind $3
*** HOLE CARDS ***
Desktop775: raises $3 to $6
boumbastic: raises $3 to $9
Desktop775: calls $3
*** FLOP *** [8d Ts 8s]
boumbastic: bets $3
Desktop775: raises $3 to $6
boumbastic: calls $3
*** TURN *** [8d Ts 8s] [2h]
boumbastic: checks
Desktop775: checks
*** RIVER *** [8d Ts 8s 2h] [Ks]
boumbastic: bets $6
Desktop775: folds
Uncalled bet ($6) returned to boumbastic
boumbastic collected $29.50 from pot
boumbastic: doesn't show hand
*** SUMMARY ***
Total pot $30 | Rake $0.50
Board [8d Ts 8s 2h Ks]
Seat 1: boumbastic (big blind) collected ($29.50)
Seat 2: Desktop775 (button) (small blind) folded on the River


PokerStars Hand #146369712057:  Hold'em Limit ($3/$6 USD) - 2016/01/02 23:25:41 ET
Table 'Wallenquist' 2-max Seat #2 is the button
Seat 1: boumbastic ($936.62 in chips)
Seat 2: Desktop775 ($104.82 in chips)
Desktop775: posts small blind $1
boumbastic: posts big blind $3
*** HOLE CARDS ***
Desktop775: folds
Uncalled bet ($2) returned to boumbastic
boumbastic collected $2 from pot
boumbastic: doesn't show hand
*** SUMMARY ***
Total pot $2 | Rake $0
Seat 1: boumbastic (big blind) collected ($2)
Seat 2: Desktop775 (button) (small blind) folded before Flop


PokerStars Hand #146369707135:  Hold'em Limit ($3/$6 USD) - 2016/01/02 23:25:28 ET
Table 'Wallenquist' 2-max Seat #1 is the button
Seat 1: boumbastic ($925.10 in chips)
Seat 2: Desktop775 ($116.82 in chips)
boumbastic: posts small blind $1
Desktop775: posts big blind $3
*** HOLE CARDS ***
boumbastic: raises $3 to $6
Desktop775: raises $3 to $9
boumbastic: calls $3
*** FLOP *** [As 8c 9c]
Desktop775: bets $3
boumbastic: calls $3
*** TURN *** [As 8c 9c] [3d]
Desktop775: checks
boumbastic: checks
*** RIVER *** [As 8c 9c 3d] [5h]
Desktop775: checks
boumbastic: checks
*** SHOW DOWN ***
Desktop775: shows [Qc Js] (high card Ace)
boumbastic: shows [Kd 6d] (high card Ace - King kicker)
boumbastic collected $23.52 from pot
*** SUMMARY ***
Total pot $24 | Rake $0.48
Board [As 8c 9c 3d 5h]
Seat 1: boumbastic (button) (small blind) showed [Kd 6d] and won ($23.52) with high card Ace
Seat 2: Desktop775 (big blind) showed [Qc Js] and lost with high card Ace


PokerStars Hand #146369691827:  Hold'em Limit ($3/$6 USD) - 2016/01/02 23:24:46 ET
Table 'Wallenquist' 2-max Seat #1 is the button
Seat 1: boumbastic ($928.60 in chips)
Seat 2: Desktop775 ($114.32 in chips)
boumbastic: posts small blind $1
Desktop775: posts big blind $3
*** HOLE CARDS ***
boumbastic: raises $3 to $6
Desktop775: folds
Uncalled bet ($3) returned to boumbastic
boumbastic collected $6 from pot
boumbastic: doesn't show hand
*** SUMMARY ***
Total pot $6 | Rake $0
Seat 1: boumbastic (button) (small blind) collected ($6)
Seat 2: Desktop775 (big blind) folded before Flop


PokerStars Hand #146369693617:  Hold'em Limit ($3/$6 USD) - 2016/01/02 23:24:51 ET
Table 'Wallenquist' 2-max Seat #2 is the button
Seat 1: boumbastic ($931.60 in chips)
Seat 2: Desktop775 ($111.32 in chips)
Desktop775: posts small blind $1
boumbastic: posts big blind $3
*** HOLE CARDS ***
Desktop775: raises $3 to $6
boumbastic: raises $3 to $9
Desktop775: calls $3
*** FLOP *** [2s 6c Ad]
boumbastic: bets $3
Desktop775: calls $3
*** TURN *** [2s 6c Ad] [5c]
boumbastic: checks
Desktop775: bets $6
boumbastic: calls $6
*** RIVER *** [2s 6c Ad 5c] [Tc]
boumbastic: checks
Desktop775: bets $6
boumbastic: calls $6
*** SHOW DOWN ***
Desktop775: shows [2c 4c] (a flush, Ten high)
boumbastic: mucks hand
Desktop775 collected $47.50 from pot
*** SUMMARY ***
Total pot $48 | Rake $0.50
Board [2s 6c Ad 5c Tc]
Seat 1: boumbastic (big blind) mucked
Seat 2: Desktop775 (button) (small blind) showed [2c 4c] and won ($47.50) with a flush, Ten high


PokerStars Hand #146369721132:  Hold'em Limit ($3/$6 USD) - 2016/01/02 23:26:06 ET
Table 'Wallenquist' 2-max Seat #1 is the button
Seat 1: boumbastic ($959.12 in chips)
Seat 2: Desktop775 ($81.82 in chips)
boumbastic: posts small blind $1
Desktop775: posts big blind $3
*** HOLE CARDS ***
boumbastic: raises $3 to $6
Desktop775: raises $3 to $9
boumbastic: calls $3
*** FLOP *** [8s 7c 7s]
Desktop775: bets $3
boumbastic: calls $3
*** TURN *** [8s 7c 7s] [Jd]
Desktop775: checks
boumbastic: checks
*** RIVER *** [8s 7c 7s Jd] [Th]
Desktop775: bets $6
boumbastic: raises $6 to $12
Desktop775: calls $6
*** SHOW DOWN ***
boumbastic: shows [9h 4d] (a straight, Seven to Jack)
Desktop775: mucks hand
boumbastic collected $47.50 from pot
*** SUMMARY ***
Total pot $48 | Rake $0.50
Board [8s 7c 7s Jd Th]
Seat 1: boumbastic (button) (small blind) showed [9h 4d] and won ($47.50) with a straight, Seven to Jack
Seat 2: Desktop775 (big blind) mucked


PokerStars Hand #146369727086:  Hold'em Limit ($3/$6 USD) - 2016/01/02 23:26:22 ET
Table 'Wallenquist' 2-max Seat #2 is the button
Seat 1: boumbastic ($982.62 in chips)
Seat 2: Desktop775 ($120 in chips)
Desktop775: posts small blind $1
boumbastic: posts big blind $3
*** HOLE CARDS ***
Desktop775: raises $3 to $6
boumbastic: raises $3 to $9
Desktop775: calls $3
*** FLOP *** [7d 3h Kc]
boumbastic: bets $3
Desktop775: calls $3
*** TURN *** [7d 3h Kc] [8s]
boumbastic: bets $6
Desktop775: raises $6 to $12
boumbastic: calls $6
*** RIVER *** [7d 3h Kc 8s] [Ad]
boumbastic: checks
Desktop775: bets $6
boumbastic: calls $6
*** SHOW DOWN ***
Desktop775: shows [Ts 6c] (high card Ace)
boumbastic: shows [7s Js] (a pair of Sevens)
boumbastic collected $59.50 from pot
*** SUMMARY ***
Total pot $60 | Rake $0.50
Board [7d 3h Kc 8s Ad]
Seat 1: boumbastic (big blind) showed [7s Js] and won ($59.50) with a pair of Sevens
Seat 2: Desktop775 (button) (small blind) showed [Ts 6c] and lost with high card Ace


PokerStars Hand #146369719496:  Hold'em Limit ($3/$6 USD) - 2016/01/02 23:26:01 ET
Table 'Wallenquist' 2-max Seat #2 is the button
Seat 1: boumbastic ($958.12 in chips)
Seat 2: Desktop775 ($82.82 in chips)
Desktop775: posts small blind $1
boumbastic: posts big blind $3
*** HOLE CARDS ***
Desktop775: folds
Uncalled bet ($2) returned to boumbastic
boumbastic collected $2 from pot
boumbastic: doesn't show hand
*** SUMMARY ***
Total pot $2 | Rake $0
Seat 1: boumbastic (big blind) collected ($2)
Seat 2: Desktop775 (button) (small blind) folded before Flop


PokerStars Hand #146369713915:  Hold'em Limit ($3/$6 USD) - 2016/01/02 23:25:46 ET
Table 'Wallenquist' 2-max Seat #1 is the button
Seat 1: boumbastic ($937.62 in chips)
Seat 2: Desktop775 ($103.82 in chips)
boumbastic: posts small blind $1
Desktop775: posts big blind $3
*** HOLE CARDS ***
boumbastic: raises $3 to $6
Desktop775: calls $3
*** FLOP *** [Jd Ks 6c]
Desktop775: checks
boumbastic: bets $3
Desktop775: calls $3
*** TURN *** [Jd Ks 6c] [Th]
Desktop775: checks
boumbastic: bets $6
Desktop775: calls $6
*** RIVER *** [Jd Ks 6c Th] [5c]
Desktop775: checks
boumbastic: bets $6
Desktop775: calls $6
*** SHOW DOWN ***
boumbastic: shows [Qd Jh] (a pair of Jacks)
Desktop775: mucks hand
boumbastic collected $41.50 from pot
*** SUMMARY ***
Total pot $42 | Rake $0.50
Board [Jd Ks 6c Th 5c]
Seat 1: boumbastic (button) (small blind) showed [Qd Jh] and won ($41.50) with a pair of Jacks
Seat 2: Desktop775 (big blind) mucked


PokerStars Hand #146369742887:  Hold'em Limit ($3/$6 USD) - 2016/01/02 23:27:05 ET
Table 'Wallenquist' 2-max Seat #1 is the button
Seat 1: boumbastic ($1020.62 in chips)
Seat 2: Desktop775 ($80.64 in chips)
boumbastic: posts small blind $1
Desktop775: posts big blind $3
*** HOLE CARDS ***
boumbastic: raises $3 to $6
Desktop775: calls $3
*** FLOP *** [5h 3c 3s]
Desktop775: checks
boumbastic: bets $3
Desktop775: raises $3 to $6
boumbastic: calls $3
*** TURN *** [5h 3c 3s] [Qs]
Desktop775: bets $6
boumbastic: calls $6
*** RIVER *** [5h 3c 3s Qs] [6s]
Desktop775: bets $6
boumbastic: raises $6 to $12
Desktop775: calls $6
*** SHOW DOWN ***
boumbastic: shows [Ks 6h] (two pair, Sixes and Threes)
Desktop775: mucks hand
boumbastic collected $59.50 from pot
*** SUMMARY ***
Total pot $60 | Rake $0.50
Board [5h 3c 3s Qs 6s]
Seat 1: boumbastic (button) (small blind) showed [Ks 6h] and won ($59.50) with two pair, Sixes and Threes
Seat 2: Desktop775 (big blind) mucked


PokerStars Hand #146369748851:  Hold'em Limit ($3/$6 USD) - 2016/01/02 23:27:22 ET
Table 'Wallenquist' 2-max Seat #2 is the button
Seat 1: boumbastic ($1050.12 in chips)
Seat 2: Desktop775 ($120 in chips)
Desktop775: posts small blind $1
boumbastic: posts big blind $3
*** HOLE CARDS ***
Desktop775: raises $3 to $6
boumbastic: raises $3 to $9
Desktop775: calls $3
*** FLOP *** [Ac 6h Ts]
boumbastic: bets $3
Desktop775: calls $3
*** TURN *** [Ac 6h Ts] [Ah]
boumbastic: checks
Desktop775: bets $6
boumbastic: raises $6 to $12
Desktop775: folds
Uncalled bet ($6) returned to boumbastic
boumbastic collected $35.50 from pot
boumbastic: doesn't show hand
*** SUMMARY ***
Total pot $36 | Rake $0.50
Board [Ac 6h Ts Ah]
Seat 1: boumbastic (big blind) collected ($35.50)
Seat 2: Desktop775 (button) (small blind) folded on the Turn


PokerStars Hand #146369733216:  Hold'em Limit ($3/$6 USD) - 2016/01/02 23:26:39 ET
Table 'Wallenquist' 2-max Seat #1 is the button
Seat 1: boumbastic ($1012.12 in chips)
Seat 2: Desktop775 ($90 in chips)
boumbastic: posts small blind $1
Desktop775: posts big blind $3
*** HOLE CARDS ***
boumbastic: raises $3 to $6
Desktop775: calls $3
*** FLOP *** [2c 9c 8h]
Desktop775: checks
boumbastic: bets $3
Desktop775: raises $3 to $6
boumbastic: calls $3
*** TURN *** [2c 9c 8h] [5s]
Desktop775: bets $6
boumbastic: calls $6
*** RIVER *** [2c 9c 8h 5s] [Kh]
Desktop775: checks
boumbastic: checks
*** SHOW DOWN ***
Desktop775: shows [3c Td] (high card King)
boumbastic: shows [Qc Ad] (high card Ace)
boumbastic collected $35.50 from pot
*** SUMMARY ***
Total pot $36 | Rake $0.50
Board [2c 9c 8h 5s Kh]
Seat 1: boumbastic (button) (small blind) showed [Qc Ad] and won ($35.50) with high card Ace
Seat 2: Desktop775 (big blind) showed [3c Td] and lost with high card King


PokerStars Hand #146369738787:  Hold'em Limit ($3/$6 USD) - 2016/01/02 23:26:54 ET
Table 'Wallenquist' 2-max Seat #2 is the button
Seat 1: boumbastic ($1029.62 in chips)
Seat 2: Desktop775 ($72 in chips)
Desktop775: posts small blind $1
boumbastic: posts big blind $3
*** HOLE CARDS ***
Desktop775: raises $3 to $6
boumbastic: calls $3
*** FLOP *** [Qc 4s Th]
boumbastic: checks
Desktop775: bets $3
boumbastic: calls $3
*** TURN *** [Qc 4s Th] [2s]
boumbastic: checks
Desktop775: bets $6
boumbastic: folds
Uncalled bet ($6) returned to Desktop775
Desktop775 collected $17.64 from pot
Desktop775: doesn't show hand
*** SUMMARY ***
Total pot $18 | Rake $0.36
Board [Qc 4s Th 2s]
Seat 1: boumbastic (big blind) folded on the Turn
Seat 2: Desktop775 (button) (small blind) collected ($17.64)


PokerStars Hand #146369765114:  Hold'em Limit ($3/$6 USD) - 2016/01/02 23:28:07 ET
Table 'Wallenquist' 2-max Seat #2 is the button
Seat 1: boumbastic ($1076.14 in chips)
Seat 2: Desktop775 ($92.76 in chips)
Desktop775: posts small blind $1
boumbastic: posts big blind $3
*** HOLE CARDS ***
Desktop775: raises $3 to $6
boumbastic: calls $3
*** FLOP *** [2c Jh 2h]
boumbastic: checks
Desktop775: bets $3
boumbastic: calls $3
*** TURN *** [2c Jh 2h] [5s]
boumbastic: checks
Desktop775: bets $6
boumbastic: folds
Uncalled bet ($6) returned to Desktop775
Desktop775 collected $17.64 from pot
Desktop775: doesn't show hand
*** SUMMARY ***
Total pot $18 | Rake $0.36
Board [2c Jh 2h 5s]
Seat 1: boumbastic (big blind) folded on the Turn
Seat 2: Desktop775 (button) (small blind) collected ($17.64)


PokerStars Hand #146369759528:  Hold'em Limit ($3/$6 USD) - 2016/01/02 23:27:52 ET
Table 'Wallenquist' 2-max Seat #2 is the button
Seat 1: boumbastic ($1079.14 in chips)
Seat 2: Desktop775 ($90 in chips)
Desktop775: posts small blind $1
boumbastic: posts big blind $3
*** HOLE CARDS ***
Desktop775: raises $3 to $6
boumbastic: calls $3
*** FLOP *** [Qd Qs 3s]
boumbastic: checks
Desktop775: bets $3
boumbastic: folds
Uncalled bet ($3) returned to Desktop775
Desktop775 collected $11.76 from pot
Desktop775: doesn't show hand
*** SUMMARY ***
Total pot $12 | Rake $0.24
Board [Qd Qs 3s]
Seat 1: boumbastic (big blind) folded on the Flop
Seat 2: Desktop775 (button) (small blind) collected ($11.76)


PokerStars Hand #146369754389:  Hold'em Limit ($3/$6 USD) - 2016/01/02 23:27:37 ET
Table 'Wallenquist' 2-max Seat #1 is the button
Seat 1: boumbastic ($1067.62 in chips)
Seat 2: Desktop775 ($102 in chips)
boumbastic: posts small blind $1
Desktop775: posts big blind $3
*** HOLE CARDS ***
boumbastic: raises $3 to $6
Desktop775: raises $3 to $9
boumbastic: calls $3
*** FLOP *** [Td 2d 7c]
Desktop775: bets $3
boumbastic: calls $3
*** TURN *** [Td 2d 7c] [7d]
Desktop775: checks
boumbastic: bets $6
Desktop775: folds
Uncalled bet ($6) returned to boumbastic
boumbastic collected $23.52 from pot
boumbastic: doesn't show hand
*** SUMMARY ***
Total pot $24 | Rake $0.48
Board [Td 2d 7c 7d]
Seat 1: boumbastic (button) (small blind) collected ($23.52)
Seat 2: Desktop775 (big blind) folded on the Turn


