PokerStars Hand #160446181694:  Hold'em Limit ($3/$6 USD) - 2016/10/25 21:25:53 ET
Table 'Walpurga' 6-max Seat #4 is the button
Seat 3: habari786 ($80.50 in chips)
Seat 4: assitoni ($72 in chips)
assitoni: posts small blind $1
habari786: posts big blind $3
*** HOLE CARDS ***
assitoni: folds
Uncalled bet ($2) returned to habari786
habari786 collected $2 from pot
habari786: doesn't show hand
*** SUMMARY ***
Total pot $2 | Rake $0
Seat 3: habari786 (big blind) collected ($2)
Seat 4: assitoni (button) (small blind) folded before Flop


PokerStars Hand #160446165485:  Hold'em Limit ($3/$6 USD) - 2016/10/25 21:25:15 ET
Table 'Walpurga' 6-max Seat #3 is the button
Seat 3: habari786 ($60 in chips)
Seat 4: assitoni ($72 in chips)
habari786: posts small blind $1
assitoni: posts big blind $3
*** HOLE CARDS ***
habari786: raises $3 to $6
assitoni: calls $3
*** FLOP *** [2d 2h Td]
assitoni: checks
habari786: bets $3
assitoni: calls $3
*** TURN *** [2d 2h Td] [6c]
assitoni: checks
habari786: bets $6
assitoni: calls $6
*** RIVER *** [2d 2h Td 6c] [4d]
assitoni: checks
habari786: bets $6
assitoni: calls $6
*** SHOW DOWN ***
habari786: shows [3h 4c] (two pair, Fours and Deuces)
assitoni: mucks hand
habari786 collected $41.50 from pot
*** SUMMARY ***
Total pot $42 | Rake $0.50
Board [2d 2h Td 6c 4d]
Seat 3: habari786 (button) (small blind) showed [3h 4c] and won ($41.50) with two pair, Fours and Deuces
Seat 4: assitoni (big blind) mucked


PokerStars Hand #160446204772:  Hold'em Limit ($3/$6 USD) - 2016/10/25 21:26:49 ET
Table 'Walpurga' 6-max Seat #3 is the button
Seat 3: habari786 ($103 in chips)
Seat 4: assitoni ($72 in chips)
habari786: posts small blind $1
assitoni: posts big blind $3
*** HOLE CARDS ***
habari786: folds
Uncalled bet ($2) returned to assitoni
assitoni collected $2 from pot
assitoni: doesn't show hand
*** SUMMARY ***
Total pot $2 | Rake $0
Seat 3: habari786 (button) (small blind) folded before Flop
Seat 4: assitoni (big blind) collected ($2)


PokerStars Hand #160446202058:  Hold'em Limit ($3/$6 USD) - 2016/10/25 21:26:42 ET
Table 'Walpurga' 6-max Seat #4 is the button
Seat 3: habari786 ($102 in chips)
Seat 4: assitoni ($72 in chips)
assitoni: posts small blind $1
habari786: posts big blind $3
*** HOLE CARDS ***
assitoni: folds
Uncalled bet ($2) returned to habari786
habari786 collected $2 from pot
habari786: doesn't show hand
*** SUMMARY ***
Total pot $2 | Rake $0
Seat 3: habari786 (big blind) collected ($2)
Seat 4: assitoni (button) (small blind) folded before Flop


PokerStars Hand #160446184228:  Hold'em Limit ($3/$6 USD) - 2016/10/25 21:25:59 ET
Table 'Walpurga' 6-max Seat #3 is the button
Seat 3: habari786 ($81.50 in chips)
Seat 4: assitoni ($72 in chips)
habari786: posts small blind $1
assitoni: posts big blind $3
*** HOLE CARDS ***
habari786: raises $3 to $6
assitoni: raises $3 to $9
habari786: raises $3 to $12
Betting is capped
assitoni: calls $3
*** FLOP *** [5s 4h 7s]
assitoni: checks
habari786: bets $3
assitoni: calls $3
*** TURN *** [5s 4h 7s] [9s]
assitoni: checks
habari786: checks
*** RIVER *** [5s 4h 7s 9s] [7c]
assitoni: checks
habari786: bets $6
assitoni: calls $6
*** SHOW DOWN ***
habari786: shows [Ad Kh] (a pair of Sevens)
assitoni: mucks hand
habari786 collected $41.50 from pot
*** SUMMARY ***
Total pot $42 | Rake $0.50
Board [5s 4h 7s 9s 7c]
Seat 3: habari786 (button) (small blind) showed [Ad Kh] and won ($41.50) with a pair of Sevens
Seat 4: assitoni (big blind) mucked


PokerStars Hand #160446221630:  Hold'em Limit ($3/$6 USD) - 2016/10/25 21:27:30 ET
Table 'Walpurga' 6-max Seat #3 is the button
Seat 3: habari786 ($101.75 in chips)
Seat 4: assitoni ($72.75 in chips)
habari786: posts small blind $1
assitoni: posts big blind $3
*** HOLE CARDS ***
habari786: raises $3 to $6
assitoni: calls $3
*** FLOP *** [Js Kh 6d]
assitoni: checks
habari786: checks
*** TURN *** [Js Kh 6d] [Td]
assitoni: checks
habari786: bets $6
assitoni: calls $6
*** RIVER *** [Js Kh 6d Td] [Qd]
assitoni: checks
habari786: bets $6
assitoni: calls $6
*** SHOW DOWN ***
habari786: shows [As Qh] (a straight, Ten to Ace)
assitoni: mucks hand
habari786 collected $35.50 from pot
*** SUMMARY ***
Total pot $36 | Rake $0.50
Board [Js Kh 6d Td Qd]
Seat 3: habari786 (button) (small blind) showed [As Qh] and won ($35.50) with a straight, Ten to Ace
Seat 4: assitoni (big blind) mucked


PokerStars Hand #160446206819:  Hold'em Limit ($3/$6 USD) - 2016/10/25 21:26:54 ET
Table 'Walpurga' 6-max Seat #4 is the button
Seat 3: habari786 ($102 in chips)
Seat 4: assitoni ($73 in chips)
assitoni: posts small blind $1
habari786: posts big blind $3
*** HOLE CARDS ***
assitoni: raises $3 to $6
habari786: calls $3
*** FLOP *** [9c Kd Ac]
habari786: checks
assitoni: bets $3
habari786: calls $3
*** TURN *** [9c Kd Ac] [4d]
habari786: checks
assitoni: bets $6
habari786: raises $6 to $12
keeper_art joins the table at seat #5
assitoni: raises $6 to $18
habari786: calls $6
*** RIVER *** [9c Kd Ac 4d] [Jc]
habari786: checks
assitoni: checks
*** SHOW DOWN ***
habari786: shows [Ad 7s] (a pair of Aces)
assitoni: shows [8c Ah] (a pair of Aces)
habari786 collected $26.75 from pot
assitoni collected $26.75 from pot
*** SUMMARY ***
Total pot $54 | Rake $0.50
Board [9c Kd Ac 4d Jc]
Seat 3: habari786 (big blind) showed [Ad 7s] and won ($26.75) with a pair of Aces
Seat 4: assitoni (button) (small blind) showed [8c Ah] and won ($26.75) with a pair of Aces


PokerStars Hand #160446243387:  Hold'em Limit ($3/$6 USD) - 2016/10/25 21:28:24 ET
Table 'Walpurga' 6-max Seat #5 is the button
Seat 3: habari786 ($123.25 in chips)
Seat 5: keeper_art ($117 in chips)
keeper_art: posts small blind $1
habari786: posts big blind $3
*** HOLE CARDS ***
keeper_art: raises $3 to $6
habari786: folds
Uncalled bet ($3) returned to keeper_art
keeper_art collected $6 from pot
*** SUMMARY ***
Total pot $6 | Rake $0
Seat 3: habari786 (big blind) folded before Flop
Seat 5: keeper_art (button) (small blind) collected ($6)


PokerStars Hand #160446240591:  Hold'em Limit ($3/$6 USD) - 2016/10/25 21:28:17 ET
Table 'Walpurga' 6-max Seat #3 is the button
Seat 3: habari786 ($124.25 in chips)
Seat 5: keeper_art ($116 in chips)
habari786: posts small blind $1
assitoni: is sitting out
keeper_art: posts big blind $3
*** HOLE CARDS ***
habari786: folds
Uncalled bet ($2) returned to keeper_art
keeper_art collected $2 from pot
*** SUMMARY ***
Total pot $2 | Rake $0
Seat 3: habari786 (button) (small blind) folded before Flop
Seat 5: keeper_art (big blind) collected ($2)


