PokerStars Hand #146009825631:  Hold'em Limit ($3/$6 USD) - 2015/12/27 12:46:06 ET
Table 'Walpurga' 2-max Seat #2 is the button
Seat 1: BigYelloFish ($57 in chips)
Seat 2: yohithegreat ($181.28 in chips)
yohithegreat: posts small blind $1
BigYelloFish: posts big blind $3
*** HOLE CARDS ***
yohithegreat: raises $3 to $6
BigYelloFish: raises $3 to $9
yohithegreat: calls $3
*** FLOP *** [2d Qc 7s]
BigYelloFish: bets $3
yohithegreat: calls $3
*** TURN *** [2d Qc 7s] [5h]
BigYelloFish: checks
yohithegreat: checks
*** RIVER *** [2d Qc 7s 5h] [5c]
BigYelloFish: checks
yohithegreat: checks
*** SHOW DOWN ***
BigYelloFish: shows [Ah 9d] (a pair of Fives)
yohithegreat: mucks hand
BigYelloFish collected $23.52 from pot
*** SUMMARY ***
Total pot $24 | Rake $0.48
Board [2d Qc 7s 5h 5c]
Seat 1: BigYelloFish (big blind) showed [Ah 9d] and won ($23.52) with a pair of Fives
Seat 2: yohithegreat (button) (small blind) mucked


PokerStars Hand #146009820743:  Hold'em Limit ($3/$6 USD) - 2015/12/27 12:46:01 ET
Table 'Walpurga' 2-max Seat #1 is the button
Seat 1: BigYelloFish ($58 in chips)
Seat 2: yohithegreat ($180.28 in chips)
BigYelloFish: posts small blind $1
yohithegreat: posts big blind $3
*** HOLE CARDS ***
BigYelloFish: folds
Uncalled bet ($2) returned to yohithegreat
yohithegreat collected $2 from pot
*** SUMMARY ***
Total pot $2 | Rake $0
Seat 1: BigYelloFish (button) (small blind) folded before Flop
Seat 2: yohithegreat (big blind) collected ($2)


PokerStars Hand #146009798001:  Hold'em Limit ($3/$6 USD) - 2015/12/27 12:45:39 ET
Table 'Walpurga' 2-max Seat #2 is the button
Seat 1: BigYelloFish ($85 in chips)
Seat 2: yohithegreat ($153.78 in chips)
yohithegreat: posts small blind $1
BigYelloFish: posts big blind $3
*** HOLE CARDS ***
yohithegreat: raises $3 to $6
BigYelloFish: raises $3 to $9
yohithegreat: calls $3
*** FLOP *** [Qd 8s 5h]
BigYelloFish: bets $3
yohithegreat: raises $3 to $6
BigYelloFish: calls $3
*** TURN *** [Qd 8s 5h] [6s]
BigYelloFish: checks
yohithegreat: bets $6
BigYelloFish: calls $6
*** RIVER *** [Qd 8s 5h 6s] [8d]
BigYelloFish: checks
yohithegreat: bets $6
BigYelloFish: calls $6
*** SHOW DOWN ***
yohithegreat: shows [5d Ac] (two pair, Eights and Fives)
BigYelloFish: mucks hand
yohithegreat collected $53.50 from pot
*** SUMMARY ***
Total pot $54 | Rake $0.50
Board [Qd 8s 5h 6s 8d]
Seat 1: BigYelloFish (big blind) mucked
Seat 2: yohithegreat (button) (small blind) showed [5d Ac] and won ($53.50) with two pair, Eights and Fives


PokerStars Hand #146009783924:  Hold'em Limit ($3/$6 USD) - 2015/12/27 12:45:25 ET
Table 'Walpurga' 2-max Seat #1 is the button
Seat 1: BigYelloFish ($97 in chips)
Seat 2: yohithegreat ($142.26 in chips)
BigYelloFish: posts small blind $1
yohithegreat: posts big blind $3
*** HOLE CARDS ***
BigYelloFish: raises $3 to $6
yohithegreat: raises $3 to $9
BigYelloFish: calls $3
*** FLOP *** [Th 2d Qh]
yohithegreat: bets $3
BigYelloFish: calls $3
*** TURN *** [Th 2d Qh] [Kd]
yohithegreat: bets $6
BigYelloFish: folds
Uncalled bet ($6) returned to yohithegreat
yohithegreat collected $23.52 from pot
*** SUMMARY ***
Total pot $24 | Rake $0.48
Board [Th 2d Qh Kd]
Seat 1: BigYelloFish (button) (small blind) folded on the Turn
Seat 2: yohithegreat (big blind) collected ($23.52)


PokerStars Hand #146009893943:  Hold'em Limit ($3/$6 USD) - 2015/12/27 12:47:11 ET
Table 'Walpurga' 2-max Seat #1 is the button
Seat 1: BigYelloFish ($74.90 in chips)
Seat 2: yohithegreat ($161.78 in chips)
BigYelloFish: posts small blind $1
yohithegreat: posts big blind $3
*** HOLE CARDS ***
BigYelloFish: raises $3 to $6
yohithegreat: raises $3 to $9
BigYelloFish: raises $3 to $12
Betting is capped
yohithegreat: calls $3
*** FLOP *** [8h 9h Ac]
yohithegreat: checks
BigYelloFish: checks
*** TURN *** [8h 9h Ac] [3h]
yohithegreat: bets $6
BigYelloFish: raises $6 to $12
yohithegreat: calls $6
*** RIVER *** [8h 9h Ac 3h] [4d]
yohithegreat: checks
BigYelloFish: bets $6
yohithegreat: folds
Uncalled bet ($6) returned to BigYelloFish
BigYelloFish collected $47.50 from pot
BigYelloFish: doesn't show hand
*** SUMMARY ***
Total pot $48 | Rake $0.50
Board [8h 9h Ac 3h 4d]
Seat 1: BigYelloFish (button) (small blind) collected ($47.50)
Seat 2: yohithegreat (big blind) folded on the River


PokerStars Hand #146009847319:  Hold'em Limit ($3/$6 USD) - 2015/12/27 12:46:27 ET
Table 'Walpurga' 2-max Seat #1 is the button
Seat 1: BigYelloFish ($68.52 in chips)
Seat 2: yohithegreat ($169.28 in chips)
BigYelloFish: posts small blind $1
yohithegreat: posts big blind $3
*** HOLE CARDS ***
BigYelloFish: raises $3 to $6
yohithegreat: calls $3
*** FLOP *** [Qh Qc 6c]
yohithegreat: checks
BigYelloFish: bets $3
yohithegreat: raises $3 to $6
BigYelloFish: calls $3
*** TURN *** [Qh Qc 6c] [5h]
yohithegreat: bets $6
BigYelloFish: calls $6
*** RIVER *** [Qh Qc 6c 5h] [Ts]
yohithegreat: checks
BigYelloFish: checks
*** SHOW DOWN ***
yohithegreat: shows [3c Kd] (a pair of Queens)
BigYelloFish: shows [Ah Kc] (a pair of Queens - Ace kicker)
BigYelloFish collected $35.50 from pot
*** SUMMARY ***
Total pot $36 | Rake $0.50
Board [Qh Qc 6c 5h Ts]
Seat 1: BigYelloFish (button) (small blind) showed [Ah Kc] and won ($35.50) with a pair of Queens
Seat 2: yohithegreat (big blind) showed [3c Kd] and lost with a pair of Queens


PokerStars Hand #146009862163:  Hold'em Limit ($3/$6 USD) - 2015/12/27 12:46:42 ET
Table 'Walpurga' 2-max Seat #2 is the button
Seat 1: BigYelloFish ($86.02 in chips)
Seat 2: yohithegreat ($151.28 in chips)
yohithegreat: posts small blind $1
BigYelloFish: posts big blind $3
*** HOLE CARDS ***
yohithegreat: folds
Uncalled bet ($2) returned to BigYelloFish
BigYelloFish collected $2 from pot
BigYelloFish: doesn't show hand
*** SUMMARY ***
Total pot $2 | Rake $0
Seat 1: BigYelloFish (big blind) collected ($2)
Seat 2: yohithegreat (button) (small blind) folded before Flop


PokerStars Hand #146009867173:  Hold'em Limit ($3/$6 USD) - 2015/12/27 12:46:47 ET
Table 'Walpurga' 2-max Seat #1 is the button
Seat 1: BigYelloFish ($87.02 in chips)
Seat 2: yohithegreat ($150.28 in chips)
BigYelloFish: posts small blind $1
yohithegreat: posts big blind $3
*** HOLE CARDS ***
BigYelloFish: raises $3 to $6
yohithegreat: calls $3
*** FLOP *** [7h 6s 6h]
yohithegreat: checks
BigYelloFish: bets $3
yohithegreat: calls $3
*** TURN *** [7h 6s 6h] [As]
yohithegreat: checks
BigYelloFish: bets $6
yohithegreat: raises $6 to $12
BigYelloFish: folds
Uncalled bet ($6) returned to yohithegreat
yohithegreat collected $29.50 from pot
*** SUMMARY ***
Total pot $30 | Rake $0.50
Board [7h 6s 6h As]
Seat 1: BigYelloFish (button) (small blind) folded on the Turn
Seat 2: yohithegreat (big blind) collected ($29.50)


PokerStars Hand #146009882496:  Hold'em Limit ($3/$6 USD) - 2015/12/27 12:47:01 ET
Table 'Walpurga' 2-max Seat #2 is the button
Seat 1: BigYelloFish ($72.02 in chips)
Seat 2: yohithegreat ($164.78 in chips)
yohithegreat: posts small blind $1
BigYelloFish: posts big blind $3
*** HOLE CARDS ***
yohithegreat: calls $2
BigYelloFish: checks
*** FLOP *** [Td 8h 5c]
BigYelloFish: checks
yohithegreat: checks
*** TURN *** [Td 8h 5c] [Ac]
BigYelloFish: bets $6
yohithegreat: folds
Uncalled bet ($6) returned to BigYelloFish
BigYelloFish collected $5.88 from pot
BigYelloFish: doesn't show hand
*** SUMMARY ***
Total pot $6 | Rake $0.12
Board [Td 8h 5c Ac]
Seat 1: BigYelloFish (big blind) collected ($5.88)
Seat 2: yohithegreat (button) (small blind) folded on the Turn


PokerStars Hand #146009916886:  Hold'em Limit ($3/$6 USD) - 2015/12/27 12:47:32 ET
Table 'Walpurga' 2-max Seat #2 is the button
Seat 1: BigYelloFish ($98.40 in chips)
Seat 2: yohithegreat ($137.78 in chips)
yohithegreat: posts small blind $1
BigYelloFish: posts big blind $3
*** HOLE CARDS ***
yohithegreat: folds
Uncalled bet ($2) returned to BigYelloFish
BigYelloFish collected $2 from pot
BigYelloFish: doesn't show hand
*** SUMMARY ***
Total pot $2 | Rake $0
Seat 1: BigYelloFish (big blind) collected ($2)
Seat 2: yohithegreat (button) (small blind) folded before Flop


PokerStars Hand #146009922071:  Hold'em Limit ($3/$6 USD) - 2015/12/27 12:47:36 ET
Table 'Walpurga' 2-max Seat #1 is the button
Seat 1: BigYelloFish ($99.40 in chips)
Seat 2: yohithegreat ($136.78 in chips)
BigYelloFish: posts small blind $1
yohithegreat: posts big blind $3
*** HOLE CARDS ***
BigYelloFish: calls $2
yohithegreat: checks
*** FLOP *** [Jh 7s 3d]
yohithegreat: bets $3
BigYelloFish: folds
Uncalled bet ($3) returned to yohithegreat
yohithegreat collected $5.88 from pot
*** SUMMARY ***
Total pot $6 | Rake $0.12
Board [Jh 7s 3d]
Seat 1: BigYelloFish (button) (small blind) folded on the Flop
Seat 2: yohithegreat (big blind) collected ($5.88)


PokerStars Hand #146009934536:  Hold'em Limit ($3/$6 USD) - 2015/12/27 12:47:47 ET
Table 'Walpurga' 2-max Seat #2 is the button
Seat 1: BigYelloFish ($96.40 in chips)
Seat 2: yohithegreat ($139.66 in chips)
yohithegreat: posts small blind $1
BigYelloFish: posts big blind $3
*** HOLE CARDS ***
yohithegreat: raises $3 to $6
BigYelloFish: raises $3 to $9
yohithegreat: calls $3
*** FLOP *** [5h 8d 7c]
BigYelloFish: checks
yohithegreat: checks
*** TURN *** [5h 8d 7c] [6h]
BigYelloFish: checks
yohithegreat: checks
*** RIVER *** [5h 8d 7c 6h] [8h]
BigYelloFish: bets $6
yohithegreat: calls $6
*** SHOW DOWN ***
BigYelloFish: shows [Kc 4d] (a straight, Four to Eight)
yohithegreat: mucks hand
BigYelloFish collected $29.50 from pot
*** SUMMARY ***
Total pot $30 | Rake $0.50
Board [5h 8d 7c 6h 8h]
Seat 1: BigYelloFish (big blind) showed [Kc 4d] and won ($29.50) with a straight, Four to Eight
Seat 2: yohithegreat (button) (small blind) mucked


PokerStars Hand #146009953883:  Hold'em Limit ($3/$6 USD) - 2015/12/27 12:48:05 ET
Table 'Walpurga' 2-max Seat #1 is the button
Seat 1: BigYelloFish ($110.90 in chips)
Seat 2: yohithegreat ($124.66 in chips)
BigYelloFish: posts small blind $1
yohithegreat: posts big blind $3
*** HOLE CARDS ***
BigYelloFish: raises $3 to $6
yohithegreat: calls $3
*** FLOP *** [Tc 2c Ks]
yohithegreat: bets $3
BigYelloFish: calls $3
*** TURN *** [Tc 2c Ks] [9h]
yohithegreat: bets $6
BigYelloFish: calls $6
*** RIVER *** [Tc 2c Ks 9h] [Qh]
yohithegreat: bets $6
BigYelloFish: folds
Uncalled bet ($6) returned to yohithegreat
yohithegreat collected $29.50 from pot
*** SUMMARY ***
Total pot $30 | Rake $0.50
Board [Tc 2c Ks 9h Qh]
Seat 1: BigYelloFish (button) (small blind) folded on the River
Seat 2: yohithegreat (big blind) collected ($29.50)


PokerStars Hand #146010012969:  Hold'em Limit ($3/$6 USD) - 2015/12/27 12:48:57 ET
Table 'Walpurga' 2-max Seat #1 is the button
Seat 1: BigYelloFish ($70.65 in chips)
Seat 2: yohithegreat ($163.41 in chips)
BigYelloFish: posts small blind $1
yohithegreat: posts big blind $3
*** HOLE CARDS ***
BigYelloFish: folds
Uncalled bet ($2) returned to yohithegreat
yohithegreat collected $2 from pot
*** SUMMARY ***
Total pot $2 | Rake $0
Seat 1: BigYelloFish (button) (small blind) folded before Flop
Seat 2: yohithegreat (big blind) collected ($2)


PokerStars Hand #146009994363:  Hold'em Limit ($3/$6 USD) - 2015/12/27 12:48:40 ET
Table 'Walpurga' 2-max Seat #2 is the button
Seat 1: BigYelloFish ($70.90 in chips)
Seat 2: yohithegreat ($163.66 in chips)
yohithegreat: posts small blind $1
BigYelloFish: posts big blind $3
*** HOLE CARDS ***
yohithegreat: calls $2
BigYelloFish: raises $3 to $6
yohithegreat: calls $3
*** FLOP *** [Kd Jc 9c]
BigYelloFish: bets $3
yohithegreat: calls $3
*** TURN *** [Kd Jc 9c] [Qc]
BigYelloFish: bets $6
yohithegreat: raises $6 to $12
BigYelloFish: raises $6 to $18
yohithegreat: calls $6
*** RIVER *** [Kd Jc 9c Qc] [Qs]
BigYelloFish: bets $6
yohithegreat: calls $6
*** SHOW DOWN ***
BigYelloFish: shows [Td Qh] (a straight, Nine to King)
yohithegreat: shows [Th 2c] (a straight, Nine to King)
BigYelloFish collected $32.75 from pot
yohithegreat collected $32.75 from pot
*** SUMMARY ***
Total pot $66 | Rake $0.50
Board [Kd Jc 9c Qc Qs]
Seat 1: BigYelloFish (big blind) showed [Td Qh] and won ($32.75) with a straight, Nine to King
Seat 2: yohithegreat (button) (small blind) showed [Th 2c] and won ($32.75) with a straight, Nine to King


PokerStars Hand #146010018528:  Hold'em Limit ($3/$6 USD) - 2015/12/27 12:49:02 ET
Table 'Walpurga' 2-max Seat #2 is the button
Seat 1: BigYelloFish ($69.65 in chips)
Seat 2: yohithegreat ($164.41 in chips)
yohithegreat: posts small blind $1
BigYelloFish: posts big blind $3
*** HOLE CARDS ***
yohithegreat: calls $2
BigYelloFish: raises $3 to $6
yohithegreat: raises $3 to $9
BigYelloFish: calls $3
*** FLOP *** [2c Qd Ad]
BigYelloFish: checks
yohithegreat: bets $3
BigYelloFish: calls $3
*** TURN *** [2c Qd Ad] [Qh]
BigYelloFish: checks
yohithegreat: bets $6
BigYelloFish: raises $6 to $12
yohithegreat: calls $6
*** RIVER *** [2c Qd Ad Qh] [4c]
BigYelloFish: bets $6
yohithegreat: calls $6
*** SHOW DOWN ***
BigYelloFish: shows [Qc 7h] (three of a kind, Queens)
yohithegreat: mucks hand
BigYelloFish collected $59.50 from pot
*** SUMMARY ***
Total pot $60 | Rake $0.50
Board [2c Qd Ad Qh 4c]
Seat 1: BigYelloFish (big blind) showed [Qc 7h] and won ($59.50) with three of a kind, Queens
Seat 2: yohithegreat (button) (small blind) mucked


PokerStars Hand #146010039496:  Hold'em Limit ($3/$6 USD) - 2015/12/27 12:49:20 ET
Table 'Walpurga' 2-max Seat #1 is the button
Seat 1: BigYelloFish ($99.15 in chips)
Seat 2: yohithegreat ($134.41 in chips)
BigYelloFish: posts small blind $1
yohithegreat: posts big blind $3
*** HOLE CARDS ***
BigYelloFish: raises $3 to $6
yohithegreat: calls $3
*** FLOP *** [Ac 8c 2s]
yohithegreat: checks
BigYelloFish: bets $3
yohithegreat: raises $3 to $6
BigYelloFish: folds
Uncalled bet ($3) returned to yohithegreat
yohithegreat collected $17.64 from pot
*** SUMMARY ***
Total pot $18 | Rake $0.36
Board [Ac 8c 2s]
Seat 1: BigYelloFish (button) (small blind) folded on the Flop
Seat 2: yohithegreat (big blind) collected ($17.64)


PokerStars Hand #146009988380:  Hold'em Limit ($3/$6 USD) - 2015/12/27 12:48:35 ET
Table 'Walpurga' 2-max Seat #1 is the button
Seat 1: BigYelloFish ($71.90 in chips)
Seat 2: yohithegreat ($162.66 in chips)
BigYelloFish: posts small blind $1
yohithegreat: posts big blind $3
*** HOLE CARDS ***
BigYelloFish: folds
Uncalled bet ($2) returned to yohithegreat
yohithegreat collected $2 from pot
*** SUMMARY ***
Total pot $2 | Rake $0
Seat 1: BigYelloFish (button) (small blind) folded before Flop
Seat 2: yohithegreat (big blind) collected ($2)


PokerStars Hand #146009971122:  Hold'em Limit ($3/$6 USD) - 2015/12/27 12:48:20 ET
Table 'Walpurga' 2-max Seat #2 is the button
Seat 1: BigYelloFish ($95.90 in chips)
Seat 2: yohithegreat ($139.16 in chips)
yohithegreat: posts small blind $1
BigYelloFish: posts big blind $3
*** HOLE CARDS ***
yohithegreat: raises $3 to $6
BigYelloFish: raises $3 to $9
yohithegreat: calls $3
*** FLOP *** [5d Ts 5c]
BigYelloFish: bets $3
yohithegreat: calls $3
*** TURN *** [5d Ts 5c] [2s]
BigYelloFish: bets $6
yohithegreat: calls $6
*** RIVER *** [5d Ts 5c 2s] [5h]
BigYelloFish: checks
yohithegreat: bets $6
BigYelloFish: calls $6
*** SHOW DOWN ***
yohithegreat: shows [Ac 2h] (a full house, Fives full of Deuces)
BigYelloFish: mucks hand
yohithegreat collected $47.50 from pot
*** SUMMARY ***
Total pot $48 | Rake $0.50
Board [5d Ts 5c 2s 5h]
Seat 1: BigYelloFish (big blind) mucked
Seat 2: yohithegreat (button) (small blind) showed [Ac 2h] and won ($47.50) with a full house, Fives full of Deuces


PokerStars Hand #146010104628:  Hold'em Limit ($3/$6 USD) - 2015/12/27 12:50:17 ET
Table 'Walpurga' 2-max Seat #2 is the button
Seat 1: BigYelloFish ($50.15 in chips)
Seat 2: yohithegreat ($181.95 in chips)
yohithegreat: posts small blind $1
BigYelloFish: posts big blind $3
*** HOLE CARDS ***
yohithegreat: calls $2
BigYelloFish: raises $3 to $6
yohithegreat: calls $3
*** FLOP *** [Ts 3h 7s]
BigYelloFish: bets $3
yohithegreat: calls $3
*** TURN *** [Ts 3h 7s] [Kc]
BigYelloFish: bets $6
yohithegreat: folds
Uncalled bet ($6) returned to BigYelloFish
BigYelloFish collected $17.64 from pot
BigYelloFish: doesn't show hand
*** SUMMARY ***
Total pot $18 | Rake $0.36
Board [Ts 3h 7s Kc]
Seat 1: BigYelloFish (big blind) collected ($17.64)
Seat 2: yohithegreat (button) (small blind) folded on the Turn


PokerStars Hand #146010053730:  Hold'em Limit ($3/$6 USD) - 2015/12/27 12:49:32 ET
Table 'Walpurga' 2-max Seat #2 is the button
Seat 1: BigYelloFish ($90.15 in chips)
Seat 2: yohithegreat ($143.05 in chips)
yohithegreat: posts small blind $1
BigYelloFish: posts big blind $3
*** HOLE CARDS ***
yohithegreat: calls $2
BigYelloFish: checks
*** FLOP *** [6c Qh Ad]
BigYelloFish: checks
yohithegreat: bets $3
BigYelloFish: folds
Uncalled bet ($3) returned to yohithegreat
yohithegreat collected $5.88 from pot
*** SUMMARY ***
Total pot $6 | Rake $0.12
Board [6c Qh Ad]
Seat 1: BigYelloFish (big blind) folded on the Flop
Seat 2: yohithegreat (button) (small blind) collected ($5.88)


PokerStars Hand #146010064160:  Hold'em Limit ($3/$6 USD) - 2015/12/27 12:49:41 ET
Table 'Walpurga' 2-max Seat #1 is the button
Seat 1: BigYelloFish ($87.15 in chips)
Seat 2: yohithegreat ($145.93 in chips)
BigYelloFish: posts small blind $1
yohithegreat: posts big blind $3
*** HOLE CARDS ***
BigYelloFish: raises $3 to $6
yohithegreat: calls $3
*** FLOP *** [6s 5d Js]
yohithegreat: checks
BigYelloFish: checks
*** TURN *** [6s 5d Js] [4h]
yohithegreat: bets $6
BigYelloFish: calls $6
*** RIVER *** [6s 5d Js 4h] [Kc]
yohithegreat: bets $6
BigYelloFish: folds
Uncalled bet ($6) returned to yohithegreat
yohithegreat collected $23.52 from pot
*** SUMMARY ***
Total pot $24 | Rake $0.48
Board [6s 5d Js 4h Kc]
Seat 1: BigYelloFish (button) (small blind) folded on the River
Seat 2: yohithegreat (big blind) collected ($23.52)


PokerStars Hand #146010077709:  Hold'em Limit ($3/$6 USD) - 2015/12/27 12:49:53 ET
Table 'Walpurga' 2-max Seat #2 is the button
Seat 1: BigYelloFish ($75.15 in chips)
Seat 2: yohithegreat ($157.45 in chips)
yohithegreat: posts small blind $1
BigYelloFish: posts big blind $3
*** HOLE CARDS ***
yohithegreat: calls $2
BigYelloFish: raises $3 to $6
yohithegreat: raises $3 to $9
BigYelloFish: calls $3
*** FLOP *** [As Ac Kc]
BigYelloFish: checks
yohithegreat: bets $3
BigYelloFish: calls $3
*** TURN *** [As Ac Kc] [3h]
BigYelloFish: checks
yohithegreat: bets $6
BigYelloFish: calls $6
*** RIVER *** [As Ac Kc 3h] [6d]
BigYelloFish: checks
yohithegreat: bets $6
BigYelloFish: calls $6
*** SHOW DOWN ***
yohithegreat: shows [9d 9h] (two pair, Aces and Nines)
BigYelloFish: mucks hand
yohithegreat collected $47.50 from pot
*** SUMMARY ***
Total pot $48 | Rake $0.50
Board [As Ac Kc 3h 6d]
Seat 1: BigYelloFish (big blind) mucked
Seat 2: yohithegreat (button) (small blind) showed [9d 9h] and won ($47.50) with two pair, Aces and Nines


PokerStars Hand #146010095422:  Hold'em Limit ($3/$6 USD) - 2015/12/27 12:50:09 ET
Table 'Walpurga' 2-max Seat #1 is the button
Seat 1: BigYelloFish ($51.15 in chips)
Seat 2: yohithegreat ($180.95 in chips)
BigYelloFish: posts small blind $1
yohithegreat: posts big blind $3
*** HOLE CARDS ***
BigYelloFish: folds
Uncalled bet ($2) returned to yohithegreat
yohithegreat collected $2 from pot
*** SUMMARY ***
Total pot $2 | Rake $0
Seat 1: BigYelloFish (button) (small blind) folded before Flop
Seat 2: yohithegreat (big blind) collected ($2)


PokerStars Hand #146010131146:  Hold'em Limit ($3/$6 USD) - 2015/12/27 12:50:41 ET
Table 'Walpurga' 2-max Seat #2 is the button
Seat 1: BigYelloFish ($46.79 in chips)
Seat 2: yohithegreat ($184.47 in chips)
yohithegreat: posts small blind $1
BigYelloFish: posts big blind $3
*** HOLE CARDS ***
yohithegreat: calls $2
BigYelloFish: raises $3 to $6
yohithegreat: calls $3
*** FLOP *** [Qd As Ah]
BigYelloFish: bets $3
yohithegreat: calls $3
*** TURN *** [Qd As Ah] [Ad]
BigYelloFish: bets $6
yohithegreat: folds
Uncalled bet ($6) returned to BigYelloFish
BigYelloFish collected $17.64 from pot
BigYelloFish: doesn't show hand
*** SUMMARY ***
Total pot $18 | Rake $0.36
Board [Qd As Ah Ad]
Seat 1: BigYelloFish (big blind) collected ($17.64)
Seat 2: yohithegreat (button) (small blind) folded on the Turn


PokerStars Hand #146010142394:  Hold'em Limit ($3/$6 USD) - 2015/12/27 12:50:51 ET
Table 'Walpurga' 2-max Seat #1 is the button
Seat 1: BigYelloFish ($55.43 in chips)
Seat 2: yohithegreat ($175.47 in chips)
BigYelloFish: posts small blind $1
yohithegreat: posts big blind $3
*** HOLE CARDS ***
BigYelloFish: raises $3 to $6
yohithegreat: calls $3
*** FLOP *** [As Ts 5c]
yohithegreat: checks
BigYelloFish: bets $3
yohithegreat: calls $3
*** TURN *** [As Ts 5c] [4c]
yohithegreat: checks
BigYelloFish: bets $6
yohithegreat: raises $6 to $12
BigYelloFish: calls $6
*** RIVER *** [As Ts 5c 4c] [6h]
yohithegreat: bets $6
BigYelloFish: calls $6
*** SHOW DOWN ***
yohithegreat: shows [8c Jc] (high card Ace)
BigYelloFish: shows [Qc Qs] (a pair of Queens)
BigYelloFish collected $53.50 from pot
*** SUMMARY ***
Total pot $54 | Rake $0.50
Board [As Ts 5c 4c 6h]
Seat 1: BigYelloFish (button) (small blind) showed [Qc Qs] and won ($53.50) with a pair of Queens
Seat 2: yohithegreat (big blind) showed [8c Jc] and lost with high card Ace


PokerStars Hand #146010159520:  Hold'em Limit ($3/$6 USD) - 2015/12/27 12:51:06 ET
Table 'Walpurga' 2-max Seat #2 is the button
Seat 1: BigYelloFish ($81.93 in chips)
Seat 2: yohithegreat ($148.47 in chips)
yohithegreat: posts small blind $1
BigYelloFish: posts big blind $3
*** HOLE CARDS ***
yohithegreat: calls $2
BigYelloFish: checks
*** FLOP *** [9h 9c 7h]
BigYelloFish: checks
yohithegreat: bets $3
BigYelloFish: calls $3
*** TURN *** [9h 9c 7h] [2h]
BigYelloFish: checks
yohithegreat: checks
*** RIVER *** [9h 9c 7h 2h] [Qd]
BigYelloFish: checks
yohithegreat: checks
*** SHOW DOWN ***
BigYelloFish: shows [8s 5d] (a pair of Nines)
yohithegreat: mucks hand
BigYelloFish collected $11.76 from pot
*** SUMMARY ***
Total pot $12 | Rake $0.24
Board [9h 9c 7h 2h Qd]
Seat 1: BigYelloFish (big blind) showed [8s 5d] and won ($11.76) with a pair of Nines
Seat 2: yohithegreat (button) (small blind) mucked


PokerStars Hand #146010175644:  Hold'em Limit ($3/$6 USD) - 2015/12/27 12:51:20 ET
Table 'Walpurga' 2-max Seat #1 is the button
Seat 1: BigYelloFish ($87.69 in chips)
Seat 2: yohithegreat ($142.47 in chips)
BigYelloFish: posts small blind $1
yohithegreat: posts big blind $3
*** HOLE CARDS ***
BigYelloFish: raises $3 to $6
yohithegreat: calls $3
*** FLOP *** [Qc 7s 8h]
yohithegreat: checks
BigYelloFish: bets $3
yohithegreat: calls $3
*** TURN *** [Qc 7s 8h] [9d]
yohithegreat: checks
BigYelloFish: checks
*** RIVER *** [Qc 7s 8h 9d] [Kh]
yohithegreat: checks
BigYelloFish: checks
*** SHOW DOWN ***
yohithegreat: shows [6c Ad] (high card Ace)
BigYelloFish: mucks hand
yohithegreat collected $17.64 from pot
*** SUMMARY ***
Total pot $18 | Rake $0.36
Board [Qc 7s 8h 9d Kh]
Seat 1: BigYelloFish (button) (small blind) mucked
Seat 2: yohithegreat (big blind) showed [6c Ad] and won ($17.64) with high card Ace


PokerStars Hand #146010190585:  Hold'em Limit ($3/$6 USD) - 2015/12/27 12:51:33 ET
Table 'Walpurga' 2-max Seat #2 is the button
Seat 1: BigYelloFish ($78.69 in chips)
Seat 2: yohithegreat ($151.11 in chips)
yohithegreat: posts small blind $1
BigYelloFish: posts big blind $3
*** HOLE CARDS ***
yohithegreat: calls $2
BigYelloFish: checks
*** FLOP *** [8c 9s 5c]
BigYelloFish: checks
yohithegreat: bets $3
BigYelloFish: folds
Uncalled bet ($3) returned to yohithegreat
yohithegreat collected $5.88 from pot
*** SUMMARY ***
Total pot $6 | Rake $0.12
Board [8c 9s 5c]
Seat 1: BigYelloFish (big blind) folded on the Flop
Seat 2: yohithegreat (button) (small blind) collected ($5.88)


PokerStars Hand #146010201164:  Hold'em Limit ($3/$6 USD) - 2015/12/27 12:51:43 ET
Table 'Walpurga' 2-max Seat #1 is the button
Seat 1: BigYelloFish ($75.69 in chips)
Seat 2: yohithegreat ($153.99 in chips)
BigYelloFish: posts small blind $1
yohithegreat: posts big blind $3
*** HOLE CARDS ***
BigYelloFish: raises $3 to $6
yohithegreat: calls $3
*** FLOP *** [Qh Kd 9s]
yohithegreat: checks
BigYelloFish: bets $3
yohithegreat: calls $3
*** TURN *** [Qh Kd 9s] [5d]
yohithegreat: checks
BigYelloFish: bets $6
yohithegreat: folds
Uncalled bet ($6) returned to BigYelloFish
BigYelloFish collected $17.64 from pot
BigYelloFish: doesn't show hand
*** SUMMARY ***
Total pot $18 | Rake $0.36
Board [Qh Kd 9s 5d]
Seat 1: BigYelloFish (button) (small blind) collected ($17.64)
Seat 2: yohithegreat (big blind) folded on the Turn


PokerStars Hand #146010215099:  Hold'em Limit ($3/$6 USD) - 2015/12/27 12:51:55 ET
Table 'Walpurga' 2-max Seat #2 is the button
Seat 1: BigYelloFish ($84.33 in chips)
Seat 2: yohithegreat ($144.99 in chips)
yohithegreat: posts small blind $1
BigYelloFish: posts big blind $3
*** HOLE CARDS ***
yohithegreat: raises $3 to $6
BigYelloFish: calls $3
*** FLOP *** [6s 9s 6h]
BigYelloFish: checks
yohithegreat: checks
*** TURN *** [6s 9s 6h] [4s]
BigYelloFish: checks
yohithegreat: bets $6
BigYelloFish: raises $6 to $12
yohithegreat: folds
Uncalled bet ($6) returned to BigYelloFish
BigYelloFish collected $23.52 from pot
BigYelloFish: doesn't show hand
*** SUMMARY ***
Total pot $24 | Rake $0.48
Board [6s 9s 6h 4s]
Seat 1: BigYelloFish (big blind) collected ($23.52)
Seat 2: yohithegreat (button) (small blind) folded on the Turn


PokerStars Hand #146010228635:  Hold'em Limit ($3/$6 USD) - 2015/12/27 12:52:07 ET
Table 'Walpurga' 2-max Seat #1 is the button
Seat 1: BigYelloFish ($95.85 in chips)
Seat 2: yohithegreat ($132.99 in chips)
BigYelloFish: posts small blind $1
yohithegreat: posts big blind $3
*** HOLE CARDS ***
BigYelloFish: folds
Uncalled bet ($2) returned to yohithegreat
yohithegreat collected $2 from pot
*** SUMMARY ***
Total pot $2 | Rake $0
Seat 1: BigYelloFish (button) (small blind) folded before Flop
Seat 2: yohithegreat (big blind) collected ($2)


PokerStars Hand #146010233820:  Hold'em Limit ($3/$6 USD) - 2015/12/27 12:52:11 ET
Table 'Walpurga' 2-max Seat #2 is the button
Seat 1: BigYelloFish ($94.85 in chips)
Seat 2: yohithegreat ($133.99 in chips)
yohithegreat: posts small blind $1
BigYelloFish: posts big blind $3
*** HOLE CARDS ***
yohithegreat: calls $2
BigYelloFish: raises $3 to $6
yohithegreat: calls $3
*** FLOP *** [7d Jd 6h]
BigYelloFish: bets $3
yohithegreat: calls $3
*** TURN *** [7d Jd 6h] [Ah]
BigYelloFish: bets $6
yohithegreat: folds
Uncalled bet ($6) returned to BigYelloFish
BigYelloFish collected $17.64 from pot
BigYelloFish: doesn't show hand
*** SUMMARY ***
Total pot $18 | Rake $0.36
Board [7d Jd 6h Ah]
Seat 1: BigYelloFish (big blind) collected ($17.64)
Seat 2: yohithegreat (button) (small blind) folded on the Turn


PokerStars Hand #146010247979:  Hold'em Limit ($3/$6 USD) - 2015/12/27 12:52:24 ET
Table 'Walpurga' 2-max Seat #1 is the button
Seat 1: BigYelloFish ($103.49 in chips)
Seat 2: yohithegreat ($124.99 in chips)
BigYelloFish: posts small blind $1
yohithegreat: posts big blind $3
*** HOLE CARDS ***
BigYelloFish: folds
Uncalled bet ($2) returned to yohithegreat
yohithegreat collected $2 from pot
*** SUMMARY ***
Total pot $2 | Rake $0
Seat 1: BigYelloFish (button) (small blind) folded before Flop
Seat 2: yohithegreat (big blind) collected ($2)


PokerStars Hand #146010254295:  Hold'em Limit ($3/$6 USD) - 2015/12/27 12:52:30 ET
Table 'Walpurga' 2-max Seat #2 is the button
Seat 1: BigYelloFish ($102.49 in chips)
Seat 2: yohithegreat ($125.99 in chips)
yohithegreat: posts small blind $1
BigYelloFish: posts big blind $3
*** HOLE CARDS ***
yohithegreat: calls $2
BigYelloFish: checks
*** FLOP *** [Kd 8h 7h]
BigYelloFish: checks
yohithegreat: checks
*** TURN *** [Kd 8h 7h] [5c]
BigYelloFish: checks
yohithegreat: bets $6
BigYelloFish: calls $6
*** RIVER *** [Kd 8h 7h 5c] [8c]
BigYelloFish: checks
yohithegreat: bets $6
BigYelloFish: folds
Uncalled bet ($6) returned to yohithegreat
yohithegreat collected $17.64 from pot
*** SUMMARY ***
Total pot $18 | Rake $0.36
Board [Kd 8h 7h 5c 8c]
Seat 1: BigYelloFish (big blind) folded on the River
Seat 2: yohithegreat (button) (small blind) collected ($17.64)


PokerStars Hand #146010272794:  Hold'em Limit ($3/$6 USD) - 2015/12/27 12:52:46 ET
Table 'Walpurga' 2-max Seat #1 is the button
Seat 1: BigYelloFish ($93.49 in chips)
Seat 2: yohithegreat ($134.63 in chips)
BigYelloFish: posts small blind $1
yohithegreat: posts big blind $3
*** HOLE CARDS ***
BigYelloFish: calls $2
yohithegreat: checks
*** FLOP *** [9s 3c Ad]
yohithegreat: bets $3
BigYelloFish: folds
Uncalled bet ($3) returned to yohithegreat
yohithegreat collected $5.88 from pot
*** SUMMARY ***
Total pot $6 | Rake $0.12
Board [9s 3c Ad]
Seat 1: BigYelloFish (button) (small blind) folded on the Flop
Seat 2: yohithegreat (big blind) collected ($5.88)


PokerStars Hand #146010284675:  Hold'em Limit ($3/$6 USD) - 2015/12/27 12:52:56 ET
Table 'Walpurga' 2-max Seat #2 is the button
Seat 1: BigYelloFish ($90.49 in chips)
Seat 2: yohithegreat ($137.51 in chips)
yohithegreat: posts small blind $1
BigYelloFish: posts big blind $3
*** HOLE CARDS ***
yohithegreat: calls $2
BigYelloFish: checks
*** FLOP *** [As 2h 3h]
BigYelloFish: checks
yohithegreat: bets $3
BigYelloFish: folds
Uncalled bet ($3) returned to yohithegreat
yohithegreat collected $5.88 from pot
*** SUMMARY ***
Total pot $6 | Rake $0.12
Board [As 2h 3h]
Seat 1: BigYelloFish (big blind) folded on the Flop
Seat 2: yohithegreat (button) (small blind) collected ($5.88)


PokerStars Hand #146010293494:  Hold'em Limit ($3/$6 USD) - 2015/12/27 12:53:04 ET
Table 'Walpurga' 2-max Seat #1 is the button
Seat 1: BigYelloFish ($87.49 in chips)
Seat 2: yohithegreat ($140.39 in chips)
BigYelloFish: posts small blind $1
yohithegreat: posts big blind $3
*** HOLE CARDS ***
BigYelloFish: folds
Uncalled bet ($2) returned to yohithegreat
yohithegreat collected $2 from pot
*** SUMMARY ***
Total pot $2 | Rake $0
Seat 1: BigYelloFish (button) (small blind) folded before Flop
Seat 2: yohithegreat (big blind) collected ($2)


PokerStars Hand #146010298821:  Hold'em Limit ($3/$6 USD) - 2015/12/27 12:53:09 ET
Table 'Walpurga' 2-max Seat #2 is the button
Seat 1: BigYelloFish ($86.49 in chips)
Seat 2: yohithegreat ($141.39 in chips)
yohithegreat: posts small blind $1
BigYelloFish: posts big blind $3
*** HOLE CARDS ***
yohithegreat: calls $2
BigYelloFish: raises $3 to $6
yohithegreat: calls $3
*** FLOP *** [8d Th 4h]
BigYelloFish: bets $3
yohithegreat: calls $3
*** TURN *** [8d Th 4h] [2h]
BigYelloFish: checks
yohithegreat: bets $6
BigYelloFish: calls $6
*** RIVER *** [8d Th 4h 2h] [4s]
BigYelloFish: checks
yohithegreat: bets $6
BigYelloFish: calls $6
*** SHOW DOWN ***
yohithegreat: shows [8h Qh] (a flush, Queen high)
BigYelloFish: mucks hand
yohithegreat collected $41.50 from pot
*** SUMMARY ***
Total pot $42 | Rake $0.50
Board [8d Th 4h 2h 4s]
Seat 1: BigYelloFish (big blind) mucked
Seat 2: yohithegreat (button) (small blind) showed [8h Qh] and won ($41.50) with a flush, Queen high


PokerStars Hand #146010319499:  Hold'em Limit ($3/$6 USD) - 2015/12/27 12:53:27 ET
Table 'Walpurga' 2-max Seat #1 is the button
Seat 1: BigYelloFish ($65.49 in chips)
Seat 2: yohithegreat ($161.89 in chips)
BigYelloFish: posts small blind $1
yohithegreat: posts big blind $3
*** HOLE CARDS ***
BigYelloFish: raises $3 to $6
yohithegreat: calls $3
*** FLOP *** [Kc 7c 5c]
yohithegreat: checks
BigYelloFish: bets $3
yohithegreat: raises $3 to $6
BigYelloFish: raises $3 to $9
yohithegreat: calls $3
*** TURN *** [Kc 7c 5c] [4h]
yohithegreat: checks
BigYelloFish: bets $6
yohithegreat: calls $6
*** RIVER *** [Kc 7c 5c 4h] [8d]
yohithegreat: checks
BigYelloFish: bets $6
yohithegreat: folds
Uncalled bet ($6) returned to BigYelloFish
BigYelloFish collected $41.50 from pot
BigYelloFish: doesn't show hand
*** SUMMARY ***
Total pot $42 | Rake $0.50
Board [Kc 7c 5c 4h 8d]
Seat 1: BigYelloFish (button) (small blind) collected ($41.50)
Seat 2: yohithegreat (big blind) folded on the River


PokerStars Hand #146010343772:  Hold'em Limit ($3/$6 USD) - 2015/12/27 12:53:49 ET
Table 'Walpurga' 2-max Seat #2 is the button
Seat 1: BigYelloFish ($85.99 in chips)
Seat 2: yohithegreat ($140.89 in chips)
yohithegreat: posts small blind $1
BigYelloFish: posts big blind $3
*** HOLE CARDS ***
yohithegreat: calls $2
BigYelloFish: raises $3 to $6
yohithegreat: calls $3
*** FLOP *** [Tc 8c Qh]
BigYelloFish: bets $3
yohithegreat: raises $3 to $6
BigYelloFish: calls $3
*** TURN *** [Tc 8c Qh] [6h]
BigYelloFish: checks
yohithegreat: checks
*** RIVER *** [Tc 8c Qh 6h] [Td]
BigYelloFish: bets $6
yohithegreat: calls $6
*** SHOW DOWN ***
BigYelloFish: shows [7h 8h] (two pair, Tens and Eights)
yohithegreat: shows [8d 3h] (two pair, Tens and Eights)
BigYelloFish collected $17.75 from pot
yohithegreat collected $17.75 from pot
*** SUMMARY ***
Total pot $36 | Rake $0.50
Board [Tc 8c Qh 6h Td]
Seat 1: BigYelloFish (big blind) showed [7h 8h] and won ($17.75) with two pair, Tens and Eights
Seat 2: yohithegreat (button) (small blind) showed [8d 3h] and won ($17.75) with two pair, Tens and Eights


PokerStars Hand #146010360220:  Hold'em Limit ($3/$6 USD) - 2015/12/27 12:54:03 ET
Table 'Walpurga' 2-max Seat #1 is the button
Seat 1: BigYelloFish ($85.74 in chips)
Seat 2: yohithegreat ($140.64 in chips)
BigYelloFish: posts small blind $1
yohithegreat: posts big blind $3
*** HOLE CARDS ***
BigYelloFish: raises $3 to $6
yohithegreat: calls $3
*** FLOP *** [Jh Qc 3s]
yohithegreat: checks
BigYelloFish: bets $3
yohithegreat: raises $3 to $6
BigYelloFish: calls $3
*** TURN *** [Jh Qc 3s] [3c]
yohithegreat: bets $6
BigYelloFish: folds
Uncalled bet ($6) returned to yohithegreat
yohithegreat collected $23.52 from pot
*** SUMMARY ***
Total pot $24 | Rake $0.48
Board [Jh Qc 3s 3c]
Seat 1: BigYelloFish (button) (small blind) folded on the Turn
Seat 2: yohithegreat (big blind) collected ($23.52)


PokerStars Hand #146010374428:  Hold'em Limit ($3/$6 USD) - 2015/12/27 12:54:16 ET
Table 'Walpurga' 2-max Seat #2 is the button
Seat 1: BigYelloFish ($73.74 in chips)
Seat 2: yohithegreat ($152.16 in chips)
yohithegreat: posts small blind $1
BigYelloFish: posts big blind $3
*** HOLE CARDS ***
yohithegreat: calls $2
BigYelloFish: raises $3 to $6
yohithegreat: calls $3
*** FLOP *** [Kd Qh Ah]
BigYelloFish: bets $3
yohithegreat: calls $3
*** TURN *** [Kd Qh Ah] [8s]
BigYelloFish: bets $6
yohithegreat: raises $6 to $12
BigYelloFish: raises $6 to $18
yohithegreat: calls $6
*** RIVER *** [Kd Qh Ah 8s] [Ts]
BigYelloFish: bets $6
yohithegreat: calls $6
*** SHOW DOWN ***
BigYelloFish: shows [Ad 8d] (two pair, Aces and Eights)
yohithegreat: shows [Tc As] (two pair, Aces and Tens)
yohithegreat collected $65.50 from pot
*** SUMMARY ***
Total pot $66 | Rake $0.50
Board [Kd Qh Ah 8s Ts]
Seat 1: BigYelloFish (big blind) showed [Ad 8d] and lost with two pair, Aces and Eights
Seat 2: yohithegreat (button) (small blind) showed [Tc As] and won ($65.50) with two pair, Aces and Tens


PokerStars Hand #146010394624:  Hold'em Limit ($3/$6 USD) - 2015/12/27 12:54:34 ET
Table 'Walpurga' 2-max Seat #1 is the button
Seat 1: BigYelloFish ($40.74 in chips)
Seat 2: yohithegreat ($184.66 in chips)
BigYelloFish: posts small blind $1
yohithegreat: posts big blind $3
*** HOLE CARDS ***
BigYelloFish: raises $3 to $6
yohithegreat: raises $3 to $9
BigYelloFish: calls $3
*** FLOP *** [9h 4d Js]
yohithegreat: bets $3
BigYelloFish: folds
Uncalled bet ($3) returned to yohithegreat
yohithegreat collected $17.64 from pot
*** SUMMARY ***
Total pot $18 | Rake $0.36
Board [9h 4d Js]
Seat 1: BigYelloFish (button) (small blind) folded on the Flop
Seat 2: yohithegreat (big blind) collected ($17.64)


PokerStars Hand #146010403657:  Hold'em Limit ($3/$6 USD) - 2015/12/27 12:54:42 ET
Table 'Walpurga' 2-max Seat #2 is the button
Seat 1: BigYelloFish ($31.74 in chips)
Seat 2: yohithegreat ($193.30 in chips)
yohithegreat: posts small blind $1
BigYelloFish: posts big blind $3
*** HOLE CARDS ***
yohithegreat: calls $2
BigYelloFish: checks
*** FLOP *** [7h Tc 3c]
BigYelloFish: checks
yohithegreat: bets $3
BigYelloFish: calls $3
*** TURN *** [7h Tc 3c] [2h]
BigYelloFish: checks
yohithegreat: bets $6
BigYelloFish: calls $6
*** RIVER *** [7h Tc 3c 2h] [Qd]
BigYelloFish: checks
yohithegreat: checks
*** SHOW DOWN ***
BigYelloFish: shows [Qs 7d] (two pair, Queens and Sevens)
yohithegreat: mucks hand
BigYelloFish collected $23.52 from pot
*** SUMMARY ***
Total pot $24 | Rake $0.48
Board [7h Tc 3c 2h Qd]
Seat 1: BigYelloFish (big blind) showed [Qs 7d] and won ($23.52) with two pair, Queens and Sevens
Seat 2: yohithegreat (button) (small blind) mucked


PokerStars Hand #146010423828:  Hold'em Limit ($3/$6 USD) - 2015/12/27 12:55:00 ET
Table 'Walpurga' 2-max Seat #1 is the button
Seat 1: BigYelloFish ($103.26 in chips)
Seat 2: yohithegreat ($181.30 in chips)
BigYelloFish: posts small blind $1
yohithegreat: posts big blind $3
*** HOLE CARDS ***
BigYelloFish: raises $3 to $6
yohithegreat: calls $3
*** FLOP *** [2h Ad 8s]
yohithegreat: checks
BigYelloFish: bets $3
yohithegreat: raises $3 to $6
BigYelloFish: folds
Uncalled bet ($3) returned to yohithegreat
yohithegreat collected $17.64 from pot
*** SUMMARY ***
Total pot $18 | Rake $0.36
Board [2h Ad 8s]
Seat 1: BigYelloFish (button) (small blind) folded on the Flop
Seat 2: yohithegreat (big blind) collected ($17.64)


PokerStars Hand #146010432810:  Hold'em Limit ($3/$6 USD) - 2015/12/27 12:55:09 ET
Table 'Walpurga' 2-max Seat #2 is the button
Seat 1: BigYelloFish ($94.26 in chips)
Seat 2: yohithegreat ($189.94 in chips)
yohithegreat: posts small blind $1
BigYelloFish: posts big blind $3
*** HOLE CARDS ***
yohithegreat: calls $2
BigYelloFish: checks
*** FLOP *** [Js Jc 2s]
BigYelloFish: checks
yohithegreat: checks
*** TURN *** [Js Jc 2s] [6h]
BigYelloFish: checks
yohithegreat: bets $6
BigYelloFish: folds
Uncalled bet ($6) returned to yohithegreat
yohithegreat collected $5.88 from pot
*** SUMMARY ***
Total pot $6 | Rake $0.12
Board [Js Jc 2s 6h]
Seat 1: BigYelloFish (big blind) folded on the Turn
Seat 2: yohithegreat (button) (small blind) collected ($5.88)


PokerStars Hand #146010441352:  Hold'em Limit ($3/$6 USD) - 2015/12/27 12:55:19 ET
Table 'Walpurga' 2-max Seat #1 is the button
Seat 1: BigYelloFish ($91.26 in chips)
Seat 2: yohithegreat ($192.82 in chips)
BigYelloFish: posts small blind $1
yohithegreat: posts big blind $3
*** HOLE CARDS ***
BigYelloFish: calls $2
yohithegreat: checks
*** FLOP *** [Qs 6s 2s]
yohithegreat: checks
BigYelloFish: checks
*** TURN *** [Qs 6s 2s] [9h]
yohithegreat: bets $6
BigYelloFish: folds
Uncalled bet ($6) returned to yohithegreat
yohithegreat collected $5.88 from pot
*** SUMMARY ***
Total pot $6 | Rake $0.12
Board [Qs 6s 2s 9h]
Seat 1: BigYelloFish (button) (small blind) folded on the Turn
Seat 2: yohithegreat (big blind) collected ($5.88)


PokerStars Hand #146010450497:  Hold'em Limit ($3/$6 USD) - 2015/12/27 12:55:30 ET
Table 'Walpurga' 2-max Seat #2 is the button
Seat 1: BigYelloFish ($88.26 in chips)
Seat 2: yohithegreat ($195.70 in chips)
yohithegreat: posts small blind $1
BigYelloFish: posts big blind $3
*** HOLE CARDS ***
yohithegreat: calls $2
BigYelloFish: raises $3 to $6
yohithegreat: calls $3
*** FLOP *** [Kd 8d Qc]
BigYelloFish: bets $3
yohithegreat: calls $3
*** TURN *** [Kd 8d Qc] [6h]
BigYelloFish: bets $6
yohithegreat: calls $6
*** RIVER *** [Kd 8d Qc 6h] [7d]
BigYelloFish: checks
yohithegreat: bets $6
BigYelloFish: folds
Uncalled bet ($6) returned to yohithegreat
yohithegreat collected $29.50 from pot
*** SUMMARY ***
Total pot $30 | Rake $0.50
Board [Kd 8d Qc 6h 7d]
Seat 1: BigYelloFish (big blind) folded on the River
Seat 2: yohithegreat (button) (small blind) collected ($29.50)


PokerStars Hand #146010462807:  Hold'em Limit ($3/$6 USD) - 2015/12/27 12:55:44 ET
Table 'Walpurga' 2-max Seat #1 is the button
Seat 1: BigYelloFish ($73.26 in chips)
Seat 2: yohithegreat ($210.20 in chips)
BigYelloFish: posts small blind $1
yohithegreat: posts big blind $3
*** HOLE CARDS ***
BigYelloFish: raises $3 to $6
yohithegreat: calls $3
*** FLOP *** [Qh 2h 3c]
yohithegreat: checks
BigYelloFish: bets $3
yohithegreat: calls $3
*** TURN *** [Qh 2h 3c] [8s]
yohithegreat: checks
BigYelloFish: checks
*** RIVER *** [Qh 2h 3c 8s] [Jh]
yohithegreat: bets $6
BigYelloFish: calls $6
*** SHOW DOWN ***
yohithegreat: shows [Jd 8c] (two pair, Jacks and Eights)
BigYelloFish: mucks hand
yohithegreat collected $29.50 from pot
*** SUMMARY ***
Total pot $30 | Rake $0.50
Board [Qh 2h 3c 8s Jh]
Seat 1: BigYelloFish (button) (small blind) mucked
Seat 2: yohithegreat (big blind) showed [Jd 8c] and won ($29.50) with two pair, Jacks and Eights


PokerStars Hand #146010473735:  Hold'em Limit ($3/$6 USD) - 2015/12/27 12:55:57 ET
Table 'Walpurga' 2-max Seat #2 is the button
Seat 1: BigYelloFish ($58.26 in chips)
Seat 2: yohithegreat ($224.70 in chips)
yohithegreat: posts small blind $1
BigYelloFish: posts big blind $3
*** HOLE CARDS ***
yohithegreat: calls $2
BigYelloFish: checks
*** FLOP *** [Ah Ks 3d]
BigYelloFish: checks
yohithegreat: bets $3
BigYelloFish: calls $3
*** TURN *** [Ah Ks 3d] [5h]
BigYelloFish: checks
yohithegreat: bets $6
BigYelloFish: calls $6
*** RIVER *** [Ah Ks 3d 5h] [Kc]
BigYelloFish: checks
yohithegreat: bets $6
BigYelloFish: calls $6
*** SHOW DOWN ***
yohithegreat: shows [5c Qc] (two pair, Kings and Fives)
BigYelloFish: mucks hand
yohithegreat collected $35.50 from pot
*** SUMMARY ***
Total pot $36 | Rake $0.50
Board [Ah Ks 3d 5h Kc]
Seat 1: BigYelloFish (big blind) mucked
Seat 2: yohithegreat (button) (small blind) showed [5c Qc] and won ($35.50) with two pair, Kings and Fives


PokerStars Hand #146010486387:  Hold'em Limit ($3/$6 USD) - 2015/12/27 12:56:12 ET
Table 'Walpurga' 2-max Seat #1 is the button
Seat 1: BigYelloFish ($40.26 in chips)
Seat 2: yohithegreat ($242.20 in chips)
BigYelloFish: posts small blind $1
yohithegreat: posts big blind $3
*** HOLE CARDS ***
BigYelloFish: raises $3 to $6
yohithegreat: calls $3
*** FLOP *** [8s 9d 2c]
yohithegreat: checks
BigYelloFish: checks
*** TURN *** [8s 9d 2c] [9c]
yohithegreat: bets $6
BigYelloFish: calls $6
*** RIVER *** [8s 9d 2c 9c] [7d]
yohithegreat: bets $6
BigYelloFish: calls $6
*** SHOW DOWN ***
yohithegreat: shows [Kd 7h] (two pair, Nines and Sevens)
BigYelloFish: mucks hand
yohithegreat collected $35.50 from pot
*** SUMMARY ***
Total pot $36 | Rake $0.50
Board [8s 9d 2c 9c 7d]
Seat 1: BigYelloFish (button) (small blind) mucked
Seat 2: yohithegreat (big blind) showed [Kd 7h] and won ($35.50) with two pair, Nines and Sevens


PokerStars Hand #146010496034:  Hold'em Limit ($3/$6 USD) - 2015/12/27 12:56:23 ET
Table 'Walpurga' 2-max Seat #2 is the button
Seat 1: BigYelloFish ($22.26 in chips)
Seat 2: yohithegreat ($259.70 in chips)
yohithegreat: posts small blind $1
BigYelloFish: posts big blind $3
*** HOLE CARDS ***
yohithegreat: calls $2
BigYelloFish: raises $3 to $6
yohithegreat: raises $3 to $9
BigYelloFish: raises $3 to $12
Betting is capped
yohithegreat: calls $3
*** FLOP *** [4s 8c 5d]
BigYelloFish: bets $3
yohithegreat: calls $3
*** TURN *** [4s 8c 5d] [Kh]
BigYelloFish: bets $6
yohithegreat: calls $6
*** RIVER *** [4s 8c 5d Kh] [9d]
BigYelloFish: bets $1.26 and is all-in
yohithegreat: calls $1.26
*** SHOW DOWN ***
BigYelloFish: shows [Ah As] (a pair of Aces)
yohithegreat: shows [Ac Th] (high card Ace)
BigYelloFish collected $44.02 from pot
*** SUMMARY ***
Total pot $44.52 | Rake $0.50
Board [4s 8c 5d Kh 9d]
Seat 1: BigYelloFish (big blind) showed [Ah As] and won ($44.02) with a pair of Aces
Seat 2: yohithegreat (button) (small blind) showed [Ac Th] and lost with high card Ace


PokerStars Hand #146010508877:  Hold'em Limit ($3/$6 USD) - 2015/12/27 12:56:38 ET
Table 'Walpurga' 2-max Seat #1 is the button
Seat 1: BigYelloFish ($44.02 in chips)
Seat 2: yohithegreat ($237.44 in chips)
BigYelloFish: posts small blind $1
yohithegreat: posts big blind $3
*** HOLE CARDS ***
BigYelloFish: raises $3 to $6
yohithegreat: raises $3 to $9
BigYelloFish: calls $3
*** FLOP *** [Ks 6c 3d]
yohithegreat: bets $3
BigYelloFish: calls $3
*** TURN *** [Ks 6c 3d] [6d]
yohithegreat: bets $6
BigYelloFish: calls $6
*** RIVER *** [Ks 6c 3d 6d] [5s]
yohithegreat: checks
BigYelloFish: checks
*** SHOW DOWN ***
yohithegreat: shows [Jc Qc] (a pair of Sixes)
BigYelloFish: shows [As 2h] (a pair of Sixes - Ace kicker)
BigYelloFish collected $35.50 from pot
*** SUMMARY ***
Total pot $36 | Rake $0.50
Board [Ks 6c 3d 6d 5s]
Seat 1: BigYelloFish (button) (small blind) showed [As 2h] and won ($35.50) with a pair of Sixes
Seat 2: yohithegreat (big blind) showed [Jc Qc] and lost with a pair of Sixes


PokerStars Hand #146010519466:  Hold'em Limit ($3/$6 USD) - 2015/12/27 12:56:50 ET
Table 'Walpurga' 2-max Seat #2 is the button
Seat 1: BigYelloFish ($61.52 in chips)
Seat 2: yohithegreat ($219.44 in chips)
yohithegreat: posts small blind $1
BigYelloFish: posts big blind $3
*** HOLE CARDS ***
yohithegreat: calls $2
BigYelloFish: checks
*** FLOP *** [Qc 6c 5s]
BigYelloFish: checks
yohithegreat: bets $3
BigYelloFish: calls $3
*** TURN *** [Qc 6c 5s] [Ks]
BigYelloFish: checks
yohithegreat: bets $6
BigYelloFish: calls $6
*** RIVER *** [Qc 6c 5s Ks] [9s]
BigYelloFish: checks
yohithegreat: bets $6
BigYelloFish: calls $6
*** SHOW DOWN ***
yohithegreat: shows [Kc 6h] (two pair, Kings and Sixes)
BigYelloFish: mucks hand
yohithegreat collected $35.50 from pot
*** SUMMARY ***
Total pot $36 | Rake $0.50
Board [Qc 6c 5s Ks 9s]
Seat 1: BigYelloFish (big blind) mucked
Seat 2: yohithegreat (button) (small blind) showed [Kc 6h] and won ($35.50) with two pair, Kings and Sixes


PokerStars Hand #146010531125:  Hold'em Limit ($3/$6 USD) - 2015/12/27 12:57:03 ET
Table 'Walpurga' 2-max Seat #1 is the button
Seat 1: BigYelloFish ($43.52 in chips)
Seat 2: yohithegreat ($236.94 in chips)
BigYelloFish: posts small blind $1
yohithegreat: posts big blind $3
*** HOLE CARDS ***
BigYelloFish: raises $3 to $6
yohithegreat: raises $3 to $9
BigYelloFish: calls $3
*** FLOP *** [6s 7h Kc]
yohithegreat: bets $3
BigYelloFish: calls $3
*** TURN *** [6s 7h Kc] [9d]
yohithegreat: bets $6
BigYelloFish: raises $6 to $12
yohithegreat: calls $6
*** RIVER *** [6s 7h Kc 9d] [4d]
yohithegreat: checks
BigYelloFish: bets $6
yohithegreat: calls $6
*** SHOW DOWN ***
BigYelloFish: shows [7s Kh] (two pair, Kings and Sevens)
yohithegreat: mucks hand
BigYelloFish collected $59.50 from pot
*** SUMMARY ***
Total pot $60 | Rake $0.50
Board [6s 7h Kc 9d 4d]
Seat 1: BigYelloFish (button) (small blind) showed [7s Kh] and won ($59.50) with two pair, Kings and Sevens
Seat 2: yohithegreat (big blind) mucked


PokerStars Hand #146010545586:  Hold'em Limit ($3/$6 USD) - 2015/12/27 12:57:20 ET
Table 'Walpurga' 2-max Seat #2 is the button
Seat 1: BigYelloFish ($73.02 in chips)
Seat 2: yohithegreat ($206.94 in chips)
yohithegreat: posts small blind $1
BigYelloFish: posts big blind $3
*** HOLE CARDS ***
yohithegreat: calls $2
BigYelloFish: checks
*** FLOP *** [Qc 5h Qs]
BigYelloFish: checks
yohithegreat: bets $3
BigYelloFish: calls $3
*** TURN *** [Qc 5h Qs] [6h]
BigYelloFish: checks
yohithegreat: checks
*** RIVER *** [Qc 5h Qs 6h] [2d]
BigYelloFish: bets $6
yohithegreat: folds
Uncalled bet ($6) returned to BigYelloFish
BigYelloFish collected $11.76 from pot
BigYelloFish: doesn't show hand
*** SUMMARY ***
Total pot $12 | Rake $0.24
Board [Qc 5h Qs 6h 2d]
Seat 1: BigYelloFish (big blind) collected ($11.76)
Seat 2: yohithegreat (button) (small blind) folded on the River


PokerStars Hand #146010554420:  Hold'em Limit ($3/$6 USD) - 2015/12/27 12:57:30 ET
Table 'Walpurga' 2-max Seat #1 is the button
Seat 1: BigYelloFish ($78.78 in chips)
Seat 2: yohithegreat ($200.94 in chips)
BigYelloFish: posts small blind $1
yohithegreat: posts big blind $3
*** HOLE CARDS ***
BigYelloFish: raises $3 to $6
yohithegreat: raises $3 to $9
BigYelloFish: raises $3 to $12
Betting is capped
yohithegreat: calls $3
*** FLOP *** [9c 2c 4c]
yohithegreat: bets $3
BigYelloFish: raises $3 to $6
yohithegreat: calls $3
*** TURN *** [9c 2c 4c] [Qh]
yohithegreat: checks
BigYelloFish: bets $6
yohithegreat: calls $6
*** RIVER *** [9c 2c 4c Qh] [Kh]
yohithegreat: checks
BigYelloFish: checks
*** SHOW DOWN ***
yohithegreat: shows [7s 3c] (high card King)
BigYelloFish: shows [Tc Ts] (a pair of Tens)
BigYelloFish collected $47.50 from pot
*** SUMMARY ***
Total pot $48 | Rake $0.50
Board [9c 2c 4c Qh Kh]
Seat 1: BigYelloFish (button) (small blind) showed [Tc Ts] and won ($47.50) with a pair of Tens
Seat 2: yohithegreat (big blind) showed [7s 3c] and lost with high card King


PokerStars Hand #146010569469:  Hold'em Limit ($3/$6 USD) - 2015/12/27 12:57:47 ET
Table 'Walpurga' 2-max Seat #2 is the button
Seat 1: BigYelloFish ($102.28 in chips)
Seat 2: yohithegreat ($176.94 in chips)
yohithegreat: posts small blind $1
BigYelloFish: posts big blind $3
*** HOLE CARDS ***
yohithegreat: folds
Uncalled bet ($2) returned to BigYelloFish
BigYelloFish collected $2 from pot
BigYelloFish: doesn't show hand
*** SUMMARY ***
Total pot $2 | Rake $0
Seat 1: BigYelloFish (big blind) collected ($2)
Seat 2: yohithegreat (button) (small blind) folded before Flop


PokerStars Hand #146010576551:  Hold'em Limit ($3/$6 USD) - 2015/12/27 12:57:55 ET
Table 'Walpurga' 2-max Seat #1 is the button
Seat 1: BigYelloFish ($103.28 in chips)
Seat 2: yohithegreat ($175.94 in chips)
BigYelloFish: posts small blind $1
yohithegreat: posts big blind $3
*** HOLE CARDS ***
BigYelloFish: raises $3 to $6
yohithegreat: raises $3 to $9
BigYelloFish: calls $3
*** FLOP *** [Jh Ah 8h]
yohithegreat: bets $3
BigYelloFish: calls $3
*** TURN *** [Jh Ah 8h] [8d]
yohithegreat: bets $6
BigYelloFish: calls $6
*** RIVER *** [Jh Ah 8h 8d] [2c]
yohithegreat: checks
BigYelloFish: bets $6
yohithegreat: calls $6
*** SHOW DOWN ***
BigYelloFish: shows [Jc Kd] (two pair, Jacks and Eights)
yohithegreat: mucks hand
BigYelloFish collected $47.50 from pot
*** SUMMARY ***
Total pot $48 | Rake $0.50
Board [Jh Ah 8h 8d 2c]
Seat 1: BigYelloFish (button) (small blind) showed [Jc Kd] and won ($47.50) with two pair, Jacks and Eights
Seat 2: yohithegreat (big blind) mucked


PokerStars Hand #146010597817:  Hold'em Limit ($3/$6 USD) - 2015/12/27 12:58:20 ET
Table 'Walpurga' 2-max Seat #1 is the button
Seat 1: BigYelloFish ($123.78 in chips)
Seat 2: yohithegreat ($154.94 in chips)
BigYelloFish: posts small blind $1
yohithegreat: posts big blind $3
*** HOLE CARDS ***
BigYelloFish: folds
Uncalled bet ($2) returned to yohithegreat
yohithegreat collected $2 from pot
*** SUMMARY ***
Total pot $2 | Rake $0
Seat 1: BigYelloFish (button) (small blind) folded before Flop
Seat 2: yohithegreat (big blind) collected ($2)


PokerStars Hand #146010590619:  Hold'em Limit ($3/$6 USD) - 2015/12/27 12:58:12 ET
Table 'Walpurga' 2-max Seat #2 is the button
Seat 1: BigYelloFish ($126.78 in chips)
Seat 2: yohithegreat ($151.94 in chips)
yohithegreat: posts small blind $1
BigYelloFish: posts big blind $3
*** HOLE CARDS ***
yohithegreat: raises $3 to $6
BigYelloFish: folds
Uncalled bet ($3) returned to yohithegreat
yohithegreat collected $6 from pot
*** SUMMARY ***
Total pot $6 | Rake $0
Seat 1: BigYelloFish (big blind) folded before Flop
Seat 2: yohithegreat (button) (small blind) collected ($6)


PokerStars Hand #146010601694:  Hold'em Limit ($3/$6 USD) - 2015/12/27 12:58:25 ET
Table 'Walpurga' 2-max Seat #2 is the button
Seat 1: BigYelloFish ($122.78 in chips)
Seat 2: yohithegreat ($155.94 in chips)
yohithegreat: posts small blind $1
BigYelloFish: posts big blind $3
*** HOLE CARDS ***
yohithegreat: raises $3 to $6
BigYelloFish: calls $3
*** FLOP *** [Ad Kd 6h]
BigYelloFish: checks
yohithegreat: bets $3
BigYelloFish: calls $3
*** TURN *** [Ad Kd 6h] [3c]
BigYelloFish: checks
yohithegreat: bets $6
BigYelloFish: folds
Uncalled bet ($6) returned to yohithegreat
yohithegreat collected $17.64 from pot
*** SUMMARY ***
Total pot $18 | Rake $0.36
Board [Ad Kd 6h 3c]
Seat 1: BigYelloFish (big blind) folded on the Turn
Seat 2: yohithegreat (button) (small blind) collected ($17.64)


PokerStars Hand #146010610223:  Hold'em Limit ($3/$6 USD) - 2015/12/27 12:58:34 ET
Table 'Walpurga' 2-max Seat #1 is the button
Seat 1: BigYelloFish ($113.78 in chips)
Seat 2: yohithegreat ($164.58 in chips)
BigYelloFish: posts small blind $1
yohithegreat: posts big blind $3
*** HOLE CARDS ***
BigYelloFish: calls $2
yohithegreat: checks
*** FLOP *** [7d 5d Qs]
yohithegreat: checks
BigYelloFish: checks
*** TURN *** [7d 5d Qs] [Ks]
yohithegreat: bets $6
BigYelloFish: folds
Uncalled bet ($6) returned to yohithegreat
yohithegreat collected $5.88 from pot
*** SUMMARY ***
Total pot $6 | Rake $0.12
Board [7d 5d Qs Ks]
Seat 1: BigYelloFish (button) (small blind) folded on the Turn
Seat 2: yohithegreat (big blind) collected ($5.88)


PokerStars Hand #146010619694:  Hold'em Limit ($3/$6 USD) - 2015/12/27 12:58:45 ET
Table 'Walpurga' 2-max Seat #2 is the button
Seat 1: BigYelloFish ($110.78 in chips)
Seat 2: yohithegreat ($167.46 in chips)
yohithegreat: posts small blind $1
BigYelloFish: posts big blind $3
*** HOLE CARDS ***
yohithegreat: calls $2
BigYelloFish: raises $3 to $6
yohithegreat: calls $3
*** FLOP *** [5s Jc Qs]
BigYelloFish: bets $3
yohithegreat: calls $3
*** TURN *** [5s Jc Qs] [Kc]
BigYelloFish: bets $6
yohithegreat: calls $6
*** RIVER *** [5s Jc Qs Kc] [Qc]
BigYelloFish: bets $6
yohithegreat: calls $6
*** SHOW DOWN ***
BigYelloFish: shows [6h Kd] (two pair, Kings and Queens)
yohithegreat: mucks hand
BigYelloFish collected $41.50 from pot
*** SUMMARY ***
Total pot $42 | Rake $0.50
Board [5s Jc Qs Kc Qc]
Seat 1: BigYelloFish (big blind) showed [6h Kd] and won ($41.50) with two pair, Kings and Queens
Seat 2: yohithegreat (button) (small blind) mucked


PokerStars Hand #146010633793:  Hold'em Limit ($3/$6 USD) - 2015/12/27 12:59:01 ET
Table 'Walpurga' 2-max Seat #1 is the button
Seat 1: BigYelloFish ($131.28 in chips)
Seat 2: yohithegreat ($146.46 in chips)
BigYelloFish: posts small blind $1
yohithegreat: posts big blind $3
*** HOLE CARDS ***
BigYelloFish: raises $3 to $6
yohithegreat: raises $3 to $9
BigYelloFish: calls $3
*** FLOP *** [Ts 4d Qh]
yohithegreat: bets $3
BigYelloFish: calls $3
*** TURN *** [Ts 4d Qh] [Kd]
yohithegreat: bets $6
BigYelloFish: raises $6 to $12
yohithegreat: folds
Uncalled bet ($6) returned to BigYelloFish
BigYelloFish collected $35.50 from pot
BigYelloFish: doesn't show hand
*** SUMMARY ***
Total pot $36 | Rake $0.50
Board [Ts 4d Qh Kd]
Seat 1: BigYelloFish (button) (small blind) collected ($35.50)
Seat 2: yohithegreat (big blind) folded on the Turn


PokerStars Hand #146010644232:  Hold'em Limit ($3/$6 USD) - 2015/12/27 12:59:13 ET
Table 'Walpurga' 2-max Seat #2 is the button
Seat 1: BigYelloFish ($148.78 in chips)
Seat 2: yohithegreat ($128.46 in chips)
yohithegreat: posts small blind $1
BigYelloFish: posts big blind $3
*** HOLE CARDS ***
yohithegreat: raises $3 to $6
BigYelloFish: calls $3
*** FLOP *** [3d 8c Kd]
BigYelloFish: checks
yohithegreat: checks
*** TURN *** [3d 8c Kd] [Td]
BigYelloFish: bets $6
yohithegreat: folds
Uncalled bet ($6) returned to BigYelloFish
BigYelloFish collected $11.76 from pot
BigYelloFish: doesn't show hand
*** SUMMARY ***
Total pot $12 | Rake $0.24
Board [3d 8c Kd Td]
Seat 1: BigYelloFish (big blind) collected ($11.76)
Seat 2: yohithegreat (button) (small blind) folded on the Turn


PokerStars Hand #146010652947:  Hold'em Limit ($3/$6 USD) - 2015/12/27 12:59:23 ET
Table 'Walpurga' 2-max Seat #1 is the button
Seat 1: BigYelloFish ($154.54 in chips)
Seat 2: yohithegreat ($122.46 in chips)
BigYelloFish: posts small blind $1
yohithegreat: posts big blind $3
*** HOLE CARDS ***
BigYelloFish: calls $2
yohithegreat: checks
*** FLOP *** [As 9h Kd]
yohithegreat: bets $3
BigYelloFish: folds
Uncalled bet ($3) returned to yohithegreat
yohithegreat collected $5.88 from pot
*** SUMMARY ***
Total pot $6 | Rake $0.12
Board [As 9h Kd]
Seat 1: BigYelloFish (button) (small blind) folded on the Flop
Seat 2: yohithegreat (big blind) collected ($5.88)


PokerStars Hand #146010660218:  Hold'em Limit ($3/$6 USD) - 2015/12/27 12:59:32 ET
Table 'Walpurga' 2-max Seat #2 is the button
Seat 1: BigYelloFish ($151.54 in chips)
Seat 2: yohithegreat ($125.34 in chips)
yohithegreat: posts small blind $1
BigYelloFish: posts big blind $3
*** HOLE CARDS ***
yohithegreat: calls $2
BigYelloFish: checks
*** FLOP *** [5s 5h 7s]
BigYelloFish: checks
yohithegreat: bets $3
BigYelloFish: calls $3
*** TURN *** [5s 5h 7s] [9h]
BigYelloFish: checks
yohithegreat: bets $6
BigYelloFish: raises $6 to $12
yohithegreat: folds
Uncalled bet ($6) returned to BigYelloFish
BigYelloFish collected $23.52 from pot
BigYelloFish: doesn't show hand
*** SUMMARY ***
Total pot $24 | Rake $0.48
Board [5s 5h 7s 9h]
Seat 1: BigYelloFish (big blind) collected ($23.52)
Seat 2: yohithegreat (button) (small blind) folded on the Turn


PokerStars Hand #146010670320:  Hold'em Limit ($3/$6 USD) - 2015/12/27 12:59:43 ET
Table 'Walpurga' 2-max Seat #1 is the button
Seat 1: BigYelloFish ($163.06 in chips)
Seat 2: yohithegreat ($113.34 in chips)
BigYelloFish: posts small blind $1
yohithegreat: posts big blind $3
*** HOLE CARDS ***
BigYelloFish: calls $2
yohithegreat: checks
*** FLOP *** [2s 4h 3d]
yohithegreat: checks
BigYelloFish: checks
*** TURN *** [2s 4h 3d] [Kd]
yohithegreat: bets $6
BigYelloFish: calls $6
*** RIVER *** [2s 4h 3d Kd] [6c]
yohithegreat: checks
BigYelloFish: checks
*** SHOW DOWN ***
yohithegreat: shows [4s Qh] (a pair of Fours)
BigYelloFish: mucks hand
yohithegreat collected $17.64 from pot
*** SUMMARY ***
Total pot $18 | Rake $0.36
Board [2s 4h 3d Kd 6c]
Seat 1: BigYelloFish (button) (small blind) mucked
Seat 2: yohithegreat (big blind) showed [4s Qh] and won ($17.64) with a pair of Fours


PokerStars Hand #146010680929:  Hold'em Limit ($3/$6 USD) - 2015/12/27 12:59:55 ET
Table 'Walpurga' 2-max Seat #2 is the button
Seat 1: BigYelloFish ($154.06 in chips)
Seat 2: yohithegreat ($121.98 in chips)
yohithegreat: posts small blind $1
BigYelloFish: posts big blind $3
*** HOLE CARDS ***
yohithegreat: calls $2
BigYelloFish: checks
*** FLOP *** [9h 6s Tc]
BigYelloFish: checks
yohithegreat: checks
*** TURN *** [9h 6s Tc] [9s]
BigYelloFish: checks
yohithegreat: checks
*** RIVER *** [9h 6s Tc 9s] [Js]
BigYelloFish: checks
yohithegreat: checks
*** SHOW DOWN ***
BigYelloFish: shows [5d 4d] (a pair of Nines)
yohithegreat: shows [2c 3h] (a pair of Nines)
BigYelloFish collected $2.94 from pot
yohithegreat collected $2.94 from pot
*** SUMMARY ***
Total pot $6 | Rake $0.12
Board [9h 6s Tc 9s Js]
Seat 1: BigYelloFish (big blind) showed [5d 4d] and won ($2.94) with a pair of Nines
Seat 2: yohithegreat (button) (small blind) showed [2c 3h] and won ($2.94) with a pair of Nines


PokerStars Hand #146010693773:  Hold'em Limit ($3/$6 USD) - 2015/12/27 13:00:09 ET
Table 'Walpurga' 2-max Seat #1 is the button
Seat 1: BigYelloFish ($154 in chips)
Seat 2: yohithegreat ($121.92 in chips)
BigYelloFish: posts small blind $1
yohithegreat: posts big blind $3
*** HOLE CARDS ***
BigYelloFish: calls $2
yohithegreat: checks
*** FLOP *** [Ad Kc Jh]
yohithegreat: bets $3
BigYelloFish: folds
Uncalled bet ($3) returned to yohithegreat
yohithegreat collected $5.88 from pot
*** SUMMARY ***
Total pot $6 | Rake $0.12
Board [Ad Kc Jh]
Seat 1: BigYelloFish (button) (small blind) folded on the Flop
Seat 2: yohithegreat (big blind) collected ($5.88)


PokerStars Hand #146010715009:  Hold'em Limit ($3/$6 USD) - 2015/12/27 13:00:32 ET
Table 'Walpurga' 2-max Seat #1 is the button
Seat 1: BigYelloFish ($130 in chips)
Seat 2: yohithegreat ($145.30 in chips)
BigYelloFish: posts small blind $1
yohithegreat: posts big blind $3
*** HOLE CARDS ***
BigYelloFish: folds
Uncalled bet ($2) returned to yohithegreat
yohithegreat collected $2 from pot
*** SUMMARY ***
Total pot $2 | Rake $0
Seat 1: BigYelloFish (button) (small blind) folded before Flop
Seat 2: yohithegreat (big blind) collected ($2)


PokerStars Hand #146010701173:  Hold'em Limit ($3/$6 USD) - 2015/12/27 13:00:17 ET
Table 'Walpurga' 2-max Seat #2 is the button
Seat 1: BigYelloFish ($151 in chips)
Seat 2: yohithegreat ($124.80 in chips)
yohithegreat: posts small blind $1
BigYelloFish: posts big blind $3
*** HOLE CARDS ***
yohithegreat: calls $2
BigYelloFish: raises $3 to $6
yohithegreat: calls $3
*** FLOP *** [2c 5c 7d]
BigYelloFish: bets $3
yohithegreat: calls $3
*** TURN *** [2c 5c 7d] [6c]
BigYelloFish: bets $6
yohithegreat: raises $6 to $12
BigYelloFish: calls $6
*** RIVER *** [2c 5c 7d 6c] [Tc]
BigYelloFish: checks
yohithegreat: bets $6
BigYelloFish: folds
Uncalled bet ($6) returned to yohithegreat
yohithegreat collected $41.50 from pot
*** SUMMARY ***
Total pot $42 | Rake $0.50
Board [2c 5c 7d 6c Tc]
Seat 1: BigYelloFish (big blind) folded on the River
Seat 2: yohithegreat (button) (small blind) collected ($41.50)


PokerStars Hand #146010721426:  Hold'em Limit ($3/$6 USD) - 2015/12/27 13:00:39 ET
Table 'Walpurga' 2-max Seat #2 is the button
Seat 1: BigYelloFish ($129 in chips)
Seat 2: yohithegreat ($146.30 in chips)
yohithegreat: posts small blind $1
BigYelloFish: posts big blind $3
*** HOLE CARDS ***
yohithegreat: calls $2
BigYelloFish: raises $3 to $6
yohithegreat: calls $3
*** FLOP *** [7s 8s 2d]
BigYelloFish: bets $3
yohithegreat: calls $3
*** TURN *** [7s 8s 2d] [9d]
BigYelloFish: checks
yohithegreat: checks
*** RIVER *** [7s 8s 2d 9d] [6s]
BigYelloFish: checks
yohithegreat: checks
*** SHOW DOWN ***
BigYelloFish: shows [Ad Js] (high card Ace)
yohithegreat: mucks hand
BigYelloFish collected $17.64 from pot
*** SUMMARY ***
Total pot $18 | Rake $0.36
Board [7s 8s 2d 9d 6s]
Seat 1: BigYelloFish (big blind) showed [Ad Js] and won ($17.64) with high card Ace
Seat 2: yohithegreat (button) (small blind) mucked


PokerStars Hand #146010737004:  Hold'em Limit ($3/$6 USD) - 2015/12/27 13:00:56 ET
Table 'Walpurga' 2-max Seat #1 is the button
Seat 1: BigYelloFish ($137.64 in chips)
Seat 2: yohithegreat ($137.30 in chips)
BigYelloFish: posts small blind $1
yohithegreat: posts big blind $3
*** HOLE CARDS ***
BigYelloFish: calls $2
yohithegreat: raises $3 to $6
BigYelloFish: calls $3
*** FLOP *** [8s 9s Jc]
yohithegreat: bets $3
BigYelloFish: calls $3
*** TURN *** [8s 9s Jc] [Td]
yohithegreat: bets $6
BigYelloFish: calls $6
*** RIVER *** [8s 9s Jc Td] [Ad]
yohithegreat: bets $6
BigYelloFish: calls $6
*** SHOW DOWN ***
yohithegreat: shows [7h 7d] (a straight, Seven to Jack)
BigYelloFish: mucks hand
yohithegreat collected $41.50 from pot
*** SUMMARY ***
Total pot $42 | Rake $0.50
Board [8s 9s Jc Td Ad]
Seat 1: BigYelloFish (button) (small blind) mucked
Seat 2: yohithegreat (big blind) showed [7h 7d] and won ($41.50) with a straight, Seven to Jack


PokerStars Hand #146010750275:  Hold'em Limit ($3/$6 USD) - 2015/12/27 13:01:09 ET
Table 'Walpurga' 2-max Seat #2 is the button
Seat 1: BigYelloFish ($116.64 in chips)
Seat 2: yohithegreat ($157.80 in chips)
yohithegreat: posts small blind $1
BigYelloFish: posts big blind $3
*** HOLE CARDS ***
yohithegreat: raises $3 to $6
BigYelloFish: raises $3 to $9
yohithegreat: calls $3
*** FLOP *** [9h 9c 3c]
BigYelloFish: bets $3
yohithegreat: calls $3
*** TURN *** [9h 9c 3c] [Td]
BigYelloFish: bets $6
yohithegreat: folds
Uncalled bet ($6) returned to BigYelloFish
BigYelloFish collected $23.52 from pot
BigYelloFish: doesn't show hand
*** SUMMARY ***
Total pot $24 | Rake $0.48
Board [9h 9c 3c Td]
Seat 1: BigYelloFish (big blind) collected ($23.52)
Seat 2: yohithegreat (button) (small blind) folded on the Turn


PokerStars Hand #146010760458:  Hold'em Limit ($3/$6 USD) - 2015/12/27 13:01:19 ET
Table 'Walpurga' 2-max Seat #1 is the button
Seat 1: BigYelloFish ($128.16 in chips)
Seat 2: yohithegreat ($145.80 in chips)
BigYelloFish: posts small blind $1
yohithegreat: posts big blind $3
*** HOLE CARDS ***
BigYelloFish: raises $3 to $6
yohithegreat: calls $3
*** FLOP *** [9c 5h Kh]
yohithegreat: checks
BigYelloFish: bets $3
yohithegreat: raises $3 to $6
BigYelloFish: calls $3
*** TURN *** [9c 5h Kh] [5c]
yohithegreat: checks
BigYelloFish: checks
*** RIVER *** [9c 5h Kh 5c] [9d]
yohithegreat: checks
BigYelloFish: bets $6
yohithegreat: calls $6
*** SHOW DOWN ***
BigYelloFish: shows [Qh 9s] (a full house, Nines full of Fives)
yohithegreat: mucks hand
BigYelloFish collected $35.50 from pot
*** SUMMARY ***
Total pot $36 | Rake $0.50
Board [9c 5h Kh 5c 9d]
Seat 1: BigYelloFish (button) (small blind) showed [Qh 9s] and won ($35.50) with a full house, Nines full of Fives
Seat 2: yohithegreat (big blind) mucked


PokerStars Hand #146010818061:  Hold'em Limit ($3/$6 USD) - 2015/12/27 13:02:14 ET
Table 'Walpurga' 2-max Seat #2 is the button
Seat 1: BigYelloFish ($169.16 in chips)
Seat 2: yohithegreat ($103.68 in chips)
yohithegreat: posts small blind $1
BigYelloFish: posts big blind $3
*** HOLE CARDS ***
yohithegreat: raises $3 to $6
BigYelloFish: calls $3
*** FLOP *** [2d 6h 3c]
BigYelloFish: checks
yohithegreat: checks
*** TURN *** [2d 6h 3c] [8h]
BigYelloFish: checks
yohithegreat: checks
*** RIVER *** [2d 6h 3c 8h] [Qh]
BigYelloFish: checks
yohithegreat: bets $6
BigYelloFish: calls $6
*** SHOW DOWN ***
yohithegreat: shows [Qd 7s] (a pair of Queens)
BigYelloFish: mucks hand
yohithegreat collected $23.52 from pot
*** SUMMARY ***
Total pot $24 | Rake $0.48
Board [2d 6h 3c 8h Qh]
Seat 1: BigYelloFish (big blind) mucked
Seat 2: yohithegreat (button) (small blind) showed [Qd 7s] and won ($23.52) with a pair of Queens


PokerStars Hand #146010803951:  Hold'em Limit ($3/$6 USD) - 2015/12/27 13:02:00 ET
Table 'Walpurga' 2-max Seat #1 is the button
Seat 1: BigYelloFish ($172.16 in chips)
Seat 2: yohithegreat ($100.80 in chips)
BigYelloFish: posts small blind $1
yohithegreat: posts big blind $3
*** HOLE CARDS ***
BigYelloFish: calls $2
yohithegreat: checks
*** FLOP *** [8s 8c 6h]
yohithegreat: bets $3
BigYelloFish: folds
Uncalled bet ($3) returned to yohithegreat
yohithegreat collected $5.88 from pot
*** SUMMARY ***
Total pot $6 | Rake $0.12
Board [8s 8c 6h]
Seat 1: BigYelloFish (button) (small blind) folded on the Flop
Seat 2: yohithegreat (big blind) collected ($5.88)


PokerStars Hand #146010785299:  Hold'em Limit ($3/$6 USD) - 2015/12/27 13:01:43 ET
Table 'Walpurga' 2-max Seat #2 is the button
Seat 1: BigYelloFish ($145.66 in chips)
Seat 2: yohithegreat ($127.80 in chips)
yohithegreat: posts small blind $1
BigYelloFish: posts big blind $3
*** HOLE CARDS ***
yohithegreat: raises $3 to $6
BigYelloFish: calls $3
*** FLOP *** [Qd 2c 8c]
BigYelloFish: checks
yohithegreat: bets $3
BigYelloFish: calls $3
*** TURN *** [Qd 2c 8c] [9s]
BigYelloFish: checks
yohithegreat: bets $6
BigYelloFish: raises $6 to $12
yohithegreat: calls $6
*** RIVER *** [Qd 2c 8c 9s] [9d]
BigYelloFish: bets $6
yohithegreat: calls $6
*** SHOW DOWN ***
BigYelloFish: shows [Tc Jd] (a straight, Eight to Queen)
yohithegreat: mucks hand
BigYelloFish collected $53.50 from pot
*** SUMMARY ***
Total pot $54 | Rake $0.50
Board [Qd 2c 8c 9s 9d]
Seat 1: BigYelloFish (big blind) showed [Tc Jd] and won ($53.50) with a straight, Eight to Queen
Seat 2: yohithegreat (button) (small blind) mucked


PokerStars Hand #146010875854:  Hold'em Limit ($3/$6 USD) - 2015/12/27 13:03:05 ET
Table 'Walpurga' 2-max Seat #2 is the button
Seat 1: BigYelloFish ($180.66 in chips)
Seat 2: yohithegreat ($91.20 in chips)
yohithegreat: posts small blind $1
BigYelloFish: posts big blind $3
*** HOLE CARDS ***
yohithegreat: raises $3 to $6
BigYelloFish: raises $3 to $9
yohithegreat: calls $3
*** FLOP *** [6s Qh 6h]
BigYelloFish: bets $3
yohithegreat: calls $3
*** TURN *** [6s Qh 6h] [Ac]
BigYelloFish: bets $6
yohithegreat: calls $6
*** RIVER *** [6s Qh 6h Ac] [3s]
BigYelloFish: checks
yohithegreat: bets $6
BigYelloFish: folds
Uncalled bet ($6) returned to yohithegreat
yohithegreat collected $35.50 from pot
*** SUMMARY ***
Total pot $36 | Rake $0.50
Board [6s Qh 6h Ac 3s]
Seat 1: BigYelloFish (big blind) folded on the River
Seat 2: yohithegreat (button) (small blind) collected ($35.50)


PokerStars Hand #146010837102:  Hold'em Limit ($3/$6 USD) - 2015/12/27 13:02:32 ET
Table 'Walpurga' 2-max Seat #1 is the button
Seat 1: BigYelloFish ($157.16 in chips)
Seat 2: yohithegreat ($115.20 in chips)
BigYelloFish: posts small blind $1
yohithegreat: posts big blind $3
*** HOLE CARDS ***
BigYelloFish: raises $3 to $6
yohithegreat: calls $3
*** FLOP *** [3d Td Kd]
yohithegreat: checks
BigYelloFish: bets $3
yohithegreat: raises $3 to $6
BigYelloFish: calls $3
*** TURN *** [3d Td Kd] [3s]
yohithegreat: bets $6
BigYelloFish: calls $6
*** RIVER *** [3d Td Kd 3s] [6d]
yohithegreat: bets $6
BigYelloFish: calls $6
*** SHOW DOWN ***
yohithegreat: shows [Ks Ah] (two pair, Kings and Threes)
BigYelloFish: shows [5d 5s] (a flush, King high)
BigYelloFish collected $47.50 from pot
*** SUMMARY ***
Total pot $48 | Rake $0.50
Board [3d Td Kd 3s 6d]
Seat 1: BigYelloFish (button) (small blind) showed [5d 5s] and won ($47.50) with a flush, King high
Seat 2: yohithegreat (big blind) showed [Ks Ah] and lost with two pair, Kings and Threes


PokerStars Hand #146010938075:  Hold'em Limit ($3/$6 USD) - 2015/12/27 13:04:00 ET
Table 'Walpurga' 2-max Seat #1 is the button
Seat 1: BigYelloFish ($129.66 in chips)
Seat 2: yohithegreat ($140.70 in chips)
BigYelloFish: posts small blind $1
yohithegreat: posts big blind $3
*** HOLE CARDS ***
BigYelloFish: raises $3 to $6
yohithegreat: raises $3 to $9
BigYelloFish: calls $3
*** FLOP *** [2d 7h 4s]
yohithegreat: bets $3
BigYelloFish: calls $3
*** TURN *** [2d 7h 4s] [3d]
yohithegreat: bets $6
BigYelloFish: calls $6
*** RIVER *** [2d 7h 4s 3d] [4d]
yohithegreat: bets $6
BigYelloFish: folds
Uncalled bet ($6) returned to yohithegreat
yohithegreat collected $35.50 from pot
*** SUMMARY ***
Total pot $36 | Rake $0.50
Board [2d 7h 4s 3d 4d]
Seat 1: BigYelloFish (button) (small blind) folded on the River
Seat 2: yohithegreat (big blind) collected ($35.50)


PokerStars Hand #146010910620:  Hold'em Limit ($3/$6 USD) - 2015/12/27 13:03:37 ET
Table 'Walpurga' 2-max Seat #2 is the button
Seat 1: BigYelloFish ($147.66 in chips)
Seat 2: yohithegreat ($123.20 in chips)
yohithegreat: posts small blind $1
BigYelloFish: posts big blind $3
*** HOLE CARDS ***
yohithegreat: calls $2
BigYelloFish: raises $3 to $6
yohithegreat: calls $3
*** FLOP *** [3s 2c 4h]
BigYelloFish: bets $3
yohithegreat: raises $3 to $6
BigYelloFish: calls $3
*** TURN *** [3s 2c 4h] [4d]
BigYelloFish: checks
yohithegreat: bets $6
BigYelloFish: calls $6
*** RIVER *** [3s 2c 4h 4d] [8h]
BigYelloFish: checks
yohithegreat: bets $6
BigYelloFish: folds
Uncalled bet ($6) returned to yohithegreat
yohithegreat collected $35.50 from pot
*** SUMMARY ***
Total pot $36 | Rake $0.50
Board [3s 2c 4h 4d 8h]
Seat 1: BigYelloFish (big blind) folded on the River
Seat 2: yohithegreat (button) (small blind) collected ($35.50)


PokerStars Hand #146010894246:  Hold'em Limit ($3/$6 USD) - 2015/12/27 13:03:22 ET
Table 'Walpurga' 2-max Seat #1 is the button
Seat 1: BigYelloFish ($162.66 in chips)
Seat 2: yohithegreat ($108.70 in chips)
BigYelloFish: posts small blind $1
yohithegreat: posts big blind $3
*** HOLE CARDS ***
BigYelloFish: raises $3 to $6
yohithegreat: calls $3
*** FLOP *** [9h Jd 2h]
yohithegreat: checks
BigYelloFish: bets $3
yohithegreat: calls $3
*** TURN *** [9h Jd 2h] [Qh]
yohithegreat: checks
BigYelloFish: checks
*** RIVER *** [9h Jd 2h Qh] [7d]
yohithegreat: bets $6
BigYelloFish: calls $6
*** SHOW DOWN ***
yohithegreat: shows [9s Jc] (two pair, Jacks and Nines)
BigYelloFish: mucks hand
yohithegreat collected $29.50 from pot
*** SUMMARY ***
Total pot $30 | Rake $0.50
Board [9h Jd 2h Qh 7d]
Seat 1: BigYelloFish (button) (small blind) mucked
Seat 2: yohithegreat (big blind) showed [9s Jc] and won ($29.50) with two pair, Jacks and Nines


PokerStars Hand #146010952182:  Hold'em Limit ($3/$6 USD) - 2015/12/27 13:04:13 ET
Table 'Walpurga' 2-max Seat #2 is the button
Seat 1: BigYelloFish ($111.66 in chips)
Seat 2: yohithegreat ($158.20 in chips)
yohithegreat: posts small blind $1
BigYelloFish: posts big blind $3
*** HOLE CARDS ***
yohithegreat: calls $2
BigYelloFish: raises $3 to $6
yohithegreat: calls $3
*** FLOP *** [8h 3s 2c]
BigYelloFish: bets $3
yohithegreat: calls $3
*** TURN *** [8h 3s 2c] [Ts]
BigYelloFish: bets $6
yohithegreat: folds
Uncalled bet ($6) returned to BigYelloFish
BigYelloFish collected $17.64 from pot
BigYelloFish: doesn't show hand
*** SUMMARY ***
Total pot $18 | Rake $0.36
Board [8h 3s 2c Ts]
Seat 1: BigYelloFish (big blind) collected ($17.64)
Seat 2: yohithegreat (button) (small blind) folded on the Turn


PokerStars Hand #146011000067:  Hold'em Limit ($3/$6 USD) - 2015/12/27 13:04:56 ET
Table 'Walpurga' 2-max Seat #2 is the button
Seat 1: BigYelloFish ($111.30 in chips)
Seat 2: yohithegreat ($157.84 in chips)
yohithegreat: posts small blind $1
BigYelloFish: posts big blind $3
*** HOLE CARDS ***
yohithegreat: calls $2
BigYelloFish: checks
*** FLOP *** [Jd 2d 3c]
BigYelloFish: checks
yohithegreat: checks
*** TURN *** [Jd 2d 3c] [4d]
BigYelloFish: checks
yohithegreat: checks
*** RIVER *** [Jd 2d 3c 4d] [As]
BigYelloFish: checks
yohithegreat: checks
*** SHOW DOWN ***
BigYelloFish: shows [Qh 6c] (high card Ace)
yohithegreat: shows [6d Qs] (high card Ace)
BigYelloFish collected $2.94 from pot
yohithegreat collected $2.94 from pot
*** SUMMARY ***
Total pot $6 | Rake $0.12
Board [Jd 2d 3c 4d As]
Seat 1: BigYelloFish (big blind) showed [Qh 6c] and won ($2.94) with high card Ace
Seat 2: yohithegreat (button) (small blind) showed [6d Qs] and won ($2.94) with high card Ace


PokerStars Hand #146010971329:  Hold'em Limit ($3/$6 USD) - 2015/12/27 13:04:30 ET
Table 'Walpurga' 2-max Seat #1 is the button
Seat 1: BigYelloFish ($120.30 in chips)
Seat 2: yohithegreat ($149.20 in chips)
BigYelloFish: posts small blind $1
yohithegreat: posts big blind $3
*** HOLE CARDS ***
BigYelloFish: calls $2
yohithegreat: checks
*** FLOP *** [8d 6h Jh]
yohithegreat: checks
BigYelloFish: checks
*** TURN *** [8d 6h Jh] [Ah]
yohithegreat: checks
BigYelloFish: checks
*** RIVER *** [8d 6h Jh Ah] [Tc]
yohithegreat: bets $6
BigYelloFish: calls $6
*** SHOW DOWN ***
yohithegreat: shows [7s Ts] (a pair of Tens)
BigYelloFish: mucks hand
yohithegreat collected $17.64 from pot
*** SUMMARY ***
Total pot $18 | Rake $0.36
Board [8d 6h Jh Ah Tc]
Seat 1: BigYelloFish (button) (small blind) mucked
Seat 2: yohithegreat (big blind) showed [7s Ts] and won ($17.64) with a pair of Tens


PokerStars Hand #146011073190:  Hold'em Limit ($3/$6 USD) - 2015/12/27 13:06:01 ET
Table 'Walpurga' 2-max Seat #1 is the button
Seat 1: BigYelloFish ($99.12 in chips)
Seat 2: yohithegreat ($169.28 in chips)
BigYelloFish: posts small blind $1
yohithegreat: posts big blind $3
*** HOLE CARDS ***
BigYelloFish: folds
Uncalled bet ($2) returned to yohithegreat
yohithegreat collected $2 from pot
*** SUMMARY ***
Total pot $2 | Rake $0
Seat 1: BigYelloFish (button) (small blind) folded before Flop
Seat 2: yohithegreat (big blind) collected ($2)


PokerStars Hand #146011045902:  Hold'em Limit ($3/$6 USD) - 2015/12/27 13:05:37 ET
Table 'Walpurga' 2-max Seat #2 is the button
Seat 1: BigYelloFish ($96.24 in chips)
Seat 2: yohithegreat ($172.28 in chips)
yohithegreat: posts small blind $1
BigYelloFish: posts big blind $3
*** HOLE CARDS ***
yohithegreat: calls $2
BigYelloFish: checks
*** FLOP *** [4s Qc 7h]
BigYelloFish: checks
yohithegreat: checks
*** TURN *** [4s Qc 7h] [5h]
BigYelloFish: bets $6
yohithegreat: folds
Uncalled bet ($6) returned to BigYelloFish
BigYelloFish collected $5.88 from pot
BigYelloFish: doesn't show hand
*** SUMMARY ***
Total pot $6 | Rake $0.12
Board [4s Qc 7h 5h]
Seat 1: BigYelloFish (big blind) collected ($5.88)
Seat 2: yohithegreat (button) (small blind) folded on the Turn


PokerStars Hand #146011017072:  Hold'em Limit ($3/$6 USD) - 2015/12/27 13:05:10 ET
Table 'Walpurga' 2-max Seat #1 is the button
Seat 1: BigYelloFish ($111.24 in chips)
Seat 2: yohithegreat ($157.78 in chips)
BigYelloFish: posts small blind $1
yohithegreat: posts big blind $3
*** HOLE CARDS ***
BigYelloFish: calls $2
yohithegreat: checks
*** FLOP *** [Qd 7c 2d]
yohithegreat: checks
BigYelloFish: checks
*** TURN *** [Qd 7c 2d] [Qh]
yohithegreat: bets $6
BigYelloFish: calls $6
*** RIVER *** [Qd 7c 2d Qh] [9d]
yohithegreat: bets $6
BigYelloFish: calls $6
*** SHOW DOWN ***
yohithegreat: shows [Qc 3d] (three of a kind, Queens)
BigYelloFish: mucks hand
yohithegreat collected $29.50 from pot
*** SUMMARY ***
Total pot $30 | Rake $0.50
Board [Qd 7c 2d Qh 9d]
Seat 1: BigYelloFish (button) (small blind) mucked
Seat 2: yohithegreat (big blind) showed [Qc 3d] and won ($29.50) with three of a kind, Queens


PokerStars Hand #146011131249:  Hold'em Limit ($3/$6 USD) - 2015/12/27 13:06:53 ET
Table 'Walpurga' 2-max Seat #2 is the button
Seat 1: BigYelloFish ($23.12 in chips)
Seat 2: yohithegreat ($244.28 in chips)
yohithegreat: posts small blind $1
BigYelloFish: posts big blind $3
*** HOLE CARDS ***
yohithegreat: raises $3 to $6
BigYelloFish: calls $3
*** FLOP *** [6d Ah 9h]
BigYelloFish: checks
yohithegreat: bets $3
BigYelloFish: folds
Uncalled bet ($3) returned to yohithegreat
yohithegreat collected $11.76 from pot
*** SUMMARY ***
Total pot $12 | Rake $0.24
Board [6d Ah 9h]
Seat 1: BigYelloFish (big blind) folded on the Flop
Seat 2: yohithegreat (button) (small blind) collected ($11.76)


PokerStars Hand #146011111079:  Hold'em Limit ($3/$6 USD) - 2015/12/27 13:06:35 ET
Table 'Walpurga' 2-max Seat #1 is the button
Seat 1: BigYelloFish ($59.12 in chips)
Seat 2: yohithegreat ($208.78 in chips)
BigYelloFish: posts small blind $1
yohithegreat: posts big blind $3
*** HOLE CARDS ***
BigYelloFish: raises $3 to $6
yohithegreat: raises $3 to $9
BigYelloFish: calls $3
*** FLOP *** [2s Ad 7c]
yohithegreat: bets $3
BigYelloFish: calls $3
*** TURN *** [2s Ad 7c] [Ts]
yohithegreat: bets $6
BigYelloFish: raises $6 to $12
yohithegreat: calls $6
*** RIVER *** [2s Ad 7c Ts] [4s]
yohithegreat: checks
BigYelloFish: bets $6
yohithegreat: raises $6 to $12
BigYelloFish: calls $6
*** SHOW DOWN ***
yohithegreat: shows [2h 4c] (two pair, Fours and Deuces)
BigYelloFish: mucks hand
yohithegreat collected $71.50 from pot
*** SUMMARY ***
Total pot $72 | Rake $0.50
Board [2s Ad 7c Ts 4s]
Seat 1: BigYelloFish (button) (small blind) mucked
Seat 2: yohithegreat (big blind) showed [2h 4c] and won ($71.50) with two pair, Fours and Deuces


PokerStars Hand #146011087988:  Hold'em Limit ($3/$6 USD) - 2015/12/27 13:06:14 ET
Table 'Walpurga' 2-max Seat #2 is the button
Seat 1: BigYelloFish ($98.12 in chips)
Seat 2: yohithegreat ($170.28 in chips)
yohithegreat: posts small blind $1
BigYelloFish: posts big blind $3
*** HOLE CARDS ***
yohithegreat: raises $3 to $6
BigYelloFish: raises $3 to $9
yohithegreat: raises $3 to $12
Betting is capped
BigYelloFish: calls $3
*** FLOP *** [Ts 2d 5d]
BigYelloFish: checks
yohithegreat: bets $3
BigYelloFish: calls $3
*** TURN *** [Ts 2d 5d] [Qc]
BigYelloFish: checks
yohithegreat: bets $6
BigYelloFish: raises $6 to $12
yohithegreat: raises $6 to $18
BigYelloFish: calls $6
*** RIVER *** [Ts 2d 5d Qc] [Js]
BigYelloFish: checks
yohithegreat: bets $6
BigYelloFish: calls $6
*** SHOW DOWN ***
yohithegreat: shows [Th Td] (three of a kind, Tens)
BigYelloFish: mucks hand
yohithegreat collected $77.50 from pot
*** SUMMARY ***
Total pot $78 | Rake $0.50
Board [Ts 2d 5d Qc Js]
Seat 1: BigYelloFish (big blind) mucked
Seat 2: yohithegreat (button) (small blind) showed [Th Td] and won ($77.50) with three of a kind, Tens


PokerStars Hand #146011213604:  Hold'em Limit ($3/$6 USD) - 2015/12/27 13:08:07 ET
Table 'Walpurga' 2-max Seat #2 is the button
Seat 1: BigYelloFish ($68.12 in chips)
Seat 2: yohithegreat ($258.68 in chips)
yohithegreat: posts small blind $1
BigYelloFish: posts big blind $3
*** HOLE CARDS ***
yohithegreat: calls $2
BigYelloFish: checks
*** FLOP *** [4s Jd Th]
BigYelloFish: checks
yohithegreat: bets $3
BigYelloFish: calls $3
*** TURN *** [4s Jd Th] [7c]
BigYelloFish: checks
yohithegreat: bets $6
BigYelloFish: folds
Uncalled bet ($6) returned to yohithegreat
yohithegreat collected $11.76 from pot
*** SUMMARY ***
Total pot $12 | Rake $0.24
Board [4s Jd Th 7c]
Seat 1: BigYelloFish (big blind) folded on the Turn
Seat 2: yohithegreat (button) (small blind) collected ($11.76)


PokerStars Hand #146011197030:  Hold'em Limit ($3/$6 USD) - 2015/12/27 13:07:52 ET
Table 'Walpurga' 2-max Seat #1 is the button
Seat 1: BigYelloFish ($77.12 in chips)
Seat 2: yohithegreat ($250.04 in chips)
BigYelloFish: posts small blind $1
yohithegreat: posts big blind $3
*** HOLE CARDS ***
BigYelloFish: raises $3 to $6
yohithegreat: calls $3
*** FLOP *** [4h Ad 6c]
yohithegreat: checks
BigYelloFish: bets $3
yohithegreat: calls $3
*** TURN *** [4h Ad 6c] [9d]
yohithegreat: checks
BigYelloFish: checks
*** RIVER *** [4h Ad 6c 9d] [Th]
yohithegreat: bets $6
BigYelloFish: folds
Uncalled bet ($6) returned to yohithegreat
yohithegreat collected $17.64 from pot
*** SUMMARY ***
Total pot $18 | Rake $0.36
Board [4h Ad 6c 9d Th]
Seat 1: BigYelloFish (button) (small blind) folded on the River
Seat 2: yohithegreat (big blind) collected ($17.64)


PokerStars Hand #146011271651:  Hold'em Limit ($3/$6 USD) - 2015/12/27 13:09:00 ET
Table 'Walpurga' 2-max Seat #1 is the button
Seat 1: BigYelloFish ($20.12 in chips)
Seat 2: yohithegreat ($305.44 in chips)
BigYelloFish: posts small blind $1
yohithegreat: posts big blind $3
*** HOLE CARDS ***
BigYelloFish: raises $3 to $6
yohithegreat: calls $3
*** FLOP *** [7s Qd 5s]
yohithegreat: checks
BigYelloFish: bets $3
yohithegreat: calls $3
*** TURN *** [7s Qd 5s] [6h]
yohithegreat: checks
BigYelloFish: bets $6
yohithegreat: calls $6
*** RIVER *** [7s Qd 5s 6h] [9h]
yohithegreat: bets $6
BigYelloFish: calls $5.12 and is all-in
Uncalled bet ($0.88) returned to yohithegreat
*** SHOW DOWN ***
yohithegreat: shows [9c Ks] (a pair of Nines)
BigYelloFish: shows [5h 7d] (two pair, Sevens and Fives)
BigYelloFish collected $39.74 from pot
*** SUMMARY ***
Total pot $40.24 | Rake $0.50
Board [7s Qd 5s 6h 9h]
Seat 1: BigYelloFish (button) (small blind) showed [5h 7d] and won ($39.74) with two pair, Sevens and Fives
Seat 2: yohithegreat (big blind) showed [9c Ks] and lost with a pair of Nines


PokerStars Hand #146011254787:  Hold'em Limit ($3/$6 USD) - 2015/12/27 13:08:45 ET
Table 'Walpurga' 2-max Seat #2 is the button
Seat 1: BigYelloFish ($44.12 in chips)
Seat 2: yohithegreat ($281.94 in chips)
yohithegreat: posts small blind $1
BigYelloFish: posts big blind $3
*** HOLE CARDS ***
yohithegreat: calls $2
BigYelloFish: raises $3 to $6
yohithegreat: calls $3
*** FLOP *** [3c 6d 7h]
BigYelloFish: bets $3
yohithegreat: raises $3 to $6
BigYelloFish: calls $3
*** TURN *** [3c 6d 7h] [3h]
BigYelloFish: checks
yohithegreat: bets $6
BigYelloFish: calls $6
*** RIVER *** [3c 6d 7h 3h] [Td]
BigYelloFish: checks
yohithegreat: bets $6
BigYelloFish: calls $6
*** SHOW DOWN ***
yohithegreat: shows [Qs 7s] (two pair, Sevens and Threes)
BigYelloFish: mucks hand
yohithegreat collected $47.50 from pot
*** SUMMARY ***
Total pot $48 | Rake $0.50
Board [3c 6d 7h 3h Td]
Seat 1: BigYelloFish (big blind) mucked
Seat 2: yohithegreat (button) (small blind) showed [Qs 7s] and won ($47.50) with two pair, Sevens and Threes


PokerStars Hand #146011231642:  Hold'em Limit ($3/$6 USD) - 2015/12/27 13:08:24 ET
Table 'Walpurga' 2-max Seat #1 is the button
Seat 1: BigYelloFish ($62.12 in chips)
Seat 2: yohithegreat ($264.44 in chips)
BigYelloFish: posts small blind $1
yohithegreat: posts big blind $3
*** HOLE CARDS ***
BigYelloFish: raises $3 to $6
yohithegreat: calls $3
*** FLOP *** [9s Ah 4h]
yohithegreat: checks
BigYelloFish: checks
*** TURN *** [9s Ah 4h] [Kh]
yohithegreat: bets $6
BigYelloFish: raises $6 to $12
yohithegreat: calls $6
*** RIVER *** [9s Ah 4h Kh] [5h]
yohithegreat: checks
BigYelloFish: checks
*** SHOW DOWN ***
yohithegreat: shows [Jc As] (a pair of Aces)
BigYelloFish: mucks hand
yohithegreat collected $35.50 from pot
*** SUMMARY ***
Total pot $36 | Rake $0.50
Board [9s Ah 4h Kh 5h]
Seat 1: BigYelloFish (button) (small blind) mucked
Seat 2: yohithegreat (big blind) showed [Jc As] and won ($35.50) with a pair of Aces


PokerStars Hand #146011335473:  Hold'em Limit ($3/$6 USD) - 2015/12/27 13:09:58 ET
Table 'Walpurga' 2-max Seat #2 is the button
Seat 1: BigYelloFish ($72.98 in chips)
Seat 2: yohithegreat ($251.34 in chips)
yohithegreat: posts small blind $1
BigYelloFish: posts big blind $3
*** HOLE CARDS ***
yohithegreat: raises $3 to $6
BigYelloFish: calls $3
*** FLOP *** [5c 6c 6s]
BigYelloFish: checks
yohithegreat: bets $3
BigYelloFish: raises $3 to $6
yohithegreat: calls $3
*** TURN *** [5c 6c 6s] [3c]
BigYelloFish: bets $6
yohithegreat: calls $6
*** RIVER *** [5c 6c 6s 3c] [3s]
BigYelloFish: bets $6
yohithegreat: calls $6
*** SHOW DOWN ***
BigYelloFish: shows [Qc 9c] (a flush, Queen high)
yohithegreat: mucks hand
BigYelloFish collected $47.50 from pot
*** SUMMARY ***
Total pot $48 | Rake $0.50
Board [5c 6c 6s 3c 3s]
Seat 1: BigYelloFish (big blind) showed [Qc 9c] and won ($47.50) with a flush, Queen high
Seat 2: yohithegreat (button) (small blind) mucked


PokerStars Hand #146011317335:  Hold'em Limit ($3/$6 USD) - 2015/12/27 13:09:42 ET
Table 'Walpurga' 2-max Seat #1 is the button
Seat 1: BigYelloFish ($78.98 in chips)
Seat 2: yohithegreat ($245.58 in chips)
BigYelloFish: posts small blind $1
yohithegreat: posts big blind $3
*** HOLE CARDS ***
BigYelloFish: raises $3 to $6
yohithegreat: calls $3
*** FLOP *** [8c Qd 2d]
yohithegreat: checks
BigYelloFish: checks
*** TURN *** [8c Qd 2d] [Kc]
yohithegreat: bets $6
BigYelloFish: folds
Uncalled bet ($6) returned to yohithegreat
yohithegreat collected $11.76 from pot
*** SUMMARY ***
Total pot $12 | Rake $0.24
Board [8c Qd 2d Kc]
Seat 1: BigYelloFish (button) (small blind) folded on the Turn
Seat 2: yohithegreat (big blind) collected ($11.76)


PokerStars Hand #146011291273:  Hold'em Limit ($3/$6 USD) - 2015/12/27 13:09:18 ET
Table 'Walpurga' 2-max Seat #2 is the button
Seat 1: BigYelloFish ($39.74 in chips)
Seat 2: yohithegreat ($285.32 in chips)
yohithegreat: posts small blind $1
BigYelloFish: posts big blind $3
*** HOLE CARDS ***
yohithegreat: raises $3 to $6
BigYelloFish: raises $3 to $9
yohithegreat: raises $3 to $12
Betting is capped
BigYelloFish: calls $3
*** FLOP *** [2c 6d Td]
BigYelloFish: checks
yohithegreat: bets $3
BigYelloFish: raises $3 to $6
yohithegreat: raises $3 to $9
BigYelloFish: raises $3 to $12
Betting is capped
yohithegreat: calls $3
*** TURN *** [2c 6d Td] [Kc]
BigYelloFish: bets $6
yohithegreat: raises $6 to $12
BigYelloFish: raises $3.74 to $15.74 and is all-in
yohithegreat: calls $3.74
*** RIVER *** [2c 6d Td Kc] [5c]
*** SHOW DOWN ***
BigYelloFish: shows [Tc Qc] (a flush, King high)
yohithegreat: shows [As Ad] (a pair of Aces)
BigYelloFish collected $78.98 from pot
*** SUMMARY ***
Total pot $79.48 | Rake $0.50
Board [2c 6d Td Kc 5c]
Seat 1: BigYelloFish (big blind) showed [Tc Qc] and won ($78.98) with a flush, King high
Seat 2: yohithegreat (button) (small blind) showed [As Ad] and lost with a pair of Aces


PokerStars Hand #146011422777:  Hold'em Limit ($3/$6 USD) - 2015/12/27 13:11:17 ET
Table 'Walpurga' 2-max Seat #1 is the button
Seat 1: BigYelloFish ($131.48 in chips)
Seat 2: yohithegreat ($190.86 in chips)
BigYelloFish: posts small blind $1
yohithegreat: posts big blind $3
*** HOLE CARDS ***
BigYelloFish: raises $3 to $6
yohithegreat: raises $3 to $9
BigYelloFish: calls $3
*** FLOP *** [Ah 2c 9s]
yohithegreat: bets $3
BigYelloFish: calls $3
*** TURN *** [Ah 2c 9s] [Qh]
yohithegreat: bets $6
BigYelloFish: folds
Uncalled bet ($6) returned to yohithegreat
yohithegreat collected $23.52 from pot
*** SUMMARY ***
Total pot $24 | Rake $0.48
Board [Ah 2c 9s Qh]
Seat 1: BigYelloFish (button) (small blind) folded on the Turn
Seat 2: yohithegreat (big blind) collected ($23.52)


PokerStars Hand #146011414695:  Hold'em Limit ($3/$6 USD) - 2015/12/27 13:11:10 ET
Table 'Walpurga' 2-max Seat #2 is the button
Seat 1: BigYelloFish ($137.48 in chips)
Seat 2: yohithegreat ($185.10 in chips)
yohithegreat: posts small blind $1
BigYelloFish: posts big blind $3
*** HOLE CARDS ***
yohithegreat: raises $3 to $6
BigYelloFish: calls $3
*** FLOP *** [3h Ah Qc]
BigYelloFish: checks
yohithegreat: bets $3
BigYelloFish: folds
Uncalled bet ($3) returned to yohithegreat
yohithegreat collected $11.76 from pot
*** SUMMARY ***
Total pot $12 | Rake $0.24
Board [3h Ah Qc]
Seat 1: BigYelloFish (big blind) folded on the Flop
Seat 2: yohithegreat (button) (small blind) collected ($11.76)


PokerStars Hand #146011391254:  Hold'em Limit ($3/$6 USD) - 2015/12/27 13:10:49 ET
Table 'Walpurga' 2-max Seat #1 is the button
Seat 1: BigYelloFish ($113.98 in chips)
Seat 2: yohithegreat ($209.10 in chips)
BigYelloFish: posts small blind $1
yohithegreat: posts big blind $3
*** HOLE CARDS ***
BigYelloFish: calls $2
yohithegreat: raises $3 to $6
BigYelloFish: calls $3
*** FLOP *** [4h 8s 9h]
yohithegreat: bets $3
BigYelloFish: raises $3 to $6
yohithegreat: calls $3
*** TURN *** [4h 8s 9h] [Ks]
yohithegreat: checks
BigYelloFish: bets $6
yohithegreat: calls $6
*** RIVER *** [4h 8s 9h Ks] [7h]
yohithegreat: checks
BigYelloFish: bets $6
yohithegreat: calls $6
*** SHOW DOWN ***
BigYelloFish: shows [8h 3h] (a flush, Nine high)
yohithegreat: mucks hand
BigYelloFish collected $47.50 from pot
*** SUMMARY ***
Total pot $48 | Rake $0.50
Board [4h 8s 9h Ks 7h]
Seat 1: BigYelloFish (button) (small blind) showed [8h 3h] and won ($47.50) with a flush, Nine high
Seat 2: yohithegreat (big blind) mucked


PokerStars Hand #146011380962:  Hold'em Limit ($3/$6 USD) - 2015/12/27 13:10:40 ET
Table 'Walpurga' 2-max Seat #2 is the button
Seat 1: BigYelloFish ($119.98 in chips)
Seat 2: yohithegreat ($203.34 in chips)
yohithegreat: posts small blind $1
BigYelloFish: posts big blind $3
*** HOLE CARDS ***
yohithegreat: raises $3 to $6
BigYelloFish: calls $3
*** FLOP *** [Ad Qs Js]
BigYelloFish: checks
yohithegreat: bets $3
BigYelloFish: folds
Uncalled bet ($3) returned to yohithegreat
yohithegreat collected $11.76 from pot
*** SUMMARY ***
Total pot $12 | Rake $0.24
Board [Ad Qs Js]
Seat 1: BigYelloFish (big blind) folded on the Flop
Seat 2: yohithegreat (button) (small blind) collected ($11.76)


PokerStars Hand #146011356461:  Hold'em Limit ($3/$6 USD) - 2015/12/27 13:10:17 ET
Table 'Walpurga' 2-max Seat #1 is the button
Seat 1: BigYelloFish ($96.48 in chips)
Seat 2: yohithegreat ($227.34 in chips)
BigYelloFish: posts small blind $1
yohithegreat: posts big blind $3
*** HOLE CARDS ***
BigYelloFish: raises $3 to $6
yohithegreat: calls $3
*** FLOP *** [3d Kd 2h]
yohithegreat: bets $3
BigYelloFish: raises $3 to $6
yohithegreat: calls $3
*** TURN *** [3d Kd 2h] [Ac]
yohithegreat: checks
BigYelloFish: bets $6
yohithegreat: calls $6
*** RIVER *** [3d Kd 2h Ac] [5d]
yohithegreat: checks
BigYelloFish: bets $6
yohithegreat: calls $6
*** SHOW DOWN ***
BigYelloFish: shows [Kc 4h] (a straight, Ace to Five)
yohithegreat: mucks hand
BigYelloFish collected $47.50 from pot
*** SUMMARY ***
Total pot $48 | Rake $0.50
Board [3d Kd 2h Ac 5d]
Seat 1: BigYelloFish (button) (small blind) showed [Kc 4h] and won ($47.50) with a straight, Ace to Five
Seat 2: yohithegreat (big blind) mucked


PokerStars Hand #146011497244:  Hold'em Limit ($3/$6 USD) - 2015/12/27 13:12:25 ET
Table 'Walpurga' 2-max Seat #1 is the button
Seat 1: BigYelloFish ($142.52 in chips)
Seat 2: yohithegreat ($178.38 in chips)
BigYelloFish: posts small blind $1
yohithegreat: posts big blind $3
*** HOLE CARDS ***
BigYelloFish: raises $3 to $6
yohithegreat: calls $3
*** FLOP *** [9d As Js]
yohithegreat: checks
BigYelloFish: bets $3
yohithegreat: folds
Uncalled bet ($3) returned to BigYelloFish
BigYelloFish collected $11.76 from pot
BigYelloFish: doesn't show hand
*** SUMMARY ***
Total pot $12 | Rake $0.24
Board [9d As Js]
Seat 1: BigYelloFish (button) (small blind) collected ($11.76)
Seat 2: yohithegreat (big blind) folded on the Flop


PokerStars Hand #146011469346:  Hold'em Limit ($3/$6 USD) - 2015/12/27 13:11:59 ET
Table 'Walpurga' 2-max Seat #2 is the button
Seat 1: BigYelloFish ($133.88 in chips)
Seat 2: yohithegreat ($187.38 in chips)
yohithegreat: posts small blind $1
BigYelloFish: posts big blind $3
*** HOLE CARDS ***
yohithegreat: raises $3 to $6
BigYelloFish: calls $3
*** FLOP *** [2s 4c Qd]
BigYelloFish: checks
yohithegreat: bets $3
BigYelloFish: calls $3
*** TURN *** [2s 4c Qd] [7d]
BigYelloFish: checks
yohithegreat: checks
*** RIVER *** [2s 4c Qd 7d] [Qs]
BigYelloFish: bets $6
yohithegreat: folds
Uncalled bet ($6) returned to BigYelloFish
BigYelloFish collected $17.64 from pot
BigYelloFish: doesn't show hand
*** SUMMARY ***
Total pot $18 | Rake $0.36
Board [2s 4c Qd 7d Qs]
Seat 1: BigYelloFish (big blind) collected ($17.64)
Seat 2: yohithegreat (button) (small blind) folded on the River


PokerStars Hand #146011451481:  Hold'em Limit ($3/$6 USD) - 2015/12/27 13:11:43 ET
Table 'Walpurga' 2-max Seat #1 is the button
Seat 1: BigYelloFish ($128.12 in chips)
Seat 2: yohithegreat ($193.38 in chips)
BigYelloFish: posts small blind $1
yohithegreat: posts big blind $3
*** HOLE CARDS ***
BigYelloFish: raises $3 to $6
yohithegreat: calls $3
*** FLOP *** [5d 7h As]
yohithegreat: checks
BigYelloFish: checks
*** TURN *** [5d 7h As] [Qs]
yohithegreat: checks
BigYelloFish: bets $6
yohithegreat: folds
Uncalled bet ($6) returned to BigYelloFish
BigYelloFish collected $11.76 from pot
BigYelloFish: doesn't show hand
*** SUMMARY ***
Total pot $12 | Rake $0.24
Board [5d 7h As Qs]
Seat 1: BigYelloFish (button) (small blind) collected ($11.76)
Seat 2: yohithegreat (big blind) folded on the Turn


PokerStars Hand #146011434846:  Hold'em Limit ($3/$6 USD) - 2015/12/27 13:11:28 ET
Table 'Walpurga' 2-max Seat #2 is the button
Seat 1: BigYelloFish ($119.48 in chips)
Seat 2: yohithegreat ($202.38 in chips)
yohithegreat: posts small blind $1
BigYelloFish: posts big blind $3
*** HOLE CARDS ***
yohithegreat: calls $2
BigYelloFish: checks
*** FLOP *** [3c Ac Ts]
BigYelloFish: checks
yohithegreat: checks
*** TURN *** [3c Ac Ts] [4h]
BigYelloFish: checks
yohithegreat: bets $6
BigYelloFish: calls $6
*** RIVER *** [3c Ac Ts 4h] [6s]
BigYelloFish: checks
yohithegreat: checks
*** SHOW DOWN ***
BigYelloFish: shows [3s 9c] (a pair of Threes)
yohithegreat: mucks hand
BigYelloFish collected $17.64 from pot
*** SUMMARY ***
Total pot $18 | Rake $0.36
Board [3c Ac Ts 4h 6s]
Seat 1: BigYelloFish (big blind) showed [3s 9c] and won ($17.64) with a pair of Threes
Seat 2: yohithegreat (button) (small blind) mucked


PokerStars Hand #146011544545:  Hold'em Limit ($3/$6 USD) - 2015/12/27 13:13:08 ET
Table 'Walpurga' 2-max Seat #2 is the button
Seat 1: BigYelloFish ($147.78 in chips)
Seat 2: yohithegreat ($171.88 in chips)
yohithegreat: posts small blind $1
BigYelloFish: posts big blind $3
*** HOLE CARDS ***
yohithegreat: raises $3 to $6
BigYelloFish: calls $3
*** FLOP *** [7d Jd Ks]
BigYelloFish: checks
yohithegreat: bets $3
BigYelloFish: folds
Uncalled bet ($3) returned to yohithegreat
yohithegreat collected $11.76 from pot
*** SUMMARY ***
Total pot $12 | Rake $0.24
Board [7d Jd Ks]
Seat 1: BigYelloFish (big blind) folded on the Flop
Seat 2: yohithegreat (button) (small blind) collected ($11.76)


PokerStars Hand #146011528088:  Hold'em Limit ($3/$6 USD) - 2015/12/27 13:12:53 ET
Table 'Walpurga' 2-max Seat #1 is the button
Seat 1: BigYelloFish ($165.78 in chips)
Seat 2: yohithegreat ($154.38 in chips)
BigYelloFish: posts small blind $1
yohithegreat: posts big blind $3
*** HOLE CARDS ***
BigYelloFish: raises $3 to $6
yohithegreat: raises $3 to $9
BigYelloFish: calls $3
*** FLOP *** [Ac 7h Kh]
yohithegreat: bets $3
BigYelloFish: calls $3
*** TURN *** [Ac 7h Kh] [6d]
yohithegreat: bets $6
BigYelloFish: calls $6
*** RIVER *** [Ac 7h Kh 6d] [2h]
yohithegreat: bets $6
BigYelloFish: folds
Uncalled bet ($6) returned to yohithegreat
yohithegreat collected $35.50 from pot
*** SUMMARY ***
Total pot $36 | Rake $0.50
Board [Ac 7h Kh 6d 2h]
Seat 1: BigYelloFish (button) (small blind) folded on the River
Seat 2: yohithegreat (big blind) collected ($35.50)


PokerStars Hand #146011508911:  Hold'em Limit ($3/$6 USD) - 2015/12/27 13:12:36 ET
Table 'Walpurga' 2-max Seat #2 is the button
Seat 1: BigYelloFish ($148.28 in chips)
Seat 2: yohithegreat ($172.38 in chips)
yohithegreat: posts small blind $1
BigYelloFish: posts big blind $3
*** HOLE CARDS ***
yohithegreat: raises $3 to $6
BigYelloFish: calls $3
*** FLOP *** [5h 8c 2s]
BigYelloFish: checks
yohithegreat: checks
*** TURN *** [5h 8c 2s] [9c]
BigYelloFish: bets $6
yohithegreat: calls $6
*** RIVER *** [5h 8c 2s 9c] [Ad]
BigYelloFish: bets $6
yohithegreat: calls $6
*** SHOW DOWN ***
BigYelloFish: shows [5s 9d] (two pair, Nines and Fives)
yohithegreat: mucks hand
BigYelloFish collected $35.50 from pot
*** SUMMARY ***
Total pot $36 | Rake $0.50
Board [5h 8c 2s 9c Ad]
Seat 1: BigYelloFish (big blind) showed [5s 9d] and won ($35.50) with two pair, Nines and Fives
Seat 2: yohithegreat (button) (small blind) mucked


PokerStars Hand #146011612806:  Hold'em Limit ($3/$6 USD) - 2015/12/27 13:14:10 ET
Table 'Walpurga' 2-max Seat #2 is the button
Seat 1: BigYelloFish ($179.92 in chips)
Seat 2: yohithegreat ($138.64 in chips)
yohithegreat: posts small blind $1
BigYelloFish: posts big blind $3
*** HOLE CARDS ***
yohithegreat: raises $3 to $6
BigYelloFish: calls $3
*** FLOP *** [Kd 9d Jh]
BigYelloFish: checks
yohithegreat: bets $3
BigYelloFish: calls $3
*** TURN *** [Kd 9d Jh] [9c]
BigYelloFish: checks
yohithegreat: bets $6
BigYelloFish: calls $6
*** RIVER *** [Kd 9d Jh 9c] [5s]
BigYelloFish: checks
yohithegreat: checks
*** SHOW DOWN ***
BigYelloFish: shows [As 6s] (a pair of Nines)
yohithegreat: shows [Qh Ac] (a pair of Nines - Ace+King+Queen kicker)
yohithegreat collected $29.50 from pot
*** SUMMARY ***
Total pot $30 | Rake $0.50
Board [Kd 9d Jh 9c 5s]
Seat 1: BigYelloFish (big blind) showed [As 6s] and lost with a pair of Nines
Seat 2: yohithegreat (button) (small blind) showed [Qh Ac] and won ($29.50) with a pair of Nines


PokerStars Hand #146011589983:  Hold'em Limit ($3/$6 USD) - 2015/12/27 13:13:49 ET
Table 'Walpurga' 2-max Seat #1 is the button
Seat 1: BigYelloFish ($177.04 in chips)
Seat 2: yohithegreat ($141.64 in chips)
BigYelloFish: posts small blind $1
yohithegreat: posts big blind $3
*** HOLE CARDS ***
BigYelloFish: calls $2
yohithegreat: checks
*** FLOP *** [5h Jc Ks]
yohithegreat: checks
BigYelloFish: checks
*** TURN *** [5h Jc Ks] [9d]
yohithegreat: checks
BigYelloFish: checks
*** RIVER *** [5h Jc Ks 9d] [5c]
yohithegreat: checks
BigYelloFish: bets $6
yohithegreat: folds
Uncalled bet ($6) returned to BigYelloFish
BigYelloFish collected $5.88 from pot
BigYelloFish: doesn't show hand
*** SUMMARY ***
Total pot $6 | Rake $0.12
Board [5h Jc Ks 9d 5c]
Seat 1: BigYelloFish (button) (small blind) collected ($5.88)
Seat 2: yohithegreat (big blind) folded on the River


PokerStars Hand #146011575803:  Hold'em Limit ($3/$6 USD) - 2015/12/27 13:13:37 ET
Table 'Walpurga' 2-max Seat #2 is the button
Seat 1: BigYelloFish ($171.28 in chips)
Seat 2: yohithegreat ($147.64 in chips)
yohithegreat: posts small blind $1
BigYelloFish: posts big blind $3
*** HOLE CARDS ***
yohithegreat: calls $2
BigYelloFish: checks
*** FLOP *** [7c Qd Js]
BigYelloFish: checks
yohithegreat: bets $3
BigYelloFish: calls $3
*** TURN *** [7c Qd Js] [Qc]
BigYelloFish: checks
yohithegreat: checks
*** RIVER *** [7c Qd Js Qc] [Tc]
BigYelloFish: bets $6
yohithegreat: folds
Uncalled bet ($6) returned to BigYelloFish
BigYelloFish collected $11.76 from pot
BigYelloFish: doesn't show hand
*** SUMMARY ***
Total pot $12 | Rake $0.24
Board [7c Qd Js Qc Tc]
Seat 1: BigYelloFish (big blind) collected ($11.76)
Seat 2: yohithegreat (button) (small blind) folded on the River


PokerStars Hand #146011555285:  Hold'em Limit ($3/$6 USD) - 2015/12/27 13:13:18 ET
Table 'Walpurga' 2-max Seat #1 is the button
Seat 1: BigYelloFish ($141.78 in chips)
Seat 2: yohithegreat ($177.64 in chips)
BigYelloFish: posts small blind $1
yohithegreat: posts big blind $3
*** HOLE CARDS ***
BigYelloFish: raises $3 to $6
yohithegreat: raises $3 to $9
BigYelloFish: calls $3
*** FLOP *** [7c 8s 7s]
yohithegreat: bets $3
BigYelloFish: calls $3
*** TURN *** [7c 8s 7s] [3c]
yohithegreat: bets $6
BigYelloFish: raises $6 to $12
yohithegreat: calls $6
*** RIVER *** [7c 8s 7s 3c] [Qh]
yohithegreat: checks
BigYelloFish: bets $6
yohithegreat: calls $6
*** SHOW DOWN ***
BigYelloFish: shows [As 8h] (two pair, Eights and Sevens)
yohithegreat: mucks hand
BigYelloFish collected $59.50 from pot
*** SUMMARY ***
Total pot $60 | Rake $0.50
Board [7c 8s 7s 3c Qh]
Seat 1: BigYelloFish (button) (small blind) showed [As 8h] and won ($59.50) with two pair, Eights and Sevens
Seat 2: yohithegreat (big blind) mucked


PokerStars Hand #146011681512:  Hold'em Limit ($3/$6 USD) - 2015/12/27 13:15:14 ET
Table 'Walpurga' 2-max Seat #1 is the button
Seat 1: BigYelloFish ($132.92 in chips)
Seat 2: yohithegreat ($184.04 in chips)
BigYelloFish: posts small blind $1
yohithegreat: posts big blind $3
*** HOLE CARDS ***
BigYelloFish: calls $2
yohithegreat: checks
*** FLOP *** [3s Kd Ad]
yohithegreat: bets $3
BigYelloFish: raises $3 to $6
yohithegreat: folds
Uncalled bet ($3) returned to BigYelloFish
BigYelloFish collected $11.76 from pot
BigYelloFish: doesn't show hand
*** SUMMARY ***
Total pot $12 | Rake $0.24
Board [3s Kd Ad]
Seat 1: BigYelloFish (button) (small blind) collected ($11.76)
Seat 2: yohithegreat (big blind) folded on the Flop


PokerStars Hand #146011668798:  Hold'em Limit ($3/$6 USD) - 2015/12/27 13:15:02 ET
Table 'Walpurga' 2-max Seat #2 is the button
Seat 1: BigYelloFish ($135.92 in chips)
Seat 2: yohithegreat ($181.16 in chips)
yohithegreat: posts small blind $1
BigYelloFish: posts big blind $3
*** HOLE CARDS ***
yohithegreat: calls $2
BigYelloFish: checks
*** FLOP *** [2s 9s 5s]
BigYelloFish: checks
yohithegreat: bets $3
BigYelloFish: folds
Uncalled bet ($3) returned to yohithegreat
yohithegreat collected $5.88 from pot
*** SUMMARY ***
Total pot $6 | Rake $0.12
Board [2s 9s 5s]
Seat 1: BigYelloFish (big blind) folded on the Flop
Seat 2: yohithegreat (button) (small blind) collected ($5.88)


PokerStars Hand #146011651761:  Hold'em Limit ($3/$6 USD) - 2015/12/27 13:14:47 ET
Table 'Walpurga' 2-max Seat #1 is the button
Seat 1: BigYelloFish ($147.92 in chips)
Seat 2: yohithegreat ($169.64 in chips)
BigYelloFish: posts small blind $1
yohithegreat: posts big blind $3
*** HOLE CARDS ***
BigYelloFish: calls $2
yohithegreat: raises $3 to $6
BigYelloFish: calls $3
*** FLOP *** [4s 9c Js]
yohithegreat: checks
BigYelloFish: checks
*** TURN *** [4s 9c Js] [9d]
yohithegreat: bets $6
BigYelloFish: calls $6
*** RIVER *** [4s 9c Js 9d] [Jd]
yohithegreat: bets $6
BigYelloFish: folds
Uncalled bet ($6) returned to yohithegreat
yohithegreat collected $23.52 from pot
*** SUMMARY ***
Total pot $24 | Rake $0.48
Board [4s 9c Js 9d Jd]
Seat 1: BigYelloFish (button) (small blind) folded on the River
Seat 2: yohithegreat (big blind) collected ($23.52)


PokerStars Hand #146011646675:  Hold'em Limit ($3/$6 USD) - 2015/12/27 13:14:42 ET
Table 'Walpurga' 2-max Seat #2 is the button
Seat 1: BigYelloFish ($146.92 in chips)
Seat 2: yohithegreat ($170.64 in chips)
yohithegreat: posts small blind $1
BigYelloFish: posts big blind $3
*** HOLE CARDS ***
yohithegreat: folds
Uncalled bet ($2) returned to BigYelloFish
BigYelloFish collected $2 from pot
BigYelloFish: doesn't show hand
*** SUMMARY ***
Total pot $2 | Rake $0
Seat 1: BigYelloFish (big blind) collected ($2)
Seat 2: yohithegreat (button) (small blind) folded before Flop


PokerStars Hand #146011628778:  Hold'em Limit ($3/$6 USD) - 2015/12/27 13:14:25 ET
Table 'Walpurga' 2-max Seat #1 is the button
Seat 1: BigYelloFish ($164.92 in chips)
Seat 2: yohithegreat ($153.14 in chips)
BigYelloFish: posts small blind $1
yohithegreat: posts big blind $3
*** HOLE CARDS ***
BigYelloFish: raises $3 to $6
yohithegreat: raises $3 to $9
BigYelloFish: calls $3
*** FLOP *** [3h Th 9c]
yohithegreat: bets $3
BigYelloFish: calls $3
*** TURN *** [3h Th 9c] [3d]
yohithegreat: bets $6
BigYelloFish: calls $6
*** RIVER *** [3h Th 9c 3d] [2c]
yohithegreat: checks
BigYelloFish: checks
*** SHOW DOWN ***
yohithegreat: shows [4c Ah] (a pair of Threes)
BigYelloFish: mucks hand
yohithegreat collected $35.50 from pot
*** SUMMARY ***
Total pot $36 | Rake $0.50
Board [3h Th 9c 3d 2c]
Seat 1: BigYelloFish (button) (small blind) mucked
Seat 2: yohithegreat (big blind) showed [4c Ah] and won ($35.50) with a pair of Threes


PokerStars Hand #146011738865:  Hold'em Limit ($3/$6 USD) - 2015/12/27 13:16:12 ET
Table 'Walpurga' 2-max Seat #2 is the button
Seat 1: BigYelloFish ($147.18 in chips)
Seat 2: yohithegreat ($168.54 in chips)
yohithegreat: posts small blind $1
BigYelloFish: posts big blind $3
*** HOLE CARDS ***
yohithegreat: raises $3 to $6
BigYelloFish: calls $3
*** FLOP *** [7d Tc As]
BigYelloFish: checks
yohithegreat: bets $3
BigYelloFish: calls $3
*** TURN *** [7d Tc As] [Ks]
BigYelloFish: checks
yohithegreat: bets $6
BigYelloFish: calls $6
*** RIVER *** [7d Tc As Ks] [Ts]
BigYelloFish: checks
yohithegreat: bets $6
BigYelloFish: folds
Uncalled bet ($6) returned to yohithegreat
yohithegreat collected $29.50 from pot
*** SUMMARY ***
Total pot $30 | Rake $0.50
Board [7d Tc As Ks Ts]
Seat 1: BigYelloFish (big blind) folded on the River
Seat 2: yohithegreat (button) (small blind) collected ($29.50)


PokerStars Hand #146011717730:  Hold'em Limit ($3/$6 USD) - 2015/12/27 13:15:53 ET
Table 'Walpurga' 2-max Seat #1 is the button
Seat 1: BigYelloFish ($123.68 in chips)
Seat 2: yohithegreat ($192.54 in chips)
BigYelloFish: posts small blind $1
yohithegreat: posts big blind $3
*** HOLE CARDS ***
BigYelloFish: raises $3 to $6
yohithegreat: calls $3
*** FLOP *** [Ks 4c 8h]
yohithegreat: checks
BigYelloFish: bets $3
yohithegreat: raises $3 to $6
BigYelloFish: calls $3
*** TURN *** [Ks 4c 8h] [4s]
yohithegreat: bets $6
BigYelloFish: calls $6
*** RIVER *** [Ks 4c 8h 4s] [Ah]
yohithegreat: checks
BigYelloFish: bets $6
yohithegreat: calls $6
*** SHOW DOWN ***
BigYelloFish: shows [As 2c] (two pair, Aces and Fours)
yohithegreat: mucks hand
BigYelloFish collected $47.50 from pot
*** SUMMARY ***
Total pot $48 | Rake $0.50
Board [Ks 4c 8h 4s Ah]
Seat 1: BigYelloFish (button) (small blind) showed [As 2c] and won ($47.50) with two pair, Aces and Fours
Seat 2: yohithegreat (big blind) mucked


PokerStars Hand #146011694804:  Hold'em Limit ($3/$6 USD) - 2015/12/27 13:15:27 ET
Table 'Walpurga' 2-max Seat #2 is the button
Seat 1: BigYelloFish ($138.68 in chips)
Seat 2: yohithegreat ($178.04 in chips)
yohithegreat: posts small blind $1
BigYelloFish: posts big blind $3
*** HOLE CARDS ***
yohithegreat: calls $2
BigYelloFish: checks
*** FLOP *** [8h Qc 5h]
BigYelloFish: checks
yohithegreat: checks
*** TURN *** [8h Qc 5h] [Kd]
BigYelloFish: checks
yohithegreat: bets $6
BigYelloFish: calls $6
*** RIVER *** [8h Qc 5h Kd] [3s]
BigYelloFish: checks
yohithegreat: bets $6
BigYelloFish: calls $6
*** SHOW DOWN ***
yohithegreat: shows [Ks Tc] (a pair of Kings)
BigYelloFish: mucks hand
yohithegreat collected $29.50 from pot
*** SUMMARY ***
Total pot $30 | Rake $0.50
Board [8h Qc 5h Kd 3s]
Seat 1: BigYelloFish (big blind) mucked
Seat 2: yohithegreat (button) (small blind) showed [Ks Tc] and won ($29.50) with a pair of Kings


PokerStars Hand #146011806861:  Hold'em Limit ($3/$6 USD) - 2015/12/27 13:17:14 ET
Table 'Walpurga' 2-max Seat #1 is the button
Seat 1: BigYelloFish ($137.68 in chips)
Seat 2: yohithegreat ($176.56 in chips)
BigYelloFish: posts small blind $1
yohithegreat: posts big blind $3
*** HOLE CARDS ***
BigYelloFish: raises $3 to $6
yohithegreat: raises $3 to $9
BigYelloFish: calls $3
*** FLOP *** [7d Ah Js]
yohithegreat: checks
BigYelloFish: bets $3
yohithegreat: raises $3 to $6
BigYelloFish: calls $3
*** TURN *** [7d Ah Js] [3c]
yohithegreat: checks
BigYelloFish: bets $6
yohithegreat: calls $6
*** RIVER *** [7d Ah Js 3c] [Td]
yohithegreat: checks
BigYelloFish: bets $6
yohithegreat: raises $6 to $12
BigYelloFish: calls $6
*** SHOW DOWN ***
yohithegreat: shows [Qh Kc] (a straight, Ten to Ace)
BigYelloFish: mucks hand
yohithegreat collected $65.50 from pot
*** SUMMARY ***
Total pot $66 | Rake $0.50
Board [7d Ah Js 3c Td]
Seat 1: BigYelloFish (button) (small blind) mucked
Seat 2: yohithegreat (big blind) showed [Qh Kc] and won ($65.50) with a straight, Ten to Ace


PokerStars Hand #146011757411:  Hold'em Limit ($3/$6 USD) - 2015/12/27 13:16:29 ET
Table 'Walpurga' 2-max Seat #1 is the button
Seat 1: BigYelloFish ($132.18 in chips)
Seat 2: yohithegreat ($183.04 in chips)
BigYelloFish: posts small blind $1
yohithegreat: posts big blind $3
*** HOLE CARDS ***
BigYelloFish: raises $3 to $6
yohithegreat: raises $3 to $9
BigYelloFish: calls $3
*** FLOP *** [Ah Tc 9c]
yohithegreat: bets $3
BigYelloFish: calls $3
*** TURN *** [Ah Tc 9c] [5d]
yohithegreat: bets $6
BigYelloFish: calls $6
*** RIVER *** [Ah Tc 9c 5d] [8s]
yohithegreat: checks
BigYelloFish: bets $6
yohithegreat: folds
Uncalled bet ($6) returned to BigYelloFish
BigYelloFish collected $35.50 from pot
BigYelloFish: doesn't show hand
*** SUMMARY ***
Total pot $36 | Rake $0.50
Board [Ah Tc 9c 5d 8s]
Seat 1: BigYelloFish (button) (small blind) collected ($35.50)
Seat 2: yohithegreat (big blind) folded on the River


PokerStars Hand #146011781457:  Hold'em Limit ($3/$6 USD) - 2015/12/27 13:16:51 ET
Table 'Walpurga' 2-max Seat #2 is the button
Seat 1: BigYelloFish ($149.68 in chips)
Seat 2: yohithegreat ($165.04 in chips)
yohithegreat: posts small blind $1
BigYelloFish: posts big blind $3
*** HOLE CARDS ***
yohithegreat: calls $2
BigYelloFish: raises $3 to $6
yohithegreat: calls $3
*** FLOP *** [8h Qc 4d]
BigYelloFish: bets $3
yohithegreat: raises $3 to $6
BigYelloFish: calls $3
*** TURN *** [8h Qc 4d] [Jc]
BigYelloFish: checks
yohithegreat: checks
*** RIVER *** [8h Qc 4d Jc] [9d]
BigYelloFish: checks
yohithegreat: checks
*** SHOW DOWN ***
BigYelloFish: shows [Ah 7h] (high card Ace)
yohithegreat: shows [4s 3c] (a pair of Fours)
yohithegreat collected $23.52 from pot
*** SUMMARY ***
Total pot $24 | Rake $0.48
Board [8h Qc 4d Jc 9d]
Seat 1: BigYelloFish (big blind) showed [Ah 7h] and lost with high card Ace
Seat 2: yohithegreat (button) (small blind) showed [4s 3c] and won ($23.52) with a pair of Fours


PokerStars Hand #146011843048:  Hold'em Limit ($3/$6 USD) - 2015/12/27 13:17:46 ET
Table 'Walpurga' 2-max Seat #1 is the button
Seat 1: BigYelloFish ($101.68 in chips)
Seat 2: yohithegreat ($211.94 in chips)
BigYelloFish: posts small blind $1
yohithegreat: posts big blind $3
*** HOLE CARDS ***
BigYelloFish: raises $3 to $6
yohithegreat: raises $3 to $9
BigYelloFish: calls $3
*** FLOP *** [Kd Qd 9c]
yohithegreat: checks
BigYelloFish: checks
*** TURN *** [Kd Qd 9c] [5c]
yohithegreat: bets $6
BigYelloFish: folds
Uncalled bet ($6) returned to yohithegreat
yohithegreat collected $17.64 from pot
*** SUMMARY ***
Total pot $18 | Rake $0.36
Board [Kd Qd 9c 5c]
Seat 1: BigYelloFish (button) (small blind) folded on the Turn
Seat 2: yohithegreat (big blind) collected ($17.64)


PokerStars Hand #146011855227:  Hold'em Limit ($3/$6 USD) - 2015/12/27 13:17:57 ET
Table 'Walpurga' 2-max Seat #2 is the button
Seat 1: BigYelloFish ($92.68 in chips)
Seat 2: yohithegreat ($220.58 in chips)
yohithegreat: posts small blind $1
BigYelloFish: posts big blind $3
*** HOLE CARDS ***
yohithegreat: raises $3 to $6
BigYelloFish: calls $3
*** FLOP *** [2d 8c As]
BigYelloFish: checks
yohithegreat: checks
*** TURN *** [2d 8c As] [Jh]
BigYelloFish: checks
yohithegreat: bets $6
BigYelloFish: folds
Uncalled bet ($6) returned to yohithegreat
yohithegreat collected $11.76 from pot
*** SUMMARY ***
Total pot $12 | Rake $0.24
Board [2d 8c As Jh]
Seat 1: BigYelloFish (big blind) folded on the Turn
Seat 2: yohithegreat (button) (small blind) collected ($11.76)


PokerStars Hand #146011866747:  Hold'em Limit ($3/$6 USD) - 2015/12/27 13:18:07 ET
Table 'Walpurga' 2-max Seat #1 is the button
Seat 1: BigYelloFish ($86.68 in chips)
Seat 2: yohithegreat ($226.34 in chips)
BigYelloFish: posts small blind $1
yohithegreat: posts big blind $3
*** HOLE CARDS ***
BigYelloFish: raises $3 to $6
yohithegreat: calls $3
*** FLOP *** [Ad 4d Kd]
yohithegreat: checks
BigYelloFish: bets $3
yohithegreat: folds
Uncalled bet ($3) returned to BigYelloFish
BigYelloFish collected $11.76 from pot
BigYelloFish: doesn't show hand
*** SUMMARY ***
Total pot $12 | Rake $0.24
Board [Ad 4d Kd]
Seat 1: BigYelloFish (button) (small blind) collected ($11.76)
Seat 2: yohithegreat (big blind) folded on the Flop


PokerStars Hand #146011876261:  Hold'em Limit ($3/$6 USD) - 2015/12/27 13:18:16 ET
Table 'Walpurga' 2-max Seat #2 is the button
Seat 1: BigYelloFish ($92.44 in chips)
Seat 2: yohithegreat ($220.34 in chips)
yohithegreat: posts small blind $1
BigYelloFish: posts big blind $3
*** HOLE CARDS ***
yohithegreat: calls $2
BigYelloFish: raises $3 to $6
yohithegreat: calls $3
*** FLOP *** [Jc 6h 2s]
BigYelloFish: bets $3
yohithegreat: calls $3
*** TURN *** [Jc 6h 2s] [Ac]
BigYelloFish: bets $6
yohithegreat: calls $6
*** RIVER *** [Jc 6h 2s Ac] [8c]
BigYelloFish: bets $6
yohithegreat: calls $6
*** SHOW DOWN ***
BigYelloFish: shows [4c 5c] (a flush, Ace high)
yohithegreat: mucks hand
BigYelloFish collected $41.50 from pot
*** SUMMARY ***
Total pot $42 | Rake $0.50
Board [Jc 6h 2s Ac 8c]
Seat 1: BigYelloFish (big blind) showed [4c 5c] and won ($41.50) with a flush, Ace high
Seat 2: yohithegreat (button) (small blind) mucked


PokerStars Hand #146011830245:  Hold'em Limit ($3/$6 USD) - 2015/12/27 13:17:34 ET
Table 'Walpurga' 2-max Seat #2 is the button
Seat 1: BigYelloFish ($104.68 in chips)
Seat 2: yohithegreat ($209.06 in chips)
yohithegreat: posts small blind $1
BigYelloFish: posts big blind $3
*** HOLE CARDS ***
yohithegreat: calls $2
BigYelloFish: checks
*** FLOP *** [Qd Tc Ah]
BigYelloFish: checks
yohithegreat: bets $3
BigYelloFish: folds
Uncalled bet ($3) returned to yohithegreat
yohithegreat collected $5.88 from pot
*** SUMMARY ***
Total pot $6 | Rake $0.12
Board [Qd Tc Ah]
Seat 1: BigYelloFish (big blind) folded on the Flop
Seat 2: yohithegreat (button) (small blind) collected ($5.88)


PokerStars Hand #146011914741:  Hold'em Limit ($3/$6 USD) - 2015/12/27 13:18:50 ET
Table 'Walpurga' 2-max Seat #2 is the button
Seat 1: BigYelloFish ($133.44 in chips)
Seat 2: yohithegreat ($178.34 in chips)
yohithegreat: posts small blind $1
BigYelloFish: posts big blind $3
*** HOLE CARDS ***
yohithegreat: raises $3 to $6
BigYelloFish: calls $3
*** FLOP *** [Qs 9h Tc]
BigYelloFish: checks
yohithegreat: bets $3
BigYelloFish: folds
Uncalled bet ($3) returned to yohithegreat
yohithegreat collected $11.76 from pot
*** SUMMARY ***
Total pot $12 | Rake $0.24
Board [Qs 9h Tc]
Seat 1: BigYelloFish (big blind) folded on the Flop
Seat 2: yohithegreat (button) (small blind) collected ($11.76)


PokerStars Hand #146011924962:  Hold'em Limit ($3/$6 USD) - 2015/12/27 13:18:59 ET
Table 'Walpurga' 2-max Seat #1 is the button
Seat 1: BigYelloFish ($127.44 in chips)
Seat 2: yohithegreat ($184.10 in chips)
BigYelloFish: posts small blind $1
yohithegreat: posts big blind $3
*** HOLE CARDS ***
BigYelloFish: raises $3 to $6
yohithegreat: raises $3 to $9
BigYelloFish: calls $3
*** FLOP *** [6c 2c Jd]
yohithegreat: bets $3
BigYelloFish: calls $3
*** TURN *** [6c 2c Jd] [As]
yohithegreat: bets $6
BigYelloFish: calls $6
*** RIVER *** [6c 2c Jd As] [8h]
yohithegreat: checks
BigYelloFish: checks
*** SHOW DOWN ***
yohithegreat: shows [9d 2s] (a pair of Deuces)
BigYelloFish: mucks hand
yohithegreat collected $35.50 from pot
*** SUMMARY ***
Total pot $36 | Rake $0.50
Board [6c 2c Jd As 8h]
Seat 1: BigYelloFish (button) (small blind) mucked
Seat 2: yohithegreat (big blind) showed [9d 2s] and won ($35.50) with a pair of Deuces


PokerStars Hand #146011941950:  Hold'em Limit ($3/$6 USD) - 2015/12/27 13:19:15 ET
Table 'Walpurga' 2-max Seat #2 is the button
Seat 1: BigYelloFish ($109.44 in chips)
Seat 2: yohithegreat ($201.60 in chips)
yohithegreat: posts small blind $1
BigYelloFish: posts big blind $3
*** HOLE CARDS ***
yohithegreat: calls $2
BigYelloFish: checks
*** FLOP *** [3d 7d Th]
BigYelloFish: checks
yohithegreat: bets $3
BigYelloFish: calls $3
*** TURN *** [3d 7d Th] [Kd]
BigYelloFish: checks
yohithegreat: checks
*** RIVER *** [3d 7d Th Kd] [7h]
BigYelloFish: checks
yohithegreat: checks
*** SHOW DOWN ***
BigYelloFish: shows [3h Jc] (two pair, Sevens and Threes)
yohithegreat: mucks hand
BigYelloFish collected $11.76 from pot
*** SUMMARY ***
Total pot $12 | Rake $0.24
Board [3d 7d Th Kd 7h]
Seat 1: BigYelloFish (big blind) showed [3h Jc] and won ($11.76) with two pair, Sevens and Threes
Seat 2: yohithegreat (button) (small blind) mucked


PokerStars Hand #146011894335:  Hold'em Limit ($3/$6 USD) - 2015/12/27 13:18:32 ET
Table 'Walpurga' 2-max Seat #1 is the button
Seat 1: BigYelloFish ($112.94 in chips)
Seat 2: yohithegreat ($199.34 in chips)
BigYelloFish: posts small blind $1
yohithegreat: posts big blind $3
*** HOLE CARDS ***
BigYelloFish: calls $2
yohithegreat: raises $3 to $6
BigYelloFish: calls $3
*** FLOP *** [4c 8h 3s]
yohithegreat: bets $3
BigYelloFish: calls $3
*** TURN *** [4c 8h 3s] [5h]
yohithegreat: checks
BigYelloFish: bets $6
yohithegreat: calls $6
*** RIVER *** [4c 8h 3s 5h] [8s]
yohithegreat: checks
BigYelloFish: bets $6
yohithegreat: calls $6
*** SHOW DOWN ***
BigYelloFish: shows [5d Js] (two pair, Eights and Fives)
yohithegreat: mucks hand
BigYelloFish collected $41.50 from pot
*** SUMMARY ***
Total pot $42 | Rake $0.50
Board [4c 8h 3s 5h 8s]
Seat 1: BigYelloFish (button) (small blind) showed [5d Js] and won ($41.50) with two pair, Eights and Fives
Seat 2: yohithegreat (big blind) mucked


PokerStars Hand #146011994078:  Hold'em Limit ($3/$6 USD) - 2015/12/27 13:20:02 ET
Table 'Walpurga' 2-max Seat #1 is the button
Seat 1: BigYelloFish ($162.22 in chips)
Seat 2: yohithegreat ($147.60 in chips)
BigYelloFish: posts small blind $1
yohithegreat: posts big blind $3
*** HOLE CARDS ***
BigYelloFish: folds
Uncalled bet ($2) returned to yohithegreat
yohithegreat collected $2 from pot
*** SUMMARY ***
Total pot $2 | Rake $0
Seat 1: BigYelloFish (button) (small blind) folded before Flop
Seat 2: yohithegreat (big blind) collected ($2)


PokerStars Hand #146011978114:  Hold'em Limit ($3/$6 USD) - 2015/12/27 13:19:47 ET
Table 'Walpurga' 2-max Seat #2 is the button
Seat 1: BigYelloFish ($150.70 in chips)
Seat 2: yohithegreat ($159.60 in chips)
yohithegreat: posts small blind $1
BigYelloFish: posts big blind $3
*** HOLE CARDS ***
yohithegreat: raises $3 to $6
BigYelloFish: raises $3 to $9
yohithegreat: calls $3
*** FLOP *** [3d Ks Jd]
BigYelloFish: bets $3
yohithegreat: calls $3
*** TURN *** [3d Ks Jd] [8s]
BigYelloFish: checks
yohithegreat: checks
*** RIVER *** [3d Ks Jd 8s] [2h]
BigYelloFish: bets $6
yohithegreat: folds
Uncalled bet ($6) returned to BigYelloFish
BigYelloFish collected $23.52 from pot
BigYelloFish: doesn't show hand
*** SUMMARY ***
Total pot $24 | Rake $0.48
Board [3d Ks Jd 8s 2h]
Seat 1: BigYelloFish (big blind) collected ($23.52)
Seat 2: yohithegreat (button) (small blind) folded on the River


PokerStars Hand #146012000014:  Hold'em Limit ($3/$6 USD) - 2015/12/27 13:20:07 ET
Table 'Walpurga' 2-max Seat #2 is the button
Seat 1: BigYelloFish ($161.22 in chips)
Seat 2: yohithegreat ($148.60 in chips)
yohithegreat: posts small blind $1
BigYelloFish: posts big blind $3
*** HOLE CARDS ***
yohithegreat: calls $2
BigYelloFish: raises $3 to $6
yohithegreat: calls $3
*** FLOP *** [6c As 7d]
BigYelloFish: bets $3
yohithegreat: calls $3
*** TURN *** [6c As 7d] [6s]
BigYelloFish: bets $6
yohithegreat: raises $6 to $12
BigYelloFish: calls $6
*** RIVER *** [6c As 7d 6s] [9d]
BigYelloFish: checks
yohithegreat: checks
*** SHOW DOWN ***
BigYelloFish: shows [2d Ad] (two pair, Aces and Sixes)
yohithegreat: mucks hand
BigYelloFish collected $41.50 from pot
*** SUMMARY ***
Total pot $42 | Rake $0.50
Board [6c As 7d 6s 9d]
Seat 1: BigYelloFish (big blind) showed [2d Ad] and won ($41.50) with two pair, Aces and Sixes
Seat 2: yohithegreat (button) (small blind) mucked


PokerStars Hand #146011957514:  Hold'em Limit ($3/$6 USD) - 2015/12/27 13:19:29 ET
Table 'Walpurga' 2-max Seat #1 is the button
Seat 1: BigYelloFish ($115.20 in chips)
Seat 2: yohithegreat ($195.60 in chips)
BigYelloFish: posts small blind $1
yohithegreat: posts big blind $3
*** HOLE CARDS ***
BigYelloFish: raises $3 to $6
yohithegreat: raises $3 to $9
BigYelloFish: calls $3
*** FLOP *** [7s 8d 6c]
yohithegreat: bets $3
BigYelloFish: calls $3
*** TURN *** [7s 8d 6c] [As]
yohithegreat: bets $6
BigYelloFish: raises $6 to $12
yohithegreat: calls $6
*** RIVER *** [7s 8d 6c As] [4s]
yohithegreat: bets $6
BigYelloFish: raises $6 to $12
yohithegreat: calls $6
*** SHOW DOWN ***
BigYelloFish: shows [Tc 9d] (a straight, Six to Ten)
yohithegreat: mucks hand
BigYelloFish collected $71.50 from pot
*** SUMMARY ***
Total pot $72 | Rake $0.50
Board [7s 8d 6c As 4s]
Seat 1: BigYelloFish (button) (small blind) showed [Tc 9d] and won ($71.50) with a straight, Six to Ten
Seat 2: yohithegreat (big blind) mucked


PokerStars Hand #146012036563:  Hold'em Limit ($3/$6 USD) - 2015/12/27 13:20:40 ET
Table 'Walpurga' 2-max Seat #2 is the button
Seat 1: BigYelloFish ($184.60 in chips)
Seat 2: yohithegreat ($124.60 in chips)
yohithegreat: posts small blind $1
BigYelloFish: posts big blind $3
*** HOLE CARDS ***
yohithegreat: calls $2
BigYelloFish: checks
*** FLOP *** [5c 6c As]
BigYelloFish: checks
yohithegreat: bets $3
BigYelloFish: calls $3
*** TURN *** [5c 6c As] [2d]
BigYelloFish: checks
yohithegreat: checks
*** RIVER *** [5c 6c As 2d] [Jh]
BigYelloFish: checks
yohithegreat: bets $6
BigYelloFish: folds
Uncalled bet ($6) returned to yohithegreat
yohithegreat collected $11.76 from pot
*** SUMMARY ***
Total pot $12 | Rake $0.24
Board [5c 6c As 2d Jh]
Seat 1: BigYelloFish (big blind) folded on the River
Seat 2: yohithegreat (button) (small blind) collected ($11.76)


PokerStars Hand #146012051160:  Hold'em Limit ($3/$6 USD) - 2015/12/27 13:20:54 ET
Table 'Walpurga' 2-max Seat #1 is the button
Seat 1: BigYelloFish ($178.60 in chips)
Seat 2: yohithegreat ($130.36 in chips)
BigYelloFish: posts small blind $1
yohithegreat: posts big blind $3
*** HOLE CARDS ***
BigYelloFish: raises $3 to $6
yohithegreat: calls $3
*** FLOP *** [8d 4d Jd]
yohithegreat: bets $3
BigYelloFish: calls $3
*** TURN *** [8d 4d Jd] [9d]
yohithegreat: checks
BigYelloFish: checks
*** RIVER *** [8d 4d Jd 9d] [Ac]
yohithegreat: checks
BigYelloFish: bets $6
yohithegreat: folds
Uncalled bet ($6) returned to BigYelloFish
BigYelloFish collected $17.64 from pot
BigYelloFish: doesn't show hand
*** SUMMARY ***
Total pot $18 | Rake $0.36
Board [8d 4d Jd 9d Ac]
Seat 1: BigYelloFish (button) (small blind) collected ($17.64)
Seat 2: yohithegreat (big blind) folded on the River


PokerStars Hand #146012072333:  Hold'em Limit ($3/$6 USD) - 2015/12/27 13:21:13 ET
Table 'Walpurga' 2-max Seat #2 is the button
Seat 1: BigYelloFish ($187.24 in chips)
Seat 2: yohithegreat ($121.36 in chips)
yohithegreat: posts small blind $1
BigYelloFish: posts big blind $3
*** HOLE CARDS ***
yohithegreat: raises $3 to $6
BigYelloFish: calls $3
*** FLOP *** [4s 2c 3s]
BigYelloFish: checks
yohithegreat: checks
*** TURN *** [4s 2c 3s] [Kd]
BigYelloFish: checks
yohithegreat: checks
*** RIVER *** [4s 2c 3s Kd] [7s]
BigYelloFish: checks
yohithegreat: checks
*** SHOW DOWN ***
BigYelloFish: shows [7d 9s] (a pair of Sevens)
yohithegreat: mucks hand
BigYelloFish collected $11.76 from pot
*** SUMMARY ***
Total pot $12 | Rake $0.24
Board [4s 2c 3s Kd 7s]
Seat 1: BigYelloFish (big blind) showed [7d 9s] and won ($11.76) with a pair of Sevens
Seat 2: yohithegreat (button) (small blind) mucked


PokerStars Hand #146012019669:  Hold'em Limit ($3/$6 USD) - 2015/12/27 13:20:25 ET
Table 'Walpurga' 2-max Seat #1 is the button
Seat 1: BigYelloFish ($181.72 in chips)
Seat 2: yohithegreat ($127.60 in chips)
BigYelloFish: posts small blind $1
yohithegreat: posts big blind $3
*** HOLE CARDS ***
BigYelloFish: calls $2
yohithegreat: checks
*** FLOP *** [Kc 4h Jd]
yohithegreat: checks
BigYelloFish: checks
*** TURN *** [Kc 4h Jd] [8s]
yohithegreat: checks
BigYelloFish: checks
*** RIVER *** [Kc 4h Jd 8s] [8c]
yohithegreat: checks
BigYelloFish: bets $6
yohithegreat: folds
Uncalled bet ($6) returned to BigYelloFish
BigYelloFish collected $5.88 from pot
BigYelloFish: doesn't show hand
*** SUMMARY ***
Total pot $6 | Rake $0.12
Board [Kc 4h Jd 8s 8c]
Seat 1: BigYelloFish (button) (small blind) collected ($5.88)
Seat 2: yohithegreat (big blind) folded on the River


PokerStars Hand #146012106882:  Hold'em Limit ($3/$6 USD) - 2015/12/27 13:21:44 ET
Table 'Walpurga' 2-max Seat #2 is the button
Seat 1: BigYelloFish ($204.52 in chips)
Seat 2: yohithegreat ($103.36 in chips)
yohithegreat: posts small blind $1
BigYelloFish: posts big blind $3
*** HOLE CARDS ***
yohithegreat: raises $3 to $6
BigYelloFish: calls $3
*** FLOP *** [6h 2h 5c]
BigYelloFish: checks
yohithegreat: bets $3
BigYelloFish: raises $3 to $6
yohithegreat: calls $3
*** TURN *** [6h 2h 5c] [Kd]
BigYelloFish: bets $6
yohithegreat: calls $6
*** RIVER *** [6h 2h 5c Kd] [7c]
BigYelloFish: bets $6
yohithegreat: calls $6
*** SHOW DOWN ***
BigYelloFish: shows [4d 3d] (a straight, Three to Seven)
yohithegreat: mucks hand
BigYelloFish collected $47.50 from pot
*** SUMMARY ***
Total pot $48 | Rake $0.50
Board [6h 2h 5c Kd 7c]
Seat 1: BigYelloFish (big blind) showed [4d 3d] and won ($47.50) with a straight, Three to Seven
Seat 2: yohithegreat (button) (small blind) mucked


PokerStars Hand #146012131481:  Hold'em Limit ($3/$6 USD) - 2015/12/27 13:22:06 ET
Table 'Walpurga' 2-max Seat #1 is the button
Seat 1: BigYelloFish ($228.02 in chips)
Seat 2: yohithegreat ($79.36 in chips)
BigYelloFish: posts small blind $1
yohithegreat: posts big blind $3
*** HOLE CARDS ***
BigYelloFish: calls $2
yohithegreat: checks
*** FLOP *** [Js 5h Ah]
yohithegreat: bets $3
BigYelloFish: folds
Uncalled bet ($3) returned to yohithegreat
yohithegreat collected $5.88 from pot
*** SUMMARY ***
Total pot $6 | Rake $0.12
Board [Js 5h Ah]
Seat 1: BigYelloFish (button) (small blind) folded on the Flop
Seat 2: yohithegreat (big blind) collected ($5.88)


PokerStars Hand #146012088826:  Hold'em Limit ($3/$6 USD) - 2015/12/27 13:21:27 ET
Table 'Walpurga' 2-max Seat #1 is the button
Seat 1: BigYelloFish ($193 in chips)
Seat 2: yohithegreat ($115.36 in chips)
BigYelloFish: posts small blind $1
yohithegreat: posts big blind $3
*** HOLE CARDS ***
BigYelloFish: calls $2
yohithegreat: checks
*** FLOP *** [8s Ac 7d]
yohithegreat: bets $3
BigYelloFish: calls $3
*** TURN *** [8s Ac 7d] [2d]
yohithegreat: checks
BigYelloFish: bets $6
yohithegreat: calls $6
*** RIVER *** [8s Ac 7d 2d] [3h]
yohithegreat: checks
BigYelloFish: checks
*** SHOW DOWN ***
yohithegreat: shows [9c Td] (high card Ace)
BigYelloFish: shows [7h 4d] (a pair of Sevens)
BigYelloFish collected $23.52 from pot
*** SUMMARY ***
Total pot $24 | Rake $0.48
Board [8s Ac 7d 2d 3h]
Seat 1: BigYelloFish (button) (small blind) showed [7h 4d] and won ($23.52) with a pair of Sevens
Seat 2: yohithegreat (big blind) showed [9c Td] and lost with high card Ace


PokerStars Hand #146012164777:  Hold'em Limit ($3/$6 USD) - 2015/12/27 13:22:36 ET
Table 'Walpurga' 2-max Seat #2 is the button
Seat 1: BigYelloFish ($225.02 in chips)
Seat 2: yohithegreat ($82.24 in chips)
yohithegreat: posts small blind $1
BigYelloFish: posts big blind $3
*** HOLE CARDS ***
yohithegreat: calls $2
BigYelloFish: checks
*** FLOP *** [9h Th 5d]
BigYelloFish: checks
yohithegreat: checks
*** TURN *** [9h Th 5d] [Jh]
BigYelloFish: checks
yohithegreat: checks
*** RIVER *** [9h Th 5d Jh] [2s]
BigYelloFish: checks
yohithegreat: checks
*** SHOW DOWN ***
BigYelloFish: shows [9c 4s] (a pair of Nines)
yohithegreat: mucks hand
BigYelloFish collected $5.88 from pot
*** SUMMARY ***
Total pot $6 | Rake $0.12
Board [9h Th 5d Jh 2s]
Seat 1: BigYelloFish (big blind) showed [9c 4s] and won ($5.88) with a pair of Nines
Seat 2: yohithegreat (button) (small blind) mucked


PokerStars Hand #146012191762:  Hold'em Limit ($3/$6 USD) - 2015/12/27 13:23:01 ET
Table 'Walpurga' 2-max Seat #1 is the button
Seat 1: BigYelloFish ($227.90 in chips)
Seat 2: yohithegreat ($79.24 in chips)
BigYelloFish: posts small blind $1
yohithegreat: posts big blind $3
*** HOLE CARDS ***
BigYelloFish: calls $2
yohithegreat: checks
*** FLOP *** [8c 9s 6d]
yohithegreat: checks
BigYelloFish: bets $3
yohithegreat: folds
Uncalled bet ($3) returned to BigYelloFish
BigYelloFish collected $5.88 from pot
BigYelloFish: doesn't show hand
*** SUMMARY ***
Total pot $6 | Rake $0.12
Board [8c 9s 6d]
Seat 1: BigYelloFish (button) (small blind) collected ($5.88)
Seat 2: yohithegreat (big blind) folded on the Flop


PokerStars Hand #146012206863:  Hold'em Limit ($3/$6 USD) - 2015/12/27 13:23:15 ET
Table 'Walpurga' 2-max Seat #2 is the button
Seat 1: BigYelloFish ($230.78 in chips)
Seat 2: yohithegreat ($76.24 in chips)
yohithegreat: posts small blind $1
BigYelloFish: posts big blind $3
*** HOLE CARDS ***
yohithegreat: raises $3 to $6
BigYelloFish: calls $3
*** FLOP *** [7c 3s 5h]
BigYelloFish: checks
yohithegreat: checks
*** TURN *** [7c 3s 5h] [Qh]
BigYelloFish: bets $6
yohithegreat: raises $6 to $12
BigYelloFish: calls $6
*** RIVER *** [7c 3s 5h Qh] [5s]
BigYelloFish: checks
yohithegreat: bets $6
BigYelloFish: calls $6
*** SHOW DOWN ***
yohithegreat: shows [Qc 8c] (two pair, Queens and Fives)
BigYelloFish: mucks hand
yohithegreat collected $47.50 from pot
*** SUMMARY ***
Total pot $48 | Rake $0.50
Board [7c 3s 5h Qh 5s]
Seat 1: BigYelloFish (big blind) mucked
Seat 2: yohithegreat (button) (small blind) showed [Qc 8c] and won ($47.50) with two pair, Queens and Fives


PokerStars Hand #146012234675:  Hold'em Limit ($3/$6 USD) - 2015/12/27 13:23:40 ET
Table 'Walpurga' 2-max Seat #1 is the button
Seat 1: BigYelloFish ($206.78 in chips)
Seat 2: yohithegreat ($99.74 in chips)
BigYelloFish: posts small blind $1
yohithegreat: posts big blind $3
*** HOLE CARDS ***
BigYelloFish: raises $3 to $6
yohithegreat: calls $3
*** FLOP *** [6s Td Jh]
yohithegreat: bets $3
BigYelloFish: calls $3
*** TURN *** [6s Td Jh] [5d]
yohithegreat: bets $6
BigYelloFish: calls $6
*** RIVER *** [6s Td Jh 5d] [3d]
yohithegreat: checks
BigYelloFish: bets $6
yohithegreat: calls $6
*** SHOW DOWN ***
BigYelloFish: shows [8c Ts] (a pair of Tens)
yohithegreat: mucks hand
BigYelloFish collected $41.50 from pot
*** SUMMARY ***
Total pot $42 | Rake $0.50
Board [6s Td Jh 5d 3d]
Seat 1: BigYelloFish (button) (small blind) showed [8c Ts] and won ($41.50) with a pair of Tens
Seat 2: yohithegreat (big blind) mucked


PokerStars Hand #146012254892:  Hold'em Limit ($3/$6 USD) - 2015/12/27 13:23:59 ET
Table 'Walpurga' 2-max Seat #2 is the button
Seat 1: BigYelloFish ($227.28 in chips)
Seat 2: yohithegreat ($78.74 in chips)
yohithegreat: posts small blind $1
BigYelloFish: posts big blind $3
*** HOLE CARDS ***
yohithegreat: raises $3 to $6
BigYelloFish: calls $3
*** FLOP *** [5s Kc 8s]
BigYelloFish: checks
yohithegreat: checks
*** TURN *** [5s Kc 8s] [3c]
BigYelloFish: checks
yohithegreat: bets $6
BigYelloFish: folds
Uncalled bet ($6) returned to yohithegreat
yohithegreat collected $11.76 from pot
*** SUMMARY ***
Total pot $12 | Rake $0.24
Board [5s Kc 8s 3c]
Seat 1: BigYelloFish (big blind) folded on the Turn
Seat 2: yohithegreat (button) (small blind) collected ($11.76)


PokerStars Hand #146012266005:  Hold'em Limit ($3/$6 USD) - 2015/12/27 13:24:09 ET
Table 'Walpurga' 2-max Seat #1 is the button
Seat 1: BigYelloFish ($221.28 in chips)
Seat 2: yohithegreat ($84.50 in chips)
BigYelloFish: posts small blind $1
yohithegreat: posts big blind $3
*** HOLE CARDS ***
BigYelloFish: calls $2
yohithegreat: checks
*** FLOP *** [Js Ah Ad]
yohithegreat: bets $3
BigYelloFish: calls $3
*** TURN *** [Js Ah Ad] [3s]
yohithegreat: checks
BigYelloFish: checks
*** RIVER *** [Js Ah Ad 3s] [4d]
yohithegreat: checks
BigYelloFish: checks
*** SHOW DOWN ***
yohithegreat: shows [2c Td] (a pair of Aces)
BigYelloFish: shows [Kc 6h] (a pair of Aces - King kicker)
BigYelloFish collected $11.76 from pot
*** SUMMARY ***
Total pot $12 | Rake $0.24
Board [Js Ah Ad 3s 4d]
Seat 1: BigYelloFish (button) (small blind) showed [Kc 6h] and won ($11.76) with a pair of Aces
Seat 2: yohithegreat (big blind) showed [2c Td] and lost with a pair of Aces


PokerStars Hand #146012307622:  Hold'em Limit ($3/$6 USD) - 2015/12/27 13:24:46 ET
Table 'Walpurga' 2-max Seat #1 is the button
Seat 1: BigYelloFish ($247.54 in chips)
Seat 2: yohithegreat ($57.50 in chips)
BigYelloFish: posts small blind $1
yohithegreat: posts big blind $3
*** HOLE CARDS ***
BigYelloFish: folds
Uncalled bet ($2) returned to yohithegreat
yohithegreat collected $2 from pot
*** SUMMARY ***
Total pot $2 | Rake $0
Seat 1: BigYelloFish (button) (small blind) folded before Flop
Seat 2: yohithegreat (big blind) collected ($2)


PokerStars Hand #146012312724:  Hold'em Limit ($3/$6 USD) - 2015/12/27 13:24:51 ET
Table 'Walpurga' 2-max Seat #2 is the button
Seat 1: BigYelloFish ($246.54 in chips)
Seat 2: yohithegreat ($58.50 in chips)
yohithegreat: posts small blind $1
BigYelloFish: posts big blind $3
*** HOLE CARDS ***
yohithegreat: raises $3 to $6
BigYelloFish: calls $3
*** FLOP *** [Ts 6d Js]
BigYelloFish: checks
yohithegreat: bets $3
BigYelloFish: calls $3
*** TURN *** [Ts 6d Js] [4h]
BigYelloFish: checks
yohithegreat: bets $6
BigYelloFish: folds
Uncalled bet ($6) returned to yohithegreat
yohithegreat collected $17.64 from pot
*** SUMMARY ***
Total pot $18 | Rake $0.36
Board [Ts 6d Js 4h]
Seat 1: BigYelloFish (big blind) folded on the Turn
Seat 2: yohithegreat (button) (small blind) collected ($17.64)


PokerStars Hand #146012325697:  Hold'em Limit ($3/$6 USD) - 2015/12/27 13:25:03 ET
Table 'Walpurga' 2-max Seat #1 is the button
Seat 1: BigYelloFish ($237.54 in chips)
Seat 2: yohithegreat ($67.14 in chips)
BigYelloFish: posts small blind $1
yohithegreat: posts big blind $3
*** HOLE CARDS ***
BigYelloFish: calls $2
yohithegreat: checks
*** FLOP *** [Kh 9h 2h]
yohithegreat: bets $3
BigYelloFish: folds
Uncalled bet ($3) returned to yohithegreat
yohithegreat collected $5.88 from pot
*** SUMMARY ***
Total pot $6 | Rake $0.12
Board [Kh 9h 2h]
Seat 1: BigYelloFish (button) (small blind) folded on the Flop
Seat 2: yohithegreat (big blind) collected ($5.88)


PokerStars Hand #146012343043:  Hold'em Limit ($3/$6 USD) - 2015/12/27 13:25:19 ET
Table 'Walpurga' 2-max Seat #2 is the button
Seat 1: BigYelloFish ($234.54 in chips)
Seat 2: yohithegreat ($70.02 in chips)
yohithegreat: posts small blind $1
BigYelloFish: posts big blind $3
*** HOLE CARDS ***
yohithegreat: raises $3 to $6
BigYelloFish: calls $3
*** FLOP *** [Ac 6d 2s]
BigYelloFish: checks
yohithegreat: checks
*** TURN *** [Ac 6d 2s] [Kc]
BigYelloFish: checks
yohithegreat: bets $6
BigYelloFish: calls $6
*** RIVER *** [Ac 6d 2s Kc] [9d]
BigYelloFish: checks
yohithegreat: bets $6
BigYelloFish: calls $6
*** SHOW DOWN ***
yohithegreat: shows [9s Td] (a pair of Nines)
BigYelloFish: shows [Kh 8h] (a pair of Kings)
BigYelloFish collected $35.50 from pot
*** SUMMARY ***
Total pot $36 | Rake $0.50
Board [Ac 6d 2s Kc 9d]
Seat 1: BigYelloFish (big blind) showed [Kh 8h] and won ($35.50) with a pair of Kings
Seat 2: yohithegreat (button) (small blind) showed [9s Td] and lost with a pair of Nines


PokerStars Hand #146012288878:  Hold'em Limit ($3/$6 USD) - 2015/12/27 13:24:29 ET
Table 'Walpurga' 2-max Seat #2 is the button
Seat 1: BigYelloFish ($227.04 in chips)
Seat 2: yohithegreat ($78.50 in chips)
yohithegreat: posts small blind $1
BigYelloFish: posts big blind $3
*** HOLE CARDS ***
yohithegreat: raises $3 to $6
BigYelloFish: calls $3
*** FLOP *** [2c Kh Jc]
BigYelloFish: checks
yohithegreat: bets $3
BigYelloFish: calls $3
*** TURN *** [2c Kh Jc] [6c]
BigYelloFish: checks
yohithegreat: bets $6
BigYelloFish: raises $6 to $12
yohithegreat: calls $6
*** RIVER *** [2c Kh Jc 6c] [3h]
BigYelloFish: bets $6
yohithegreat: folds
Uncalled bet ($6) returned to BigYelloFish
BigYelloFish collected $41.50 from pot
BigYelloFish: doesn't show hand
*** SUMMARY ***
Total pot $42 | Rake $0.50
Board [2c Kh Jc 6c 3h]
Seat 1: BigYelloFish (big blind) collected ($41.50)
Seat 2: yohithegreat (button) (small blind) folded on the River


PokerStars Hand #146012372909:  Hold'em Limit ($3/$6 USD) - 2015/12/27 13:25:47 ET
Table 'Walpurga' 2-max Seat #2 is the button
Seat 1: BigYelloFish ($260.68 in chips)
Seat 2: yohithegreat ($43.02 in chips)
yohithegreat: posts small blind $1
BigYelloFish: posts big blind $3
*** HOLE CARDS ***
yohithegreat: raises $3 to $6
BigYelloFish: raises $3 to $9
yohithegreat: raises $3 to $12
Betting is capped
BigYelloFish: calls $3
*** FLOP *** [9s 8h 8c]
BigYelloFish: checks
yohithegreat: bets $3
BigYelloFish: calls $3
*** TURN *** [9s 8h 8c] [Jd]
BigYelloFish: checks
yohithegreat: bets $6
BigYelloFish: folds
Uncalled bet ($6) returned to yohithegreat
yohithegreat collected $29.50 from pot
*** SUMMARY ***
Total pot $30 | Rake $0.50
Board [9s 8h 8c Jd]
Seat 1: BigYelloFish (big blind) folded on the Turn
Seat 2: yohithegreat (button) (small blind) collected ($29.50)


PokerStars Hand #146012394138:  Hold'em Limit ($3/$6 USD) - 2015/12/27 13:26:06 ET
Table 'Walpurga' 2-max Seat #1 is the button
Seat 1: BigYelloFish ($245.68 in chips)
Seat 2: yohithegreat ($57.52 in chips)
BigYelloFish: posts small blind $1
yohithegreat: posts big blind $3
*** HOLE CARDS ***
BigYelloFish: raises $3 to $6
yohithegreat: calls $3
*** FLOP *** [6s 3c 7s]
yohithegreat: checks
BigYelloFish: bets $3
yohithegreat: raises $3 to $6
BigYelloFish: raises $3 to $9
yohithegreat: raises $3 to $12
Betting is capped
BigYelloFish: calls $3
*** TURN *** [6s 3c 7s] [5c]
yohithegreat: bets $6
BigYelloFish: calls $6
*** RIVER *** [6s 3c 7s 5c] [6d]
yohithegreat: bets $6
BigYelloFish: calls $6
*** SHOW DOWN ***
yohithegreat: shows [Ad 7h] (two pair, Sevens and Sixes)
BigYelloFish: mucks hand
yohithegreat collected $59.50 from pot
*** SUMMARY ***
Total pot $60 | Rake $0.50
Board [6s 3c 7s 5c 6d]
Seat 1: BigYelloFish (button) (small blind) mucked
Seat 2: yohithegreat (big blind) showed [Ad 7h] and won ($59.50) with two pair, Sevens and Sixes


PokerStars Hand #146012414451:  Hold'em Limit ($3/$6 USD) - 2015/12/27 13:26:25 ET
Table 'Walpurga' 2-max Seat #2 is the button
Seat 1: BigYelloFish ($215.68 in chips)
Seat 2: yohithegreat ($87.02 in chips)
yohithegreat: posts small blind $1
BigYelloFish: posts big blind $3
*** HOLE CARDS ***
yohithegreat: calls $2
BigYelloFish: checks
*** FLOP *** [3s Qh 3c]
BigYelloFish: checks
yohithegreat: bets $3
BigYelloFish: folds
Uncalled bet ($3) returned to yohithegreat
yohithegreat collected $5.88 from pot
*** SUMMARY ***
Total pot $6 | Rake $0.12
Board [3s Qh 3c]
Seat 1: BigYelloFish (big blind) folded on the Flop
Seat 2: yohithegreat (button) (small blind) collected ($5.88)


PokerStars Hand #146012357389:  Hold'em Limit ($3/$6 USD) - 2015/12/27 13:25:32 ET
Table 'Walpurga' 2-max Seat #1 is the button
Seat 1: BigYelloFish ($252.04 in chips)
Seat 2: yohithegreat ($52.02 in chips)
BigYelloFish: posts small blind $1
yohithegreat: posts big blind $3
*** HOLE CARDS ***
BigYelloFish: raises $3 to $6
yohithegreat: calls $3
*** FLOP *** [4h Ad 6h]
yohithegreat: bets $3
BigYelloFish: calls $3
*** TURN *** [4h Ad 6h] [4c]
yohithegreat: checks
BigYelloFish: checks
*** RIVER *** [4h Ad 6h 4c] [Th]
yohithegreat: checks
BigYelloFish: bets $6
yohithegreat: folds
Uncalled bet ($6) returned to BigYelloFish
BigYelloFish collected $17.64 from pot
BigYelloFish: doesn't show hand
*** SUMMARY ***
Total pot $18 | Rake $0.36
Board [4h Ad 6h 4c Th]
Seat 1: BigYelloFish (button) (small blind) collected ($17.64)
Seat 2: yohithegreat (big blind) folded on the River


PokerStars Hand #146012440045:  Hold'em Limit ($3/$6 USD) - 2015/12/27 13:26:48 ET
Table 'Walpurga' 2-max Seat #2 is the button
Seat 1: BigYelloFish ($221.32 in chips)
Seat 2: yohithegreat ($80.90 in chips)
yohithegreat: posts small blind $1
BigYelloFish: posts big blind $3
*** HOLE CARDS ***
yohithegreat: calls $2
BigYelloFish: raises $3 to $6
yohithegreat: calls $3
*** FLOP *** [Qd 9c 3s]
BigYelloFish: bets $3
yohithegreat: calls $3
*** TURN *** [Qd 9c 3s] [2d]
BigYelloFish: bets $6
yohithegreat: calls $6
*** RIVER *** [Qd 9c 3s 2d] [Ks]
BigYelloFish: bets $6
yohithegreat: calls $6
*** SHOW DOWN ***
BigYelloFish: shows [Qh 6h] (a pair of Queens)
yohithegreat: mucks hand
BigYelloFish collected $41.50 from pot
*** SUMMARY ***
Total pot $42 | Rake $0.50
Board [Qd 9c 3s 2d Ks]
Seat 1: BigYelloFish (big blind) showed [Qh 6h] and won ($41.50) with a pair of Queens
Seat 2: yohithegreat (button) (small blind) mucked


PokerStars Hand #146012459725:  Hold'em Limit ($3/$6 USD) - 2015/12/27 13:27:06 ET
Table 'Walpurga' 2-max Seat #1 is the button
Seat 1: BigYelloFish ($241.82 in chips)
Seat 2: yohithegreat ($59.90 in chips)
BigYelloFish: posts small blind $1
yohithegreat: posts big blind $3
*** HOLE CARDS ***
BigYelloFish: calls $2
yohithegreat: raises $3 to $6
BigYelloFish: calls $3
*** FLOP *** [As Td Tc]
yohithegreat: bets $3
BigYelloFish: folds
Uncalled bet ($3) returned to yohithegreat
yohithegreat collected $11.76 from pot
*** SUMMARY ***
Total pot $12 | Rake $0.24
Board [As Td Tc]
Seat 1: BigYelloFish (button) (small blind) folded on the Flop
Seat 2: yohithegreat (big blind) collected ($11.76)


PokerStars Hand #146012470047:  Hold'em Limit ($3/$6 USD) - 2015/12/27 13:27:15 ET
Table 'Walpurga' 2-max Seat #2 is the button
Seat 1: BigYelloFish ($235.82 in chips)
Seat 2: yohithegreat ($65.66 in chips)
yohithegreat: posts small blind $1
BigYelloFish: posts big blind $3
*** HOLE CARDS ***
yohithegreat: calls $2
BigYelloFish: raises $3 to $6
yohithegreat: calls $3
*** FLOP *** [5h Tc 7s]
BigYelloFish: bets $3
yohithegreat: calls $3
*** TURN *** [5h Tc 7s] [6h]
BigYelloFish: checks
yohithegreat: bets $6
BigYelloFish: calls $6
*** RIVER *** [5h Tc 7s 6h] [Ah]
BigYelloFish: checks
yohithegreat: checks
*** SHOW DOWN ***
BigYelloFish: shows [Qc Js] (high card Ace)
yohithegreat: shows [Kc 6s] (a pair of Sixes)
yohithegreat collected $29.50 from pot
*** SUMMARY ***
Total pot $30 | Rake $0.50
Board [5h Tc 7s 6h Ah]
Seat 1: BigYelloFish (big blind) showed [Qc Js] and lost with high card Ace
Seat 2: yohithegreat (button) (small blind) showed [Kc 6s] and won ($29.50) with a pair of Sixes


PokerStars Hand #146012425387:  Hold'em Limit ($3/$6 USD) - 2015/12/27 13:26:35 ET
Table 'Walpurga' 2-max Seat #1 is the button
Seat 1: BigYelloFish ($212.68 in chips)
Seat 2: yohithegreat ($89.90 in chips)
BigYelloFish: posts small blind $1
yohithegreat: posts big blind $3
*** HOLE CARDS ***
BigYelloFish: raises $3 to $6
yohithegreat: calls $3
*** FLOP *** [5d 5h 4c]
yohithegreat: checks
BigYelloFish: bets $3
yohithegreat: calls $3
*** TURN *** [5d 5h 4c] [Ac]
yohithegreat: checks
BigYelloFish: bets $6
yohithegreat: folds
Uncalled bet ($6) returned to BigYelloFish
BigYelloFish collected $17.64 from pot
BigYelloFish: doesn't show hand
*** SUMMARY ***
Total pot $18 | Rake $0.36
Board [5d 5h 4c Ac]
Seat 1: BigYelloFish (button) (small blind) collected ($17.64)
Seat 2: yohithegreat (big blind) folded on the Turn


PokerStars Hand #146012508314:  Hold'em Limit ($3/$6 USD) - 2015/12/27 13:27:51 ET
Table 'Walpurga' 2-max Seat #2 is the button
Seat 1: BigYelloFish ($247.32 in chips)
Seat 2: yohithegreat ($53.16 in chips)
yohithegreat: posts small blind $1
BigYelloFish: posts big blind $3
*** HOLE CARDS ***
yohithegreat: raises $3 to $6
BigYelloFish: calls $3
*** FLOP *** [7c As Qd]
BigYelloFish: checks
yohithegreat: bets $3
BigYelloFish: raises $3 to $6
yohithegreat: folds
Uncalled bet ($3) returned to BigYelloFish
BigYelloFish collected $17.64 from pot
BigYelloFish: doesn't show hand
*** SUMMARY ***
Total pot $18 | Rake $0.36
Board [7c As Qd]
Seat 1: BigYelloFish (big blind) collected ($17.64)
Seat 2: yohithegreat (button) (small blind) folded on the Flop


PokerStars Hand #146012524822:  Hold'em Limit ($3/$6 USD) - 2015/12/27 13:28:06 ET
Table 'Walpurga' 2-max Seat #1 is the button
Seat 1: BigYelloFish ($255.96 in chips)
Seat 2: yohithegreat ($44.16 in chips)
BigYelloFish: posts small blind $1
yohithegreat: posts big blind $3
*** HOLE CARDS ***
BigYelloFish: calls $2
yohithegreat: checks
*** FLOP *** [3d Th 2s]
yohithegreat: checks
BigYelloFish: checks
*** TURN *** [3d Th 2s] [As]
yohithegreat: checks
BigYelloFish: bets $6
yohithegreat: folds
Uncalled bet ($6) returned to BigYelloFish
BigYelloFish collected $5.88 from pot
BigYelloFish: doesn't show hand
*** SUMMARY ***
Total pot $6 | Rake $0.12
Board [3d Th 2s As]
Seat 1: BigYelloFish (button) (small blind) collected ($5.88)
Seat 2: yohithegreat (big blind) folded on the Turn


PokerStars Hand #146012538116:  Hold'em Limit ($3/$6 USD) - 2015/12/27 13:28:18 ET
Table 'Walpurga' 2-max Seat #2 is the button
Seat 1: BigYelloFish ($258.84 in chips)
Seat 2: yohithegreat ($41.16 in chips)
yohithegreat: posts small blind $1
BigYelloFish: posts big blind $3
*** HOLE CARDS ***
yohithegreat: raises $3 to $6
BigYelloFish: calls $3
*** FLOP *** [6s 9d Jh]
BigYelloFish: checks
yohithegreat: bets $3
BigYelloFish: raises $3 to $6
yohithegreat: calls $3
*** TURN *** [6s 9d Jh] [Ts]
BigYelloFish: bets $6
yohithegreat: calls $6
*** RIVER *** [6s 9d Jh Ts] [Qd]
BigYelloFish: bets $6
yohithegreat: folds
Uncalled bet ($6) returned to BigYelloFish
BigYelloFish collected $35.50 from pot
BigYelloFish: doesn't show hand
*** SUMMARY ***
Total pot $36 | Rake $0.50
Board [6s 9d Jh Ts Qd]
Seat 1: BigYelloFish (big blind) collected ($35.50)
Seat 2: yohithegreat (button) (small blind) folded on the River


PokerStars Hand #146012486315:  Hold'em Limit ($3/$6 USD) - 2015/12/27 13:27:30 ET
Table 'Walpurga' 2-max Seat #1 is the button
Seat 1: BigYelloFish ($220.82 in chips)
Seat 2: yohithegreat ($80.16 in chips)
BigYelloFish: posts small blind $1
yohithegreat: posts big blind $3
*** HOLE CARDS ***
BigYelloFish: raises $3 to $6
yohithegreat: raises $3 to $9
BigYelloFish: calls $3
*** FLOP *** [3s 3h 2h]
yohithegreat: checks
BigYelloFish: checks
*** TURN *** [3s 3h 2h] [7s]
yohithegreat: bets $6
BigYelloFish: raises $6 to $12
yohithegreat: calls $6
*** RIVER *** [3s 3h 2h 7s] [4d]
yohithegreat: checks
BigYelloFish: bets $6
yohithegreat: calls $6
*** SHOW DOWN ***
BigYelloFish: shows [3c Ah] (three of a kind, Threes)
yohithegreat: mucks hand
BigYelloFish collected $53.50 from pot
*** SUMMARY ***
Total pot $54 | Rake $0.50
Board [3s 3h 2h 7s 4d]
Seat 1: BigYelloFish (button) (small blind) showed [3c Ah] and won ($53.50) with three of a kind, Threes
Seat 2: yohithegreat (big blind) mucked


PokerStars Hand #146012568895:  Hold'em Limit ($3/$6 USD) - 2015/12/27 13:28:46 ET
Table 'Walpurga' 2-max Seat #2 is the button
Seat 1: BigYelloFish ($270.34 in chips)
Seat 2: yohithegreat ($88.92 in chips)
yohithegreat: posts small blind $1
BigYelloFish: posts big blind $3
*** HOLE CARDS ***
yohithegreat: raises $3 to $6
BigYelloFish: calls $3
*** FLOP *** [2h Qh 7h]
BigYelloFish: checks
yohithegreat: bets $3
BigYelloFish: folds
Uncalled bet ($3) returned to yohithegreat
yohithegreat collected $11.76 from pot
*** SUMMARY ***
Total pot $12 | Rake $0.24
Board [2h Qh 7h]
Seat 1: BigYelloFish (big blind) folded on the Flop
Seat 2: yohithegreat (button) (small blind) collected ($11.76)


PokerStars Hand #146012587081:  Hold'em Limit ($3/$6 USD) - 2015/12/27 13:29:03 ET
Table 'Walpurga' 2-max Seat #1 is the button
Seat 1: BigYelloFish ($264.34 in chips)
Seat 2: yohithegreat ($94.68 in chips)
BigYelloFish: posts small blind $1
yohithegreat: posts big blind $3
*** HOLE CARDS ***
BigYelloFish: calls $2
yohithegreat: checks
*** FLOP *** [Jc 5d 7c]
yohithegreat: checks
BigYelloFish: bets $3
yohithegreat: calls $3
*** TURN *** [Jc 5d 7c] [Ah]
yohithegreat: checks
BigYelloFish: checks
*** RIVER *** [Jc 5d 7c Ah] [7h]
yohithegreat: checks
BigYelloFish: bets $6
yohithegreat: folds
Uncalled bet ($6) returned to BigYelloFish
BigYelloFish collected $11.76 from pot
BigYelloFish: doesn't show hand
*** SUMMARY ***
Total pot $12 | Rake $0.24
Board [Jc 5d 7c Ah 7h]
Seat 1: BigYelloFish (button) (small blind) collected ($11.76)
Seat 2: yohithegreat (big blind) folded on the River


PokerStars Hand #146012605108:  Hold'em Limit ($3/$6 USD) - 2015/12/27 13:29:21 ET
Table 'Walpurga' 2-max Seat #2 is the button
Seat 1: BigYelloFish ($270.10 in chips)
Seat 2: yohithegreat ($88.68 in chips)
yohithegreat: posts small blind $1
BigYelloFish: posts big blind $3
*** HOLE CARDS ***
yohithegreat: calls $2
BigYelloFish: raises $3 to $6
yohithegreat: calls $3
*** FLOP *** [2c Qd Kc]
BigYelloFish: bets $3
yohithegreat: calls $3
*** TURN *** [2c Qd Kc] [6d]
BigYelloFish: bets $6
yohithegreat: folds
Uncalled bet ($6) returned to BigYelloFish
BigYelloFish collected $17.64 from pot
BigYelloFish: doesn't show hand
*** SUMMARY ***
Total pot $18 | Rake $0.36
Board [2c Qd Kc 6d]
Seat 1: BigYelloFish (big blind) collected ($17.64)
Seat 2: yohithegreat (button) (small blind) folded on the Turn


PokerStars Hand #146012555576:  Hold'em Limit ($3/$6 USD) - 2015/12/27 13:28:34 ET
Table 'Walpurga' 2-max Seat #1 is the button
Seat 1: BigYelloFish ($276.34 in chips)
Seat 2: yohithegreat ($23.16 in chips)
BigYelloFish: posts small blind $1
yohithegreat: posts big blind $3
*** HOLE CARDS ***
BigYelloFish: calls $2
yohithegreat: raises $3 to $6
BigYelloFish: calls $3
*** FLOP *** [2h 5d Ts]
yohithegreat: bets $3
BigYelloFish: folds
Uncalled bet ($3) returned to yohithegreat
yohithegreat collected $11.76 from pot
*** SUMMARY ***
Total pot $12 | Rake $0.24
Board [2h 5d Ts]
Seat 1: BigYelloFish (button) (small blind) folded on the Flop
Seat 2: yohithegreat (big blind) collected ($11.76)


PokerStars Hand #146012619357:  Hold'em Limit ($3/$6 USD) - 2015/12/27 13:29:34 ET
Table 'Walpurga' 2-max Seat #1 is the button
Seat 1: BigYelloFish ($278.74 in chips)
Seat 2: yohithegreat ($79.68 in chips)
BigYelloFish: posts small blind $1
yohithegreat: posts big blind $3
*** HOLE CARDS ***
BigYelloFish: calls $2
yohithegreat: raises $3 to $6
BigYelloFish: calls $3
*** FLOP *** [Td 2c Js]
yohithegreat: bets $3
BigYelloFish: folds
Uncalled bet ($3) returned to yohithegreat
yohithegreat collected $11.76 from pot
*** SUMMARY ***
Total pot $12 | Rake $0.24
Board [Td 2c Js]
Seat 1: BigYelloFish (button) (small blind) folded on the Flop
Seat 2: yohithegreat (big blind) collected ($11.76)


PokerStars Hand #146012630163:  Hold'em Limit ($3/$6 USD) - 2015/12/27 13:29:44 ET
Table 'Walpurga' 2-max Seat #2 is the button
Seat 1: BigYelloFish ($272.74 in chips)
Seat 2: yohithegreat ($85.44 in chips)
yohithegreat: posts small blind $1
BigYelloFish: posts big blind $3
*** HOLE CARDS ***
yohithegreat: raises $3 to $6
BigYelloFish: calls $3
*** FLOP *** [2h 6c Qs]
BigYelloFish: checks
yohithegreat: checks
*** TURN *** [2h 6c Qs] [4s]
BigYelloFish: checks
yohithegreat: bets $6
BigYelloFish: folds
Uncalled bet ($6) returned to yohithegreat
yohithegreat collected $11.76 from pot
*** SUMMARY ***
Total pot $12 | Rake $0.24
Board [2h 6c Qs 4s]
Seat 1: BigYelloFish (big blind) folded on the Turn
Seat 2: yohithegreat (button) (small blind) collected ($11.76)


PokerStars Hand #146012640910:  Hold'em Limit ($3/$6 USD) - 2015/12/27 13:29:54 ET
Table 'Walpurga' 2-max Seat #1 is the button
Seat 1: BigYelloFish ($266.74 in chips)
Seat 2: yohithegreat ($91.20 in chips)
BigYelloFish: posts small blind $1
yohithegreat: posts big blind $3
*** HOLE CARDS ***
BigYelloFish: raises $3 to $6
yohithegreat: raises $3 to $9
BigYelloFish: calls $3
*** FLOP *** [5s 5c 8h]
yohithegreat: bets $3
BigYelloFish: calls $3
*** TURN *** [5s 5c 8h] [Ks]
yohithegreat: bets $6
BigYelloFish: raises $6 to $12
yohithegreat: folds
Uncalled bet ($6) returned to BigYelloFish
BigYelloFish collected $35.50 from pot
BigYelloFish: doesn't show hand
*** SUMMARY ***
Total pot $36 | Rake $0.50
Board [5s 5c 8h Ks]
Seat 1: BigYelloFish (button) (small blind) collected ($35.50)
Seat 2: yohithegreat (big blind) folded on the Turn


PokerStars Hand #146012653937:  Hold'em Limit ($3/$6 USD) - 2015/12/27 13:30:06 ET
Table 'Walpurga' 2-max Seat #2 is the button
Seat 1: BigYelloFish ($284.24 in chips)
Seat 2: yohithegreat ($73.20 in chips)
yohithegreat: posts small blind $1
BigYelloFish: posts big blind $3
*** HOLE CARDS ***
yohithegreat: calls $2
BigYelloFish: raises $3 to $6
yohithegreat: raises $3 to $9
BigYelloFish: calls $3
*** FLOP *** [Js Ac 6c]
BigYelloFish: checks
yohithegreat: checks
*** TURN *** [Js Ac 6c] [4h]
BigYelloFish: checks
yohithegreat: bets $6
BigYelloFish: folds
Uncalled bet ($6) returned to yohithegreat
yohithegreat collected $17.64 from pot
*** SUMMARY ***
Total pot $18 | Rake $0.36
Board [Js Ac 6c 4h]
Seat 1: BigYelloFish (big blind) folded on the Turn
Seat 2: yohithegreat (button) (small blind) collected ($17.64)


PokerStars Hand #146012667658:  Hold'em Limit ($3/$6 USD) - 2015/12/27 13:30:20 ET
Table 'Walpurga' 2-max Seat #1 is the button
Seat 1: BigYelloFish ($275.24 in chips)
Seat 2: yohithegreat ($81.84 in chips)
BigYelloFish: posts small blind $1
yohithegreat: posts big blind $3
*** HOLE CARDS ***
BigYelloFish: calls $2
yohithegreat: checks
*** FLOP *** [8h 3d 4h]
yohithegreat: bets $3
BigYelloFish: calls $3
*** TURN *** [8h 3d 4h] [2c]
yohithegreat: bets $6
BigYelloFish: calls $6
*** RIVER *** [8h 3d 4h 2c] [Ac]
yohithegreat: bets $6
BigYelloFish: calls $6
*** SHOW DOWN ***
yohithegreat: shows [2s Ah] (two pair, Aces and Deuces)
BigYelloFish: mucks hand
yohithegreat collected $35.50 from pot
*** SUMMARY ***
Total pot $36 | Rake $0.50
Board [8h 3d 4h 2c Ac]
Seat 1: BigYelloFish (button) (small blind) mucked
Seat 2: yohithegreat (big blind) showed [2s Ah] and won ($35.50) with two pair, Aces and Deuces


PokerStars Hand #146012679582:  Hold'em Limit ($3/$6 USD) - 2015/12/27 13:30:33 ET
Table 'Walpurga' 2-max Seat #2 is the button
Seat 1: BigYelloFish ($257.24 in chips)
Seat 2: yohithegreat ($99.34 in chips)
yohithegreat: posts small blind $1
BigYelloFish: posts big blind $3
*** HOLE CARDS ***
yohithegreat: calls $2
BigYelloFish: checks
*** FLOP *** [5s Qh 5c]
BigYelloFish: checks
yohithegreat: checks
*** TURN *** [5s Qh 5c] [2s]
BigYelloFish: checks
yohithegreat: checks
*** RIVER *** [5s Qh 5c 2s] [Jd]
BigYelloFish: bets $6
yohithegreat: folds
Uncalled bet ($6) returned to BigYelloFish
BigYelloFish collected $5.88 from pot
BigYelloFish: doesn't show hand
*** SUMMARY ***
Total pot $6 | Rake $0.12
Board [5s Qh 5c 2s Jd]
Seat 1: BigYelloFish (big blind) collected ($5.88)
Seat 2: yohithegreat (button) (small blind) folded on the River


PokerStars Hand #146012691923:  Hold'em Limit ($3/$6 USD) - 2015/12/27 13:30:44 ET
Table 'Walpurga' 2-max Seat #1 is the button
Seat 1: BigYelloFish ($260.12 in chips)
Seat 2: yohithegreat ($96.34 in chips)
BigYelloFish: posts small blind $1
yohithegreat: posts big blind $3
*** HOLE CARDS ***
BigYelloFish: calls $2
yohithegreat: checks
*** FLOP *** [Jd 7s 4c]
yohithegreat: checks
BigYelloFish: checks
*** TURN *** [Jd 7s 4c] [4d]
yohithegreat: bets $6
BigYelloFish: folds
Uncalled bet ($6) returned to yohithegreat
yohithegreat collected $5.88 from pot
*** SUMMARY ***
Total pot $6 | Rake $0.12
Board [Jd 7s 4c 4d]
Seat 1: BigYelloFish (button) (small blind) folded on the Turn
Seat 2: yohithegreat (big blind) collected ($5.88)


PokerStars Hand #146012722341:  Hold'em Limit ($3/$6 USD) - 2015/12/27 13:31:15 ET
Table 'Walpurga' 2-max Seat #1 is the button
Seat 1: BigYelloFish ($265.76 in chips)
Seat 2: yohithegreat ($90.22 in chips)
BigYelloFish: posts small blind $1
yohithegreat: posts big blind $3
*** HOLE CARDS ***
BigYelloFish: folds
Uncalled bet ($2) returned to yohithegreat
yohithegreat collected $2 from pot
*** SUMMARY ***
Total pot $2 | Rake $0
Seat 1: BigYelloFish (button) (small blind) folded before Flop
Seat 2: yohithegreat (big blind) collected ($2)


PokerStars Hand #146012706061:  Hold'em Limit ($3/$6 USD) - 2015/12/27 13:30:59 ET
Table 'Walpurga' 2-max Seat #2 is the button
Seat 1: BigYelloFish ($257.12 in chips)
Seat 2: yohithegreat ($99.22 in chips)
yohithegreat: posts small blind $1
BigYelloFish: posts big blind $3
*** HOLE CARDS ***
yohithegreat: calls $2
BigYelloFish: raises $3 to $6
yohithegreat: calls $3
*** FLOP *** [3h 8c 3s]
BigYelloFish: bets $3
yohithegreat: calls $3
*** TURN *** [3h 8c 3s] [8h]
BigYelloFish: bets $6
yohithegreat: folds
Uncalled bet ($6) returned to BigYelloFish
BigYelloFish collected $17.64 from pot
BigYelloFish: doesn't show hand
*** SUMMARY ***
Total pot $18 | Rake $0.36
Board [3h 8c 3s 8h]
Seat 1: BigYelloFish (big blind) collected ($17.64)
Seat 2: yohithegreat (button) (small blind) folded on the Turn


PokerStars Hand #146012727994:  Hold'em Limit ($3/$6 USD) - 2015/12/27 13:31:20 ET
Table 'Walpurga' 2-max Seat #2 is the button
Seat 1: BigYelloFish ($264.76 in chips)
Seat 2: yohithegreat ($91.22 in chips)
yohithegreat: posts small blind $1
BigYelloFish: posts big blind $3
*** HOLE CARDS ***
yohithegreat: calls $2
BigYelloFish: checks
*** FLOP *** [Ts Ah Td]
BigYelloFish: checks
yohithegreat: checks
*** TURN *** [Ts Ah Td] [Qc]
BigYelloFish: bets $6
yohithegreat: raises $6 to $12
BigYelloFish: calls $6
*** RIVER *** [Ts Ah Td Qc] [6c]
BigYelloFish: checks
yohithegreat: bets $6
BigYelloFish: folds
Uncalled bet ($6) returned to yohithegreat
yohithegreat collected $29.50 from pot
*** SUMMARY ***
Total pot $30 | Rake $0.50
Board [Ts Ah Td Qc 6c]
Seat 1: BigYelloFish (big blind) folded on the River
Seat 2: yohithegreat (button) (small blind) collected ($29.50)


PokerStars Hand #146012740922:  Hold'em Limit ($3/$6 USD) - 2015/12/27 13:31:33 ET
Table 'Walpurga' 2-max Seat #1 is the button
Seat 1: BigYelloFish ($249.76 in chips)
Seat 2: yohithegreat ($105.72 in chips)
BigYelloFish: posts small blind $1
yohithegreat: posts big blind $3
*** HOLE CARDS ***
BigYelloFish: raises $3 to $6
yohithegreat: raises $3 to $9
BigYelloFish: calls $3
*** FLOP *** [8c Qh Qs]
yohithegreat: bets $3
BigYelloFish: calls $3
*** TURN *** [8c Qh Qs] [8s]
yohithegreat: bets $6
BigYelloFish: calls $6
*** RIVER *** [8c Qh Qs 8s] [Kd]
yohithegreat: checks
BigYelloFish: checks
*** SHOW DOWN ***
yohithegreat: shows [2c 2s] (two pair, Queens and Eights)
BigYelloFish: shows [5d Ac] (two pair, Queens and Eights - Ace kicker)
BigYelloFish collected $35.50 from pot
*** SUMMARY ***
Total pot $36 | Rake $0.50
Board [8c Qh Qs 8s Kd]
Seat 1: BigYelloFish (button) (small blind) showed [5d Ac] and won ($35.50) with two pair, Queens and Eights
Seat 2: yohithegreat (big blind) showed [2c 2s] and lost with two pair, Queens and Eights


PokerStars Hand #146012790357:  Hold'em Limit ($3/$6 USD) - 2015/12/27 13:32:17 ET
Table 'Walpurga' 2-max Seat #1 is the button
Seat 1: BigYelloFish ($264.26 in chips)
Seat 2: yohithegreat ($90.60 in chips)
BigYelloFish: posts small blind $1
yohithegreat: posts big blind $3
*** HOLE CARDS ***
BigYelloFish: calls $2
yohithegreat: raises $3 to $6
BigYelloFish: calls $3
*** FLOP *** [3s 5h Ts]
yohithegreat: bets $3
BigYelloFish: calls $3
*** TURN *** [3s 5h Ts] [Qh]
yohithegreat: bets $6
BigYelloFish: calls $6
*** RIVER *** [3s 5h Ts Qh] [4c]
yohithegreat: bets $6
BigYelloFish: folds
Uncalled bet ($6) returned to yohithegreat
yohithegreat collected $29.50 from pot
*** SUMMARY ***
Total pot $30 | Rake $0.50
Board [3s 5h Ts Qh 4c]
Seat 1: BigYelloFish (button) (small blind) folded on the River
Seat 2: yohithegreat (big blind) collected ($29.50)


PokerStars Hand #146012757522:  Hold'em Limit ($3/$6 USD) - 2015/12/27 13:31:48 ET
Table 'Walpurga' 2-max Seat #2 is the button
Seat 1: BigYelloFish ($267.26 in chips)
Seat 2: yohithegreat ($87.72 in chips)
yohithegreat: posts small blind $1
BigYelloFish: posts big blind $3
*** HOLE CARDS ***
yohithegreat: calls $2
BigYelloFish: checks
*** FLOP *** [5h 6s Ac]
BigYelloFish: checks
yohithegreat: checks
*** TURN *** [5h 6s Ac] [6h]
BigYelloFish: checks
yohithegreat: bets $6
BigYelloFish: folds
Uncalled bet ($6) returned to yohithegreat
yohithegreat collected $5.88 from pot
*** SUMMARY ***
Total pot $6 | Rake $0.12
Board [5h 6s Ac 6h]
Seat 1: BigYelloFish (big blind) folded on the Turn
Seat 2: yohithegreat (button) (small blind) collected ($5.88)


PokerStars Hand #146012864896:  Hold'em Limit ($3/$6 USD) - 2015/12/27 13:33:23 ET
Table 'Walpurga' 2-max Seat #1 is the button
Seat 1: BigYelloFish ($254.42 in chips)
Seat 2: yohithegreat ($134.95 in chips)
BigYelloFish: posts small blind $1
yohithegreat: posts big blind $3
*** HOLE CARDS ***
BigYelloFish: folds
Uncalled bet ($2) returned to yohithegreat
yohithegreat collected $2 from pot
*** SUMMARY ***
Total pot $2 | Rake $0
Seat 1: BigYelloFish (button) (small blind) folded before Flop
Seat 2: yohithegreat (big blind) collected ($2)


PokerStars Hand #146012850155:  Hold'em Limit ($3/$6 USD) - 2015/12/27 13:33:10 ET
Table 'Walpurga' 2-max Seat #2 is the button
Seat 1: BigYelloFish ($245.78 in chips)
Seat 2: yohithegreat ($143.95 in chips)
yohithegreat: posts small blind $1
BigYelloFish: posts big blind $3
*** HOLE CARDS ***
yohithegreat: calls $2
BigYelloFish: raises $3 to $6
yohithegreat: calls $3
*** FLOP *** [8s Kc Js]
BigYelloFish: bets $3
yohithegreat: calls $3
*** TURN *** [8s Kc Js] [Jh]
BigYelloFish: bets $6
yohithegreat: folds
Uncalled bet ($6) returned to BigYelloFish
BigYelloFish collected $17.64 from pot
BigYelloFish: doesn't show hand
*** SUMMARY ***
Total pot $18 | Rake $0.36
Board [8s Kc Js Jh]
Seat 1: BigYelloFish (big blind) collected ($17.64)
Seat 2: yohithegreat (button) (small blind) folded on the Turn


PokerStars Hand #146012833242:  Hold'em Limit ($3/$6 USD) - 2015/12/27 13:32:55 ET
Table 'Walpurga' 2-max Seat #1 is the button
Seat 1: BigYelloFish ($234.26 in chips)
Seat 2: yohithegreat ($155.95 in chips)
BigYelloFish: posts small blind $1
yohithegreat: posts big blind $3
*** HOLE CARDS ***
BigYelloFish: raises $3 to $6
yohithegreat: calls $3
*** FLOP *** [3d 9c 5c]
yohithegreat: checks
BigYelloFish: checks
*** TURN *** [3d 9c 5c] [Qd]
yohithegreat: bets $6
BigYelloFish: calls $6
*** RIVER *** [3d 9c 5c Qd] [Ks]
yohithegreat: checks
BigYelloFish: bets $6
yohithegreat: folds
Uncalled bet ($6) returned to BigYelloFish
BigYelloFish collected $23.52 from pot
BigYelloFish: doesn't show hand
*** SUMMARY ***
Total pot $24 | Rake $0.48
Board [3d 9c 5c Qd Ks]
Seat 1: BigYelloFish (button) (small blind) collected ($23.52)
Seat 2: yohithegreat (big blind) folded on the River


PokerStars Hand #146012807940:  Hold'em Limit ($3/$6 USD) - 2015/12/27 13:32:32 ET
Table 'Walpurga' 2-max Seat #2 is the button
Seat 1: BigYelloFish ($249.26 in chips)
Seat 2: yohithegreat ($141.45 in chips)
yohithegreat: posts small blind $1
BigYelloFish: posts big blind $3
*** HOLE CARDS ***
yohithegreat: raises $3 to $6
BigYelloFish: calls $3
*** FLOP *** [6c 7h 5d]
BigYelloFish: checks
yohithegreat: bets $3
BigYelloFish: calls $3
*** TURN *** [6c 7h 5d] [2d]
BigYelloFish: checks
yohithegreat: bets $6
BigYelloFish: calls $6
*** RIVER *** [6c 7h 5d 2d] [8c]
BigYelloFish: checks
yohithegreat: bets $6
BigYelloFish: folds
Uncalled bet ($6) returned to yohithegreat
yohithegreat collected $29.50 from pot
*** SUMMARY ***
Total pot $30 | Rake $0.50
Board [6c 7h 5d 2d 8c]
Seat 1: BigYelloFish (big blind) folded on the River
Seat 2: yohithegreat (button) (small blind) collected ($29.50)


PokerStars Hand #146012870509:  Hold'em Limit ($3/$6 USD) - 2015/12/27 13:33:29 ET
Table 'Walpurga' 2-max Seat #2 is the button
Seat 1: BigYelloFish ($253.42 in chips)
Seat 2: yohithegreat ($135.95 in chips)
yohithegreat: posts small blind $1
BigYelloFish: posts big blind $3
*** HOLE CARDS ***
yohithegreat: raises $3 to $6
BigYelloFish: calls $3
*** FLOP *** [6s Ks Tc]
BigYelloFish: checks
yohithegreat: bets $3
BigYelloFish: calls $3
*** TURN *** [6s Ks Tc] [Qs]
BigYelloFish: checks
yohithegreat: bets $6
BigYelloFish: calls $6
*** RIVER *** [6s Ks Tc Qs] [2d]
BigYelloFish: checks
yohithegreat: bets $6
BigYelloFish: calls $6
*** SHOW DOWN ***
yohithegreat: shows [6c 6d] (three of a kind, Sixes)
BigYelloFish: mucks hand
yohithegreat collected $41.50 from pot
*** SUMMARY ***
Total pot $42 | Rake $0.50
Board [6s Ks Tc Qs 2d]
Seat 1: BigYelloFish (big blind) mucked
Seat 2: yohithegreat (button) (small blind) showed [6c 6d] and won ($41.50) with three of a kind, Sixes


PokerStars Hand #146012901631:  Hold'em Limit ($3/$6 USD) - 2015/12/27 13:33:56 ET
Table 'Walpurga' 2-max Seat #2 is the button
Seat 1: BigYelloFish ($243.94 in chips)
Seat 2: yohithegreat ($144.45 in chips)
yohithegreat: posts small blind $1
BigYelloFish: posts big blind $3
*** HOLE CARDS ***
yohithegreat: calls $2
BigYelloFish: checks
*** FLOP *** [Ah 3h Jh]
BigYelloFish: checks
yohithegreat: bets $3
BigYelloFish: calls $3
*** TURN *** [Ah 3h Jh] [9s]
BigYelloFish: checks
yohithegreat: checks
*** RIVER *** [Ah 3h Jh 9s] [6d]
BigYelloFish: bets $6
yohithegreat: folds
Uncalled bet ($6) returned to BigYelloFish
BigYelloFish collected $11.76 from pot
BigYelloFish: doesn't show hand
*** SUMMARY ***
Total pot $12 | Rake $0.24
Board [Ah 3h Jh 9s 6d]
Seat 1: BigYelloFish (big blind) collected ($11.76)
Seat 2: yohithegreat (button) (small blind) folded on the River


PokerStars Hand #146012885887:  Hold'em Limit ($3/$6 USD) - 2015/12/27 13:33:42 ET
Table 'Walpurga' 2-max Seat #1 is the button
Seat 1: BigYelloFish ($232.42 in chips)
Seat 2: yohithegreat ($156.45 in chips)
BigYelloFish: posts small blind $1
yohithegreat: posts big blind $3
*** HOLE CARDS ***
BigYelloFish: raises $3 to $6
yohithegreat: calls $3
*** FLOP *** [6c Jh Kh]
yohithegreat: checks
BigYelloFish: bets $3
yohithegreat: raises $3 to $6
BigYelloFish: calls $3
*** TURN *** [6c Jh Kh] [2s]
yohithegreat: checks
BigYelloFish: bets $6
yohithegreat: folds
Uncalled bet ($6) returned to BigYelloFish
BigYelloFish collected $23.52 from pot
BigYelloFish: doesn't show hand
*** SUMMARY ***
Total pot $24 | Rake $0.48
Board [6c Jh Kh 2s]
Seat 1: BigYelloFish (button) (small blind) collected ($23.52)
Seat 2: yohithegreat (big blind) folded on the Turn


PokerStars Hand #146012916083:  Hold'em Limit ($3/$6 USD) - 2015/12/27 13:34:09 ET
Table 'Walpurga' 2-max Seat #1 is the button
Seat 1: BigYelloFish ($249.70 in chips)
Seat 2: yohithegreat ($138.45 in chips)
BigYelloFish: posts small blind $1
yohithegreat: posts big blind $3
*** HOLE CARDS ***
BigYelloFish: calls $2
yohithegreat: raises $3 to $6
BigYelloFish: calls $3
*** FLOP *** [9s 6s Qh]
yohithegreat: bets $3
BigYelloFish: raises $3 to $6
yohithegreat: calls $3
*** TURN *** [9s 6s Qh] [Ah]
yohithegreat: checks
BigYelloFish: bets $6
yohithegreat: raises $6 to $12
BigYelloFish: calls $6
*** RIVER *** [9s 6s Qh Ah] [Jh]
yohithegreat: bets $6
BigYelloFish: folds
Uncalled bet ($6) returned to yohithegreat
yohithegreat collected $47.50 from pot
*** SUMMARY ***
Total pot $48 | Rake $0.50
Board [9s 6s Qh Ah Jh]
Seat 1: BigYelloFish (button) (small blind) folded on the River
Seat 2: yohithegreat (big blind) collected ($47.50)


PokerStars Hand #146012987381:  Hold'em Limit ($3/$6 USD) - 2015/12/27 13:35:12 ET
Table 'Walpurga' 2-max Seat #2 is the button
Seat 1: BigYelloFish ($275.70 in chips)
Seat 2: yohithegreat ($110.95 in chips)
yohithegreat: posts small blind $1
BigYelloFish: posts big blind $3
*** HOLE CARDS ***
yohithegreat: raises $3 to $6
BigYelloFish: raises $3 to $9
yohithegreat: raises $3 to $12
Betting is capped
BigYelloFish: calls $3
*** FLOP *** [7h 3s 9s]
BigYelloFish: checks
yohithegreat: checks
*** TURN *** [7h 3s 9s] [Qd]
BigYelloFish: bets $6
yohithegreat: folds
Uncalled bet ($6) returned to BigYelloFish
BigYelloFish collected $23.52 from pot
BigYelloFish: doesn't show hand
*** SUMMARY ***
Total pot $24 | Rake $0.48
Board [7h 3s 9s Qd]
Seat 1: BigYelloFish (big blind) collected ($23.52)
Seat 2: yohithegreat (button) (small blind) folded on the Turn


PokerStars Hand #146012965993:  Hold'em Limit ($3/$6 USD) - 2015/12/27 13:34:53 ET
Table 'Walpurga' 2-max Seat #1 is the button
Seat 1: BigYelloFish ($255.20 in chips)
Seat 2: yohithegreat ($131.95 in chips)
BigYelloFish: posts small blind $1
yohithegreat: posts big blind $3
*** HOLE CARDS ***
BigYelloFish: raises $3 to $6
yohithegreat: raises $3 to $9
BigYelloFish: calls $3
*** FLOP *** [3c 4d Qs]
yohithegreat: checks
BigYelloFish: checks
*** TURN *** [3c 4d Qs] [5s]
yohithegreat: bets $6
BigYelloFish: calls $6
*** RIVER *** [3c 4d Qs 5s] [4s]
yohithegreat: checks
BigYelloFish: bets $6
yohithegreat: calls $6
*** SHOW DOWN ***
BigYelloFish: shows [Jc 5d] (two pair, Fives and Fours)
yohithegreat: mucks hand
BigYelloFish collected $41.50 from pot
*** SUMMARY ***
Total pot $42 | Rake $0.50
Board [3c 4d Qs 5s 4s]
Seat 1: BigYelloFish (button) (small blind) showed [Jc 5d] and won ($41.50) with two pair, Fives and Fours
Seat 2: yohithegreat (big blind) mucked


PokerStars Hand #146012945562:  Hold'em Limit ($3/$6 USD) - 2015/12/27 13:34:35 ET
Table 'Walpurga' 2-max Seat #2 is the button
Seat 1: BigYelloFish ($225.70 in chips)
Seat 2: yohithegreat ($161.95 in chips)
yohithegreat: posts small blind $1
BigYelloFish: posts big blind $3
*** HOLE CARDS ***
yohithegreat: calls $2
BigYelloFish: raises $3 to $6
yohithegreat: raises $3 to $9
BigYelloFish: calls $3
*** FLOP *** [2h Js 6s]
BigYelloFish: checks
yohithegreat: bets $3
BigYelloFish: calls $3
*** TURN *** [2h Js 6s] [6c]
BigYelloFish: checks
yohithegreat: bets $6
BigYelloFish: raises $6 to $12
yohithegreat: calls $6
*** RIVER *** [2h Js 6s 6c] [6h]
BigYelloFish: bets $6
yohithegreat: calls $6
*** SHOW DOWN ***
BigYelloFish: shows [Qs Jc] (a full house, Sixes full of Jacks)
yohithegreat: mucks hand
BigYelloFish collected $59.50 from pot
*** SUMMARY ***
Total pot $60 | Rake $0.50
Board [2h Js 6s 6c 6h]
Seat 1: BigYelloFish (big blind) showed [Qs Jc] and won ($59.50) with a full house, Sixes full of Jacks
Seat 2: yohithegreat (button) (small blind) mucked


PokerStars Hand #146013016192:  Hold'em Limit ($3/$6 USD) - 2015/12/27 13:35:38 ET
Table 'Walpurga' 2-max Seat #2 is the button
Seat 1: BigYelloFish ($304.72 in chips)
Seat 2: yohithegreat ($80.95 in chips)
yohithegreat: posts small blind $1
BigYelloFish: posts big blind $3
*** HOLE CARDS ***
yohithegreat: folds
Uncalled bet ($2) returned to BigYelloFish
BigYelloFish collected $2 from pot
BigYelloFish: doesn't show hand
*** SUMMARY ***
Total pot $2 | Rake $0
Seat 1: BigYelloFish (big blind) collected ($2)
Seat 2: yohithegreat (button) (small blind) folded before Flop


PokerStars Hand #146013000879:  Hold'em Limit ($3/$6 USD) - 2015/12/27 13:35:24 ET
Table 'Walpurga' 2-max Seat #1 is the button
Seat 1: BigYelloFish ($287.22 in chips)
Seat 2: yohithegreat ($98.95 in chips)
BigYelloFish: posts small blind $1
yohithegreat: posts big blind $3
*** HOLE CARDS ***
BigYelloFish: raises $3 to $6
yohithegreat: raises $3 to $9
BigYelloFish: calls $3
*** FLOP *** [Jh Ks 3c]
yohithegreat: bets $3
BigYelloFish: calls $3
*** TURN *** [Jh Ks 3c] [As]
yohithegreat: bets $6
BigYelloFish: raises $6 to $12
yohithegreat: folds
Uncalled bet ($6) returned to BigYelloFish
BigYelloFish collected $35.50 from pot
BigYelloFish: doesn't show hand
*** SUMMARY ***
Total pot $36 | Rake $0.50
Board [Jh Ks 3c As]
Seat 1: BigYelloFish (button) (small blind) collected ($35.50)
Seat 2: yohithegreat (big blind) folded on the Turn


PokerStars Hand #146013069481:  Hold'em Limit ($3/$6 USD) - 2015/12/27 13:36:26 ET
Table 'Walpurga' 2-max Seat #2 is the button
Seat 1: BigYelloFish ($319.98 in chips)
Seat 2: yohithegreat ($64.71 in chips)
yohithegreat: posts small blind $1
BigYelloFish: posts big blind $3
*** HOLE CARDS ***
yohithegreat: raises $3 to $6
BigYelloFish: calls $3
*** FLOP *** [Jc Th Qs]
BigYelloFish: checks
yohithegreat: bets $3
BigYelloFish: folds
Uncalled bet ($3) returned to yohithegreat
yohithegreat collected $11.76 from pot
*** SUMMARY ***
Total pot $12 | Rake $0.24
Board [Jc Th Qs]
Seat 1: BigYelloFish (big blind) folded on the Flop
Seat 2: yohithegreat (button) (small blind) collected ($11.76)


PokerStars Hand #146013059446:  Hold'em Limit ($3/$6 USD) - 2015/12/27 13:36:17 ET
Table 'Walpurga' 2-max Seat #1 is the button
Seat 1: BigYelloFish ($314.22 in chips)
Seat 2: yohithegreat ($70.71 in chips)
BigYelloFish: posts small blind $1
yohithegreat: posts big blind $3
*** HOLE CARDS ***
BigYelloFish: raises $3 to $6
yohithegreat: calls $3
*** FLOP *** [Qh Jc 8h]
yohithegreat: checks
BigYelloFish: bets $3
yohithegreat: folds
Uncalled bet ($3) returned to BigYelloFish
BigYelloFish collected $11.76 from pot
BigYelloFish: doesn't show hand
*** SUMMARY ***
Total pot $12 | Rake $0.24
Board [Qh Jc 8h]
Seat 1: BigYelloFish (button) (small blind) collected ($11.76)
Seat 2: yohithegreat (big blind) folded on the Flop


PokerStars Hand #146013039767:  Hold'em Limit ($3/$6 USD) - 2015/12/27 13:35:59 ET
Table 'Walpurga' 2-max Seat #2 is the button
Seat 1: BigYelloFish ($299.72 in chips)
Seat 2: yohithegreat ($85.71 in chips)
yohithegreat: posts small blind $1
BigYelloFish: posts big blind $3
*** HOLE CARDS ***
yohithegreat: calls $2
BigYelloFish: raises $3 to $6
yohithegreat: calls $3
*** FLOP *** [5s 4d Jd]
BigYelloFish: bets $3
yohithegreat: calls $3
*** TURN *** [5s 4d Jd] [6h]
BigYelloFish: checks
yohithegreat: bets $6
BigYelloFish: calls $6
*** RIVER *** [5s 4d Jd 6h] [Th]
BigYelloFish: checks
yohithegreat: checks
*** SHOW DOWN ***
BigYelloFish: shows [Ks Qh] (high card King)
yohithegreat: mucks hand
BigYelloFish collected $29.50 from pot
*** SUMMARY ***
Total pot $30 | Rake $0.50
Board [5s 4d Jd 6h Th]
Seat 1: BigYelloFish (big blind) showed [Ks Qh] and won ($29.50) with high card King
Seat 2: yohithegreat (button) (small blind) mucked


PokerStars Hand #146013022022:  Hold'em Limit ($3/$6 USD) - 2015/12/27 13:35:43 ET
Table 'Walpurga' 2-max Seat #1 is the button
Seat 1: BigYelloFish ($305.72 in chips)
Seat 2: yohithegreat ($79.95 in chips)
BigYelloFish: posts small blind $1
yohithegreat: posts big blind $3
*** HOLE CARDS ***
BigYelloFish: calls $2
yohithegreat: checks
*** FLOP *** [Ts 7c 4d]
yohithegreat: bets $3
BigYelloFish: calls $3
*** TURN *** [Ts 7c 4d] [3c]
yohithegreat: bets $6
BigYelloFish: folds
Uncalled bet ($6) returned to yohithegreat
yohithegreat collected $11.76 from pot
*** SUMMARY ***
Total pot $12 | Rake $0.24
Board [Ts 7c 4d 3c]
Seat 1: BigYelloFish (button) (small blind) folded on the Turn
Seat 2: yohithegreat (big blind) collected ($11.76)


PokerStars Hand #146013122293:  Hold'em Limit ($3/$6 USD) - 2015/12/27 13:37:13 ET
Table 'Walpurga' 2-max Seat #1 is the button
Seat 1: BigYelloFish ($319.48 in chips)
Seat 2: yohithegreat ($63.99 in chips)
BigYelloFish: posts small blind $1
yohithegreat: posts big blind $3
*** HOLE CARDS ***
BigYelloFish: calls $2
yohithegreat: checks
*** FLOP *** [8d Ad 3d]
yohithegreat: bets $3
BigYelloFish: calls $3
*** TURN *** [8d Ad 3d] [8h]
yohithegreat: bets $6
BigYelloFish: folds
Uncalled bet ($6) returned to yohithegreat
yohithegreat collected $11.76 from pot
*** SUMMARY ***
Total pot $12 | Rake $0.24
Board [8d Ad 3d 8h]
Seat 1: BigYelloFish (button) (small blind) folded on the Turn
Seat 2: yohithegreat (big blind) collected ($11.76)


PokerStars Hand #146013096717:  Hold'em Limit ($3/$6 USD) - 2015/12/27 13:36:50 ET
Table 'Walpurga' 2-max Seat #2 is the button
Seat 1: BigYelloFish ($331.48 in chips)
Seat 2: yohithegreat ($52.47 in chips)
yohithegreat: posts small blind $1
BigYelloFish: posts big blind $3
*** HOLE CARDS ***
yohithegreat: raises $3 to $6
BigYelloFish: calls $3
*** FLOP *** [Th Kc 3d]
BigYelloFish: checks
yohithegreat: checks
*** TURN *** [Th Kc 3d] [5d]
BigYelloFish: checks
yohithegreat: bets $6
BigYelloFish: calls $6
*** RIVER *** [Th Kc 3d 5d] [8d]
BigYelloFish: checks
yohithegreat: bets $6
BigYelloFish: folds
Uncalled bet ($6) returned to yohithegreat
yohithegreat collected $23.52 from pot
*** SUMMARY ***
Total pot $24 | Rake $0.48
Board [Th Kc 3d 5d 8d]
Seat 1: BigYelloFish (big blind) folded on the River
Seat 2: yohithegreat (button) (small blind) collected ($23.52)


PokerStars Hand #146013077567:  Hold'em Limit ($3/$6 USD) - 2015/12/27 13:36:33 ET
Table 'Walpurga' 2-max Seat #1 is the button
Seat 1: BigYelloFish ($313.98 in chips)
Seat 2: yohithegreat ($70.47 in chips)
BigYelloFish: posts small blind $1
yohithegreat: posts big blind $3
*** HOLE CARDS ***
BigYelloFish: raises $3 to $6
yohithegreat: calls $3
*** FLOP *** [3d 4c 8d]
yohithegreat: bets $3
BigYelloFish: raises $3 to $6
yohithegreat: calls $3
*** TURN *** [3d 4c 8d] [Tc]
yohithegreat: checks
BigYelloFish: bets $6
yohithegreat: calls $6
*** RIVER *** [3d 4c 8d Tc] [Th]
yohithegreat: checks
BigYelloFish: bets $6
yohithegreat: folds
Uncalled bet ($6) returned to BigYelloFish
BigYelloFish collected $35.50 from pot
BigYelloFish: doesn't show hand
*** SUMMARY ***
Total pot $36 | Rake $0.50
Board [3d 4c 8d Tc Th]
Seat 1: BigYelloFish (button) (small blind) collected ($35.50)
Seat 2: yohithegreat (big blind) folded on the River


PokerStars Hand #146013145043:  Hold'em Limit ($3/$6 USD) - 2015/12/27 13:37:33 ET
Table 'Walpurga' 2-max Seat #2 is the button
Seat 1: BigYelloFish ($313.48 in chips)
Seat 2: yohithegreat ($69.75 in chips)
yohithegreat: posts small blind $1
BigYelloFish: posts big blind $3
*** HOLE CARDS ***
yohithegreat: calls $2
BigYelloFish: checks
*** FLOP *** [4c Kc 7c]
BigYelloFish: checks
yohithegreat: bets $3
BigYelloFish: folds
Uncalled bet ($3) returned to yohithegreat
yohithegreat collected $5.88 from pot
*** SUMMARY ***
Total pot $6 | Rake $0.12
Board [4c Kc 7c]
Seat 1: BigYelloFish (big blind) folded on the Flop
Seat 2: yohithegreat (button) (small blind) collected ($5.88)


PokerStars Hand #146013194814:  Hold'em Limit ($3/$6 USD) - 2015/12/27 13:38:17 ET
Table 'Walpurga' 2-max Seat #1 is the button
Seat 1: BigYelloFish ($321.75 in chips)
Seat 2: yohithegreat ($60.38 in chips)
BigYelloFish: posts small blind $1
yohithegreat: posts big blind $3
*** HOLE CARDS ***
BigYelloFish: calls $2
yohithegreat: checks
*** FLOP *** [Ac 4d Jc]
yohithegreat: bets $3
BigYelloFish: calls $3
*** TURN *** [Ac 4d Jc] [Jd]
yohithegreat: checks
BigYelloFish: bets $6
yohithegreat: folds
Uncalled bet ($6) returned to BigYelloFish
BigYelloFish collected $11.76 from pot
BigYelloFish: doesn't show hand
*** SUMMARY ***
Total pot $12 | Rake $0.24
Board [Ac 4d Jc Jd]
Seat 1: BigYelloFish (button) (small blind) collected ($11.76)
Seat 2: yohithegreat (big blind) folded on the Turn


PokerStars Hand #146013177434:  Hold'em Limit ($3/$6 USD) - 2015/12/27 13:38:02 ET
Table 'Walpurga' 2-max Seat #2 is the button
Seat 1: BigYelloFish ($310.23 in chips)
Seat 2: yohithegreat ($72.38 in chips)
yohithegreat: posts small blind $1
BigYelloFish: posts big blind $3
*** HOLE CARDS ***
yohithegreat: calls $2
BigYelloFish: checks
*** FLOP *** [8d 7c 2s]
BigYelloFish: checks
yohithegreat: bets $3
BigYelloFish: calls $3
*** TURN *** [8d 7c 2s] [5s]
BigYelloFish: checks
yohithegreat: checks
*** RIVER *** [8d 7c 2s 5s] [Td]
BigYelloFish: bets $6
yohithegreat: calls $6
*** SHOW DOWN ***
BigYelloFish: shows [6c 4h] (a straight, Four to Eight)
yohithegreat: mucks hand
BigYelloFish collected $23.52 from pot
*** SUMMARY ***
Total pot $24 | Rake $0.48
Board [8d 7c 2s 5s Td]
Seat 1: BigYelloFish (big blind) showed [6c 4h] and won ($23.52) with a straight, Four to Eight
Seat 2: yohithegreat (button) (small blind) mucked


PokerStars Hand #146013156757:  Hold'em Limit ($3/$6 USD) - 2015/12/27 13:37:43 ET
Table 'Walpurga' 2-max Seat #1 is the button
Seat 1: BigYelloFish ($310.48 in chips)
Seat 2: yohithegreat ($72.63 in chips)
BigYelloFish: posts small blind $1
yohithegreat: posts big blind $3
*** HOLE CARDS ***
BigYelloFish: raises $3 to $6
yohithegreat: calls $3
*** FLOP *** [5h 5d As]
yohithegreat: checks
BigYelloFish: bets $3
yohithegreat: raises $3 to $6
BigYelloFish: raises $3 to $9
yohithegreat: calls $3
*** TURN *** [5h 5d As] [7h]
yohithegreat: checks
BigYelloFish: checks
*** RIVER *** [5h 5d As 7h] [7c]
yohithegreat: checks
BigYelloFish: checks
*** SHOW DOWN ***
yohithegreat: shows [Qh Kh] (two pair, Sevens and Fives)
BigYelloFish: shows [Jd 9h] (two pair, Sevens and Fives)
yohithegreat collected $14.75 from pot
BigYelloFish collected $14.75 from pot
*** SUMMARY ***
Total pot $30 | Rake $0.50
Board [5h 5d As 7h 7c]
Seat 1: BigYelloFish (button) (small blind) showed [Jd 9h] and won ($14.75) with two pair, Sevens and Fives
Seat 2: yohithegreat (big blind) showed [Qh Kh] and won ($14.75) with two pair, Sevens and Fives


PokerStars Hand #146013256680:  Hold'em Limit ($3/$6 USD) - 2015/12/27 13:39:12 ET
Table 'Walpurga' 2-max Seat #1 is the button
Seat 1: BigYelloFish ($351.01 in chips)
Seat 2: yohithegreat ($30.38 in chips)
BigYelloFish: posts small blind $1
yohithegreat: posts big blind $3
*** HOLE CARDS ***
BigYelloFish: raises $3 to $6
yohithegreat: raises $3 to $9
BigYelloFish: calls $3
*** FLOP *** [5d 2h Jc]
yohithegreat: bets $3
BigYelloFish: raises $3 to $6
yohithegreat: calls $3
*** TURN *** [5d 2h Jc] [3h]
yohithegreat: checks
BigYelloFish: bets $6
yohithegreat: calls $6
*** RIVER *** [5d 2h Jc 3h] [Ks]
yohithegreat: checks
BigYelloFish: bets $6
yohithegreat: calls $6
*** SHOW DOWN ***
BigYelloFish: shows [Th Jh] (a pair of Jacks)
yohithegreat: mucks hand
BigYelloFish collected $53.50 from pot
*** SUMMARY ***
Total pot $54 | Rake $0.50
Board [5d 2h Jc 3h Ks]
Seat 1: BigYelloFish (button) (small blind) showed [Th Jh] and won ($53.50) with a pair of Jacks
Seat 2: yohithegreat (big blind) mucked


PokerStars Hand #146013210020:  Hold'em Limit ($3/$6 USD) - 2015/12/27 13:38:31 ET
Table 'Walpurga' 2-max Seat #2 is the button
Seat 1: BigYelloFish ($327.51 in chips)
Seat 2: yohithegreat ($54.38 in chips)
yohithegreat: posts small blind $1
BigYelloFish: posts big blind $3
*** HOLE CARDS ***
yohithegreat: calls $2
BigYelloFish: checks
*** FLOP *** [Js As 8d]
BigYelloFish: checks
yohithegreat: bets $3
BigYelloFish: calls $3
*** TURN *** [Js As 8d] [7s]
BigYelloFish: checks
yohithegreat: bets $6
BigYelloFish: calls $6
*** RIVER *** [Js As 8d 7s] [7h]
BigYelloFish: checks
yohithegreat: bets $6
BigYelloFish: raises $6 to $12
yohithegreat: calls $6
*** SHOW DOWN ***
BigYelloFish: shows [7d Qs] (three of a kind, Sevens)
yohithegreat: mucks hand
BigYelloFish collected $47.50 from pot
*** SUMMARY ***
Total pot $48 | Rake $0.50
Board [Js As 8d 7s 7h]
Seat 1: BigYelloFish (big blind) showed [7d Qs] and won ($47.50) with three of a kind, Sevens
Seat 2: yohithegreat (button) (small blind) mucked


PokerStars Hand #146013279874:  Hold'em Limit ($3/$6 USD) - 2015/12/27 13:39:33 ET
Table 'Walpurga' 2-max Seat #2 is the button
Seat 1: BigYelloFish ($377.51 in chips)
Seat 2: yohithegreat ($3.38 in chips)
yohithegreat: posts small blind $1
BigYelloFish: posts big blind $3
*** HOLE CARDS ***
yohithegreat: raises $0.38 to $3.38 and is all-in
BigYelloFish: calls $0.38
*** FLOP *** [Tc 4d 9c]
*** TURN *** [Tc 4d 9c] [Ks]
*** RIVER *** [Tc 4d 9c Ks] [7d]
*** SHOW DOWN ***
BigYelloFish: shows [4s Ad] (a pair of Fours)
yohithegreat: shows [Jd 6s] (high card King)
BigYelloFish collected $6.62 from pot
*** SUMMARY ***
Total pot $6.76 | Rake $0.14
Board [Tc 4d 9c Ks 7d]
Seat 1: BigYelloFish (big blind) showed [4s Ad] and won ($6.62) with a pair of Fours
Seat 2: yohithegreat (button) (small blind) showed [Jd 6s] and lost with high card King


