PokerStars Hand #167054288844:  Hold'em Limit ($3/$6 USD) - 2017/03/03 12:36:29 ET
Table 'Walpurga II' 6-max Seat #3 is the button
Seat 1: s3turbo2013 ($18.57 in chips)
Seat 3: izzyzzy ($147 in chips)
izzyzzy: posts small blind $1
vestimokrec: is sitting out
s3turbo2013: posts big blind $3
*** HOLE CARDS ***
vestimokrec leaves the table
izzyzzy: raises $3 to $6
s3turbo2013: raises $3 to $9
izzyzzy: raises $3 to $12
Betting is capped
s3turbo2013: calls $3
*** FLOP *** [4h Ts 8h]
s3turbo2013: bets $3
izzyzzy: raises $3 to $6
s3turbo2013: raises $0.57 to $6.57 and is all-in
izzyzzy: calls $0.57
*** TURN *** [4h Ts 8h] [5c]
*** RIVER *** [4h Ts 8h 5c] [8d]
*** SHOW DOWN ***
s3turbo2013: shows [Ac 9h] (a pair of Eights)
izzyzzy: shows [Jd As] (a pair of Eights - Ace+Jack kicker)
izzyzzy collected $36.64 from pot
*** SUMMARY ***
Total pot $37.14 | Rake $0.50
Board [4h Ts 8h 5c 8d]
Seat 1: s3turbo2013 (big blind) showed [Ac 9h] and lost with a pair of Eights
Seat 3: izzyzzy (button) (small blind) showed [Jd As] and won ($36.64) with a pair of Eights


