PokerStars Hand #150781308581:  Hold'em Limit ($3/$6 USD) - 2016/03/22 18:50:20 ET
Table 'Walpurga' 6-max Seat #3 is the button
Seat 1: Zubasa07 ($390.45 in chips)
Seat 3: mdevereux ($183.06 in chips)
mdevereux: posts small blind $1
Zubasa07: posts big blind $3
*** HOLE CARDS ***
mdevereux: calls $2
Zubasa07: raises $3 to $6
mdevereux: calls $3
*** FLOP *** [Td 8d 3s]
Zubasa07: bets $3
mdevereux: raises $3 to $6
Zubasa07: raises $3 to $9
mdevereux: folds
Uncalled bet ($3) returned to Zubasa07
Zubasa07 collected $23.52 from pot
Zubasa07: doesn't show hand
*** SUMMARY ***
Total pot $24 | Rake $0.48
Board [Td 8d 3s]
Seat 1: Zubasa07 (big blind) collected ($23.52)
Seat 3: mdevereux (button) (small blind) folded on the Flop


PokerStars Hand #150781809489:  Hold'em Limit ($3/$6 USD) - 2016/03/22 19:01:33 ET
Table 'Walpurga' 6-max Seat #4 is the button
Seat 3: mdevereux ($121.76 in chips)
Seat 4: AzureCaper ($72 in chips)
AzureCaper: posts small blind $1
mdevereux: posts big blind $3
*** HOLE CARDS ***
AzureCaper: folds
Uncalled bet ($2) returned to mdevereux
mdevereux collected $2 from pot
*** SUMMARY ***
Total pot $2 | Rake $0
Seat 3: mdevereux (big blind) collected ($2)
Seat 4: AzureCaper (button) (small blind) folded before Flop


PokerStars Hand #150781793597:  Hold'em Limit ($3/$6 USD) - 2016/03/22 19:01:12 ET
Table 'Walpurga' 6-max Seat #3 is the button
Seat 3: mdevereux ($116 in chips)
Seat 4: AzureCaper ($76 in chips)
mdevereux: posts small blind $1
AzureCaper: posts big blind $3
*** HOLE CARDS ***
mdevereux: raises $3 to $6
AzureCaper: calls $3
*** FLOP *** [4d Jd 2d]
AzureCaper: checks
mdevereux: checks
*** TURN *** [4d Jd 2d] [6c]
AzureCaper: checks
mdevereux: bets $6
AzureCaper: folds
Uncalled bet ($6) returned to mdevereux
mdevereux collected $11.76 from pot
mdevereux: doesn't show hand
*** SUMMARY ***
Total pot $12 | Rake $0.24
Board [4d Jd 2d 6c]
Seat 3: mdevereux (button) (small blind) collected ($11.76)
Seat 4: AzureCaper (big blind) folded on the Turn


PokerStars Hand #150781788374:  Hold'em Limit ($3/$6 USD) - 2016/03/22 19:01:05 ET
Table 'Walpurga' 6-max Seat #4 is the button
Seat 3: mdevereux ($119 in chips)
Seat 4: AzureCaper ($73 in chips)
AzureCaper: posts small blind $1
mdevereux: posts big blind $3
*** HOLE CARDS ***
AzureCaper: raises $3 to $6
mdevereux: folds
Uncalled bet ($3) returned to AzureCaper
AzureCaper collected $6 from pot
AzureCaper: doesn't show hand
*** SUMMARY ***
Total pot $6 | Rake $0
Seat 3: mdevereux (big blind) folded before Flop
Seat 4: AzureCaper (button) (small blind) collected ($6)


PokerStars Hand #150781784928:  Hold'em Limit ($3/$6 USD) - 2016/03/22 19:01:01 ET
Table 'Walpurga' 6-max Seat #3 is the button
Seat 3: mdevereux ($120 in chips)
Seat 4: AzureCaper ($72 in chips)
mdevereux: posts small blind $1
AzureCaper: posts big blind $3
*** HOLE CARDS ***
mdevereux: folds
Uncalled bet ($2) returned to AzureCaper
AzureCaper collected $2 from pot
AzureCaper: doesn't show hand
*** SUMMARY ***
Total pot $2 | Rake $0
Seat 3: mdevereux (button) (small blind) folded before Flop
Seat 4: AzureCaper (big blind) collected ($2)


PokerStars Hand #150781779012:  Hold'em Limit ($3/$6 USD) - 2016/03/22 19:00:53 ET
Table 'Walpurga' 6-max Seat #4 is the button
Seat 3: mdevereux ($119 in chips)
Seat 4: AzureCaper ($73 in chips)
AzureCaper: posts small blind $1
mdevereux: posts big blind $3
*** HOLE CARDS ***
AzureCaper: folds
Uncalled bet ($2) returned to mdevereux
mdevereux collected $2 from pot
mdevereux: doesn't show hand
*** SUMMARY ***
Total pot $2 | Rake $0
Seat 3: mdevereux (big blind) collected ($2)
Seat 4: AzureCaper (button) (small blind) folded before Flop


PokerStars Hand #150781847179:  Hold'em Limit ($3/$6 USD) - 2016/03/22 19:02:21 ET
Table 'Walpurga' 6-max Seat #3 is the button
Seat 3: mdevereux ($135.28 in chips)
Seat 4: AzureCaper ($72 in chips)
mdevereux: posts small blind $1
AzureCaper: posts big blind $3
*** HOLE CARDS ***
mdevereux: folds
Uncalled bet ($2) returned to AzureCaper
mdevereux leaves the table
AzureCaper collected $2 from pot
AzureCaper: doesn't show hand
*** SUMMARY ***
Total pot $2 | Rake $0
Seat 3: mdevereux (button) (small blind) folded before Flop
Seat 4: AzureCaper (big blind) collected ($2)


PokerStars Hand #150781843424:  Hold'em Limit ($3/$6 USD) - 2016/03/22 19:02:16 ET
Table 'Walpurga' 6-max Seat #4 is the button
Seat 3: mdevereux ($134.28 in chips)
Seat 4: AzureCaper ($73 in chips)
AzureCaper: posts small blind $1
mdevereux: posts big blind $3
*** HOLE CARDS ***
AzureCaper: folds
Uncalled bet ($2) returned to mdevereux
mdevereux collected $2 from pot
*** SUMMARY ***
Total pot $2 | Rake $0
Seat 3: mdevereux (big blind) collected ($2)
Seat 4: AzureCaper (button) (small blind) folded before Flop


PokerStars Hand #150781832069:  Hold'em Limit ($3/$6 USD) - 2016/03/22 19:02:02 ET
Table 'Walpurga' 6-max Seat #4 is the button
Seat 3: mdevereux ($134.28 in chips)
Seat 4: AzureCaper ($72 in chips)
AzureCaper: posts small blind $1
mdevereux: posts big blind $3
*** HOLE CARDS ***
AzureCaper: folds
Uncalled bet ($2) returned to mdevereux
mdevereux collected $2 from pot
*** SUMMARY ***
Total pot $2 | Rake $0
Seat 3: mdevereux (big blind) collected ($2)
Seat 4: AzureCaper (button) (small blind) folded before Flop


PokerStars Hand #150781813026:  Hold'em Limit ($3/$6 USD) - 2016/03/22 19:01:38 ET
Table 'Walpurga' 6-max Seat #3 is the button
Seat 3: mdevereux ($122.76 in chips)
Seat 4: AzureCaper ($72 in chips)
mdevereux: posts small blind $1
AzureCaper: posts big blind $3
*** HOLE CARDS ***
mdevereux: calls $2
AzureCaper: checks
*** FLOP *** [5c 8d Ac]
AzureCaper: checks
mdevereux: bets $3
AzureCaper: calls $3
*** TURN *** [5c 8d Ac] [As]
AzureCaper: checks
mdevereux: bets $6
AzureCaper: calls $6
*** RIVER *** [5c 8d Ac As] [Jc]
AzureCaper: checks
mdevereux: checks
*** SHOW DOWN ***
AzureCaper: shows [7c 5h] (two pair, Aces and Fives)
mdevereux: shows [8h 9d] (two pair, Aces and Eights)
mdevereux collected $23.52 from pot
*** SUMMARY ***
Total pot $24 | Rake $0.48
Board [5c 8d Ac As Jc]
Seat 3: mdevereux (button) (small blind) showed [8h 9d] and won ($23.52) with two pair, Aces and Eights
Seat 4: AzureCaper (big blind) showed [7c 5h] and lost with two pair, Aces and Fives


