PokerStars Hand #147317924887:  Hold'em Limit ($3/$6 USD) - 2016/01/19 12:46:28 ET
Table 'Walpurga II' 6-max Seat #2 is the button
Seat 1: _fayzulllo_ ($53.64 in chips)
Seat 2: SashaYuvelir ($98.50 in chips)
SashaYuvelir: posts small blind $1
_fayzulllo_: posts big blind $3
*** HOLE CARDS ***
SashaYuvelir: folds
Uncalled bet ($2) returned to _fayzulllo_
_fayzulllo_ collected $2 from pot
_fayzulllo_: doesn't show hand
*** SUMMARY ***
Total pot $2 | Rake $0
Seat 1: _fayzulllo_ (big blind) collected ($2)
Seat 2: SashaYuvelir (button) (small blind) folded before Flop


PokerStars Hand #147317905061:  Hold'em Limit ($3/$6 USD) - 2016/01/19 12:46:07 ET
Table 'Walpurga II' 6-max Seat #1 is the button
Seat 1: _fayzulllo_ ($80.64 in chips)
Seat 2: SashaYuvelir ($72 in chips)
_fayzulllo_: posts small blind $1
SashaYuvelir: posts big blind $3
*** HOLE CARDS ***
_fayzulllo_: raises $3 to $6
SashaYuvelir: calls $3
*** FLOP *** [5s Tc Ad]
SashaYuvelir: checks
_fayzulllo_: bets $3
SashaYuvelir: calls $3
*** TURN *** [5s Tc Ad] [7h]
SashaYuvelir: checks
_fayzulllo_: bets $6
SashaYuvelir: raises $6 to $12
_fayzulllo_: calls $6
*** RIVER *** [5s Tc Ad 7h] [3d]
SashaYuvelir: bets $6
_fayzulllo_: calls $6
*** SHOW DOWN ***
SashaYuvelir: shows [Kc Td] (a pair of Tens)
_fayzulllo_: mucks hand
SashaYuvelir collected $53.50 from pot
*** SUMMARY ***
Total pot $54 | Rake $0.50
Board [5s Tc Ad 7h 3d]
Seat 1: _fayzulllo_ (button) (small blind) mucked
Seat 2: SashaYuvelir (big blind) showed [Kc Td] and won ($53.50) with a pair of Tens


PokerStars Hand #147317881383:  Hold'em Limit ($3/$6 USD) - 2016/01/19 12:45:43 ET
Table 'Walpurga II' 6-max Seat #2 is the button
Seat 1: _fayzulllo_ ($72 in chips)
Seat 2: SashaYuvelir ($72 in chips)
SashaYuvelir: posts small blind $1
Karpik09: is sitting out
_fayzulllo_: posts big blind $3
*** HOLE CARDS ***
SashaYuvelir: raises $3 to $6
Karpik09 leaves the table
_fayzulllo_: calls $3
*** FLOP *** [7s Kh 5c]
_fayzulllo_: checks
SashaYuvelir: bets $3
_fayzulllo_: calls $3
*** TURN *** [7s Kh 5c] [9d]
_fayzulllo_: checks
SashaYuvelir: checks
*** RIVER *** [7s Kh 5c 9d] [6d]
_fayzulllo_: bets $6
SashaYuvelir: folds
Uncalled bet ($6) returned to _fayzulllo_
_fayzulllo_ collected $17.64 from pot
_fayzulllo_: doesn't show hand
*** SUMMARY ***
Total pot $18 | Rake $0.36
Board [7s Kh 5c 9d 6d]
Seat 1: _fayzulllo_ (big blind) collected ($17.64)
Seat 2: SashaYuvelir (button) (small blind) folded on the River


PokerStars Hand #147318000957:  Hold'em Limit ($3/$6 USD) - 2016/01/19 12:47:42 ET
Table 'Walpurga II' 6-max Seat #1 is the button
Seat 1: _fayzulllo_ ($113.64 in chips)
Seat 2: SashaYuvelir ($72 in chips)
_fayzulllo_: posts small blind $1
SashaYuvelir: posts big blind $3
*** HOLE CARDS ***
_fayzulllo_: calls $2
SashaYuvelir: checks
*** FLOP *** [Ah Qs Kc]
SashaYuvelir: checks
_fayzulllo_: bets $3
SashaYuvelir: folds
Uncalled bet ($3) returned to _fayzulllo_
_fayzulllo_ collected $5.88 from pot
*** SUMMARY ***
Total pot $6 | Rake $0.12
Board [Ah Qs Kc]
Seat 1: _fayzulllo_ (button) (small blind) collected ($5.88)
Seat 2: SashaYuvelir (big blind) folded on the Flop


PokerStars Hand #147317976697:  Hold'em Limit ($3/$6 USD) - 2016/01/19 12:47:18 ET
Table 'Walpurga II' 6-max Seat #2 is the button
Seat 1: _fayzulllo_ ($87.14 in chips)
Seat 2: SashaYuvelir ($72 in chips)
SashaYuvelir: posts small blind $1
_fayzulllo_: posts big blind $3
*** HOLE CARDS ***
SashaYuvelir: raises $3 to $6
_fayzulllo_: calls $3
*** FLOP *** [Th Qc Ts]
Norbert-04 joins the table at seat #3
_fayzulllo_: checks
SashaYuvelir: bets $3
_fayzulllo_: calls $3
*** TURN *** [Th Qc Ts] [8d]
_fayzulllo_: checks
SashaYuvelir: bets $6
_fayzulllo_: raises $6 to $12
SashaYuvelir: calls $6
*** RIVER *** [Th Qc Ts 8d] [2s]
_fayzulllo_: bets $6
SashaYuvelir: calls $6
*** SHOW DOWN ***
_fayzulllo_: shows [Tc Kd] (three of a kind, Tens)
SashaYuvelir: mucks hand
_fayzulllo_ collected $53.50 from pot
*** SUMMARY ***
Total pot $54 | Rake $0.50
Board [Th Qc Ts 8d 2s]
Seat 1: _fayzulllo_ (big blind) showed [Tc Kd] and won ($53.50) with three of a kind, Tens
Seat 2: SashaYuvelir (button) (small blind) mucked


PokerStars Hand #147317931773:  Hold'em Limit ($3/$6 USD) - 2016/01/19 12:46:34 ET
Table 'Walpurga II' 6-max Seat #1 is the button
Seat 1: _fayzulllo_ ($54.64 in chips)
Seat 2: SashaYuvelir ($97.50 in chips)
_fayzulllo_: posts small blind $1
SashaYuvelir: posts big blind $3
*** HOLE CARDS ***
_fayzulllo_: calls $2
SashaYuvelir: checks
*** FLOP *** [7h Jh 2h]
SashaYuvelir: checks
_fayzulllo_: checks
*** TURN *** [7h Jh 2h] [As]
SashaYuvelir: checks
_fayzulllo_: bets $6
SashaYuvelir: raises $6 to $12
_fayzulllo_: raises $6 to $18
SashaYuvelir: raises $6 to $24
Betting is capped
_fayzulllo_: calls $6
*** RIVER *** [7h Jh 2h As] [Ac]
SashaYuvelir: checks
_fayzulllo_: bets $6
SashaYuvelir: calls $6
*** SHOW DOWN ***
_fayzulllo_: shows [9h 5h] (a flush, Jack high)
SashaYuvelir: mucks hand
_fayzulllo_ collected $65.50 from pot
*** SUMMARY ***
Total pot $66 | Rake $0.50
Board [7h Jh 2h As Ac]
Seat 1: _fayzulllo_ (button) (small blind) showed [9h 5h] and won ($65.50) with a flush, Jack high
Seat 2: SashaYuvelir (big blind) mucked


