PokerStars Hand #170447935275:  Hold'em Limit ($3/$6 USD) - 2017/05/15 8:16:07 ET
Table 'Warck' 6-max Seat #2 is the button
Seat 2: reed 2000 ($41.84 in chips)
Seat 6: carlitostwo ($158.74 in chips)
reed 2000: posts small blind $1
Ale4o: is sitting out
carlitostwo: posts big blind $3
*** HOLE CARDS ***
reed 2000: folds
Uncalled bet ($2) returned to carlitostwo
Plasssstic joins the table at seat #5
carlitostwo collected $2 from pot
carlitostwo: doesn't show hand
*** SUMMARY ***
Total pot $2 | Rake $0
Seat 2: reed 2000 (button) (small blind) folded before Flop
Seat 6: carlitostwo (big blind) collected ($2)


PokerStars Hand #170449084423:  Hold'em Limit ($3/$6 USD) - 2017/05/15 8:55:25 ET
Table 'Warck' 6-max Seat #4 is the button
Seat 1: tilion22 ($63.05 in chips)
Seat 4: Ale4o ($319.64 in chips)
Ale4o: posts small blind $1
tilion22: posts big blind $3
*** HOLE CARDS ***
krossguard joins the table at seat #5
Ale4o: folds
Uncalled bet ($2) returned to tilion22
tilion22 collected $2 from pot
tilion22: doesn't show hand
*** SUMMARY ***
Total pot $2 | Rake $0
Seat 1: tilion22 (big blind) collected ($2)
Seat 4: Ale4o (button) (small blind) folded before Flop


PokerStars Hand #170449091229:  Hold'em Limit ($3/$6 USD) - 2017/05/15 8:55:40 ET
Table 'Warck' 6-max Seat #1 is the button
Seat 1: tilion22 ($64.05 in chips)
Seat 5: krossguard ($120 in chips)
tilion22: posts small blind $1
krossguard: posts big blind $3
*** HOLE CARDS ***
tilion22: raises $3 to $6
Ale4o leaves the table
krossguard: calls $3
*** FLOP *** [6d As Ks]
krossguard: checks
tilion22: bets $3
krossguard: folds
Uncalled bet ($3) returned to tilion22
tilion22 collected $11.76 from pot
tilion22: doesn't show hand
*** SUMMARY ***
Total pot $12 | Rake $0.24
Board [6d As Ks]
Seat 1: tilion22 (button) (small blind) collected ($11.76)
Seat 5: krossguard (big blind) folded on the Flop


PokerStars Hand #170449096718:  Hold'em Limit ($3/$6 USD) - 2017/05/15 8:55:52 ET
Table 'Warck' 6-max Seat #5 is the button
Seat 1: tilion22 ($69.81 in chips)
Seat 5: krossguard ($114 in chips)
krossguard: posts small blind $1
tilion22: posts big blind $3
*** HOLE CARDS ***
krossguard: raises $3 to $6
tilion22: raises $3 to $9
krossguard: calls $3
*** FLOP *** [6h 4s Jd]
tilion22: bets $3
krossguard: calls $3
*** TURN *** [6h 4s Jd] [9d]
tilion22: bets $6
krossguard: folds
Uncalled bet ($6) returned to tilion22
tilion22 collected $23.52 from pot
tilion22: doesn't show hand
*** SUMMARY ***
Total pot $24 | Rake $0.48
Board [6h 4s Jd 9d]
Seat 1: tilion22 (big blind) collected ($23.52)
Seat 5: krossguard (button) (small blind) folded on the Turn


PokerStars Hand #170449110737:  Hold'em Limit ($3/$6 USD) - 2017/05/15 8:56:24 ET
Table 'Warck' 6-max Seat #1 is the button
Seat 1: tilion22 ($81.33 in chips)
Seat 4: krossguard ($120 in chips)
tilion22: posts small blind $1
krossguard: posts big blind $3
*** HOLE CARDS ***
tilion22: raises $3 to $6
krossguard: folds
Uncalled bet ($3) returned to tilion22
tilion22 collected $6 from pot
tilion22: doesn't show hand
*** SUMMARY ***
Total pot $6 | Rake $0
Seat 1: tilion22 (button) (small blind) collected ($6)
Seat 4: krossguard (big blind) folded before Flop


PokerStars Hand #170449113770:  Hold'em Limit ($3/$6 USD) - 2017/05/15 8:56:31 ET
Table 'Warck' 6-max Seat #4 is the button
Seat 1: tilion22 ($84.33 in chips)
Seat 4: krossguard ($117 in chips)
krossguard: posts small blind $1
tilion22: posts big blind $3
*** HOLE CARDS ***
krossguard: raises $3 to $6
tilion22: calls $3
*** FLOP *** [Jh Tc 2h]
tilion22: checks
krossguard: checks
*** TURN *** [Jh Tc 2h] [Qd]
tilion22: checks
krossguard: checks
*** RIVER *** [Jh Tc 2h Qd] [Th]
tilion22: checks
krossguard: checks
*** SHOW DOWN ***
tilion22: shows [3c 7c] (a pair of Tens)
krossguard: shows [7d Ac] (a pair of Tens - Ace kicker)
krossguard collected $11.76 from pot
*** SUMMARY ***
Total pot $12 | Rake $0.24
Board [Jh Tc 2h Qd Th]
Seat 1: tilion22 (big blind) showed [3c 7c] and lost with a pair of Tens
Seat 4: krossguard (button) (small blind) showed [7d Ac] and won ($11.76) with a pair of Tens


