PokerStars Hand #176054131950:  Hold'em Limit ($3/$6 USD) - 2017/09/24 8:04:29 ET
Table 'Warck' 6-max Seat #3 is the button
Seat 3: ouwehaas ($212.92 in chips)
Seat 4: Agrotait ($66 in chips)
ouwehaas: posts small blind $1
Agrotait: posts big blind $3
*** HOLE CARDS ***
ouwehaas: raises $3 to $6
Agrotait: calls $3
*** FLOP *** [3s Qd 4c]
Agrotait: checks
ouwehaas: bets $3
Agrotait: calls $3
*** TURN *** [3s Qd 4c] [Kc]
Agrotait: checks
ouwehaas: checks
*** RIVER *** [3s Qd 4c Kc] [As]
Agrotait: bets $6
ouwehaas: folds
Uncalled bet ($6) returned to Agrotait
Agrotait collected $17.64 from pot
Agrotait: doesn't show hand
*** SUMMARY ***
Total pot $18 | Rake $0.36
Board [3s Qd 4c Kc As]
Seat 3: ouwehaas (button) (small blind) folded on the River
Seat 4: Agrotait (big blind) collected ($17.64)


PokerStars Hand #176054171013:  Hold'em Limit ($3/$6 USD) - 2017/09/24 8:05:49 ET
Table 'Warck' 6-max Seat #4 is the button
Seat 3: ouwehaas ($191.92 in chips)
Seat 4: Agrotait ($86.28 in chips)
Agrotait: posts small blind $1
ouwehaas: posts big blind $3
*** HOLE CARDS ***
Agrotait: folds
Uncalled bet ($2) returned to ouwehaas
ouwehaas collected $2 from pot
ouwehaas: doesn't show hand
*** SUMMARY ***
Total pot $2 | Rake $0
Seat 3: ouwehaas (big blind) collected ($2)
Seat 4: Agrotait (button) (small blind) folded before Flop


PokerStars Hand #176054159875:  Hold'em Limit ($3/$6 USD) - 2017/09/24 8:05:26 ET
Table 'Warck' 6-max Seat #3 is the button
Seat 3: ouwehaas ($200.92 in chips)
Seat 4: Agrotait ($77.64 in chips)
ouwehaas: posts small blind $1
Agrotait: posts big blind $3
*** HOLE CARDS ***
ouwehaas: raises $3 to $6
Agrotait: calls $3
*** FLOP *** [5d 9s 3h]
Agrotait: checks
ouwehaas: bets $3
Agrotait: raises $3 to $6
ouwehaas: folds
Uncalled bet ($3) returned to Agrotait
Agrotait collected $17.64 from pot
Agrotait: doesn't show hand
*** SUMMARY ***
Total pot $18 | Rake $0.36
Board [5d 9s 3h]
Seat 3: ouwehaas (button) (small blind) folded on the Flop
Seat 4: Agrotait (big blind) collected ($17.64)


PokerStars Hand #176054155442:  Hold'em Limit ($3/$6 USD) - 2017/09/24 8:05:17 ET
Table 'Warck' 6-max Seat #4 is the button
Seat 3: ouwehaas ($203.92 in chips)
Seat 4: Agrotait ($74.64 in chips)
Agrotait: posts small blind $1
ouwehaas: posts big blind $3
*** HOLE CARDS ***
Agrotait: raises $3 to $6
ouwehaas: folds
Uncalled bet ($3) returned to Agrotait
Agrotait collected $6 from pot
Agrotait: doesn't show hand
*** SUMMARY ***
Total pot $6 | Rake $0
Seat 3: ouwehaas (big blind) folded before Flop
Seat 4: Agrotait (button) (small blind) collected ($6)


PokerStars Hand #176054186175:  Hold'em Limit ($3/$6 USD) - 2017/09/24 8:06:20 ET
Table 'Warck' 6-max Seat #4 is the button
Seat 3: ouwehaas ($198.68 in chips)
Seat 4: Agrotait ($79.28 in chips)
Agrotait: posts small blind $1
ouwehaas: posts big blind $3
*** HOLE CARDS ***
Agrotait: folds
Uncalled bet ($2) returned to ouwehaas
ouwehaas collected $2 from pot
ouwehaas: doesn't show hand
*** SUMMARY ***
Total pot $2 | Rake $0
Seat 3: ouwehaas (big blind) collected ($2)
Seat 4: Agrotait (button) (small blind) folded before Flop


PokerStars Hand #176054175322:  Hold'em Limit ($3/$6 USD) - 2017/09/24 8:05:57 ET
Table 'Warck' 6-max Seat #3 is the button
Seat 3: ouwehaas ($192.92 in chips)
Seat 4: Agrotait ($85.28 in chips)
ouwehaas: posts small blind $1
Agrotait: posts big blind $3
*** HOLE CARDS ***
ouwehaas: raises $3 to $6
Agrotait: calls $3
*** FLOP *** [Jd 5c 8c]
Agrotait: checks
ouwehaas: bets $3
Agrotait: folds
Uncalled bet ($3) returned to ouwehaas
ouwehaas collected $11.76 from pot
ouwehaas: doesn't show hand
*** SUMMARY ***
Total pot $12 | Rake $0.24
Board [Jd 5c 8c]
Seat 3: ouwehaas (button) (small blind) collected ($11.76)
Seat 4: Agrotait (big blind) folded on the Flop


PokerStars Hand #176054219680:  Hold'em Limit ($3/$6 USD) - 2017/09/24 8:07:27 ET
Table 'Warck' 6-max Seat #3 is the button
Seat 3: ouwehaas ($220.18 in chips)
Seat 4: Agrotait ($57.04 in chips)
ouwehaas: posts small blind $1
Agrotait: posts big blind $3
*** HOLE CARDS ***
ouwehaas: raises $3 to $6
Agrotait: calls $3
*** FLOP *** [Ad Jc Kd]
Agrotait: checks
ouwehaas: checks
*** TURN *** [Ad Jc Kd] [Kc]
Agrotait: checks
ouwehaas: checks
*** RIVER *** [Ad Jc Kd Kc] [9d]
Agrotait: checks
ouwehaas: checks
*** SHOW DOWN ***
Agrotait: shows [9h Qc] (two pair, Kings and Nines)
ouwehaas: mucks hand
Agrotait collected $11.76 from pot
*** SUMMARY ***
Total pot $12 | Rake $0.24
Board [Ad Jc Kd Kc 9d]
Seat 3: ouwehaas (button) (small blind) mucked
Seat 4: Agrotait (big blind) showed [9h Qc] and won ($11.76) with two pair, Kings and Nines


PokerStars Hand #176054210692:  Hold'em Limit ($3/$6 USD) - 2017/09/24 8:07:09 ET
Table 'Warck' 6-max Seat #4 is the button
Seat 3: ouwehaas ($226.18 in chips)
Seat 4: Agrotait ($51.28 in chips)
Agrotait: posts small blind $1
ouwehaas: posts big blind $3
*** HOLE CARDS ***
Agrotait: raises $3 to $6
ouwehaas: calls $3
*** FLOP *** [Qs 3h 7c]
ouwehaas: checks
Agrotait: bets $3
ouwehaas: folds
Uncalled bet ($3) returned to Agrotait
Agrotait collected $11.76 from pot
Agrotait: doesn't show hand
*** SUMMARY ***
Total pot $12 | Rake $0.24
Board [Qs 3h 7c]
Seat 3: ouwehaas (big blind) folded on the Flop
Seat 4: Agrotait (button) (small blind) collected ($11.76)


PokerStars Hand #176054189084:  Hold'em Limit ($3/$6 USD) - 2017/09/24 8:06:25 ET
Table 'Warck' 6-max Seat #3 is the button
Seat 3: ouwehaas ($199.68 in chips)
Seat 4: Agrotait ($78.28 in chips)
ouwehaas: posts small blind $1
Agrotait: posts big blind $3
*** HOLE CARDS ***
ouwehaas: raises $3 to $6
Agrotait: calls $3
*** FLOP *** [3h 4c Kc]
Agrotait: checks
ouwehaas: bets $3
Agrotait: raises $3 to $6
ouwehaas: raises $3 to $9
Agrotait: calls $3
*** TURN *** [3h 4c Kc] [2s]
Agrotait: checks
ouwehaas: bets $6
Agrotait: calls $6
*** RIVER *** [3h 4c Kc 2s] [Qd]
Agrotait: checks
ouwehaas: bets $6
Agrotait: calls $6
*** SHOW DOWN ***
ouwehaas: shows [Ah Ad] (a pair of Aces)
Agrotait: mucks hand
ouwehaas collected $53.50 from pot
*** SUMMARY ***
Total pot $54 | Rake $0.50
Board [3h 4c Kc 2s Qd]
Seat 3: ouwehaas (button) (small blind) showed [Ah Ad] and won ($53.50) with a pair of Aces
Seat 4: Agrotait (big blind) mucked


PokerStars Hand #176054234962:  Hold'em Limit ($3/$6 USD) - 2017/09/24 8:07:58 ET
Table 'Warck' 6-max Seat #4 is the button
Seat 3: ouwehaas ($214.18 in chips)
Seat 4: Agrotait ($62.80 in chips)
Agrotait: posts small blind $1
ouwehaas: posts big blind $3
*** HOLE CARDS ***
Agrotait: raises $3 to $6
ouwehaas: calls $3
*** FLOP *** [Ac 9s 7c]
ouwehaas: checks
Agrotait: checks
*** TURN *** [Ac 9s 7c] [6c]
ouwehaas: bets $6
Agrotait: calls $6
*** RIVER *** [Ac 9s 7c 6c] [Tc]
ouwehaas: bets $6
Agrotait: folds
Uncalled bet ($6) returned to ouwehaas
ouwehaas collected $23.52 from pot
ouwehaas: doesn't show hand
*** SUMMARY ***
Total pot $24 | Rake $0.48
Board [Ac 9s 7c 6c Tc]
Seat 3: ouwehaas (big blind) collected ($23.52)
Seat 4: Agrotait (button) (small blind) folded on the River


PokerStars Hand #176054247416:  Hold'em Limit ($3/$6 USD) - 2017/09/24 8:08:24 ET
Table 'Warck' 6-max Seat #3 is the button
Seat 3: ouwehaas ($225.70 in chips)
Seat 4: Agrotait ($50.80 in chips)
ouwehaas: posts small blind $1
Agrotait: posts big blind $3
*** HOLE CARDS ***
ouwehaas: raises $3 to $6
Agrotait: calls $3
*** FLOP *** [7c 5d Ad]
Agrotait: checks
ouwehaas: checks
*** TURN *** [7c 5d Ad] [6d]
Agrotait: checks
ouwehaas: bets $6
Agrotait: folds
Uncalled bet ($6) returned to ouwehaas
ouwehaas collected $11.76 from pot
ouwehaas: doesn't show hand
*** SUMMARY ***
Total pot $12 | Rake $0.24
Board [7c 5d Ad 6d]
Seat 3: ouwehaas (button) (small blind) collected ($11.76)
Seat 4: Agrotait (big blind) folded on the Turn


PokerStars Hand #176054280742:  Hold'em Limit ($3/$6 USD) - 2017/09/24 8:09:31 ET
Table 'Warck' 6-max Seat #4 is the button
Seat 3: ouwehaas ($231.46 in chips)
Seat 4: Agrotait ($44.80 in chips)
Agrotait: posts small blind $1
ouwehaas: posts big blind $3
*** HOLE CARDS ***
Agrotait: raises $3 to $6
ouwehaas: folds
Uncalled bet ($3) returned to Agrotait
Agrotait collected $6 from pot
Agrotait: doesn't show hand
*** SUMMARY ***
Total pot $6 | Rake $0
Seat 3: ouwehaas (big blind) folded before Flop
Seat 4: Agrotait (button) (small blind) collected ($6)


PokerStars Hand #176054278473:  Hold'em Limit ($3/$6 USD) - 2017/09/24 8:09:27 ET
Table 'Warck' 6-max Seat #3 is the button
Seat 3: ouwehaas ($232.46 in chips)
Seat 4: Agrotait ($43.80 in chips)
ouwehaas: posts small blind $1
Agrotait: posts big blind $3
*** HOLE CARDS ***
ouwehaas: folds
Uncalled bet ($2) returned to Agrotait
Agrotait collected $2 from pot
Agrotait: doesn't show hand
*** SUMMARY ***
Total pot $2 | Rake $0
Seat 3: ouwehaas (button) (small blind) folded before Flop
Seat 4: Agrotait (big blind) collected ($2)


PokerStars Hand #176054270376:  Hold'em Limit ($3/$6 USD) - 2017/09/24 8:09:10 ET
Table 'Warck' 6-max Seat #4 is the button
Seat 3: ouwehaas ($231.46 in chips)
Seat 4: Agrotait ($44.80 in chips)
Agrotait: posts small blind $1
ouwehaas: posts big blind $3
*** HOLE CARDS ***
Agrotait: folds
Uncalled bet ($2) returned to ouwehaas
ouwehaas collected $2 from pot
ouwehaas: doesn't show hand
*** SUMMARY ***
Total pot $2 | Rake $0
Seat 3: ouwehaas (big blind) collected ($2)
Seat 4: Agrotait (button) (small blind) folded before Flop


PokerStars Hand #176054316448:  Hold'em Limit ($3/$6 USD) - 2017/09/24 8:10:43 ET
Table 'Warck' 6-max Seat #3 is the button
Seat 3: ouwehaas ($231.10 in chips)
Seat 4: Agrotait ($44.56 in chips)
ouwehaas: posts small blind $1
Agrotait: posts big blind $3
*** HOLE CARDS ***
ouwehaas: folds
Uncalled bet ($2) returned to Agrotait
Agrotait collected $2 from pot
Agrotait: doesn't show hand
*** SUMMARY ***
Total pot $2 | Rake $0
Seat 3: ouwehaas (button) (small blind) folded before Flop
Seat 4: Agrotait (big blind) collected ($2)


PokerStars Hand #176054302551:  Hold'em Limit ($3/$6 USD) - 2017/09/24 8:10:16 ET
Table 'Warck' 6-max Seat #4 is the button
Seat 3: ouwehaas ($222.46 in chips)
Seat 4: Agrotait ($53.56 in chips)
Agrotait: posts small blind $1
ouwehaas: posts big blind $3
*** HOLE CARDS ***
Agrotait: raises $3 to $6
ouwehaas: raises $3 to $9
Agrotait: calls $3
*** FLOP *** [Jc 8d Kc]
ouwehaas: bets $3
Agrotait: folds
Uncalled bet ($3) returned to ouwehaas
ouwehaas collected $17.64 from pot
ouwehaas: doesn't show hand
*** SUMMARY ***
Total pot $18 | Rake $0.36
Board [Jc 8d Kc]
Seat 3: ouwehaas (big blind) collected ($17.64)
Seat 4: Agrotait (button) (small blind) folded on the Flop


PokerStars Hand #176054318856:  Hold'em Limit ($3/$6 USD) - 2017/09/24 8:10:48 ET
Table 'Warck' 6-max Seat #4 is the button
Seat 3: ouwehaas ($230.10 in chips)
Seat 4: Agrotait ($45.56 in chips)
Agrotait: posts small blind $1
ouwehaas: posts big blind $3
*** HOLE CARDS ***
Agrotait: raises $3 to $6
ouwehaas: raises $3 to $9
Agrotait: calls $3
*** FLOP *** [Qh Js 5c]
ouwehaas: bets $3
Agrotait: raises $3 to $6
ouwehaas: folds
Uncalled bet ($3) returned to Agrotait
Agrotait collected $23.52 from pot
Agrotait: doesn't show hand
*** SUMMARY ***
Total pot $24 | Rake $0.48
Board [Qh Js 5c]
Seat 3: ouwehaas (big blind) folded on the Flop
Seat 4: Agrotait (button) (small blind) collected ($23.52)


PokerStars Hand #176054284703:  Hold'em Limit ($3/$6 USD) - 2017/09/24 8:09:39 ET
Table 'Warck' 6-max Seat #3 is the button
Seat 3: ouwehaas ($228.46 in chips)
Seat 4: Agrotait ($47.80 in chips)
ouwehaas: posts small blind $1
Agrotait: posts big blind $3
*** HOLE CARDS ***
ouwehaas: raises $3 to $6
Agrotait: calls $3
*** FLOP *** [2c 4h Kc]
Agrotait: checks
ouwehaas: checks
*** TURN *** [2c 4h Kc] [2d]
Agrotait: bets $6
ouwehaas: folds
Uncalled bet ($6) returned to Agrotait
Agrotait collected $11.76 from pot
Agrotait: doesn't show hand
*** SUMMARY ***
Total pot $12 | Rake $0.24
Board [2c 4h Kc 2d]
Seat 3: ouwehaas (button) (small blind) folded on the Turn
Seat 4: Agrotait (big blind) collected ($11.76)


PokerStars Hand #176054330592:  Hold'em Limit ($3/$6 USD) - 2017/09/24 8:11:12 ET
Table 'Warck' 6-max Seat #4 is the button
Seat 3: ouwehaas ($217.10 in chips)
Seat 4: Agrotait ($58.08 in chips)
Agrotait: posts small blind $1
ouwehaas: posts big blind $3
*** HOLE CARDS ***
Agrotait: raises $3 to $6
ouwehaas: raises $3 to $9
Agrotait: calls $3
*** FLOP *** [3h 2d 3s]
ouwehaas: bets $3
Agrotait: raises $3 to $6
ouwehaas: calls $3
*** TURN *** [3h 2d 3s] [Qh]
ouwehaas: bets $6
Agrotait: raises $6 to $12
ouwehaas: calls $6
*** RIVER *** [3h 2d 3s Qh] [Js]
ouwehaas: bets $6
Agrotait: folds
Uncalled bet ($6) returned to ouwehaas
ouwehaas collected $53.50 from pot
ouwehaas: doesn't show hand
*** SUMMARY ***
Total pot $54 | Rake $0.50
Board [3h 2d 3s Qh Js]
Seat 3: ouwehaas (big blind) collected ($53.50)
Seat 4: Agrotait (button) (small blind) folded on the River


PokerStars Hand #176054328276:  Hold'em Limit ($3/$6 USD) - 2017/09/24 8:11:07 ET
Table 'Warck' 6-max Seat #3 is the button
Seat 3: ouwehaas ($218.10 in chips)
Seat 4: Agrotait ($57.08 in chips)
ouwehaas: posts small blind $1
Agrotait: posts big blind $3
*** HOLE CARDS ***
ouwehaas: folds
Uncalled bet ($2) returned to Agrotait
Agrotait collected $2 from pot
Agrotait: doesn't show hand
*** SUMMARY ***
Total pot $2 | Rake $0
Seat 3: ouwehaas (button) (small blind) folded before Flop
Seat 4: Agrotait (big blind) collected ($2)


