PokerStars Hand #164660709152:  Hold'em Limit ($3/$6 USD) - 2017/01/16 6:08:42 ET
Table 'Warck' 6-max Seat #3 is the button
Seat 3: ragz2riche5 ($234.04 in chips)
Seat 5: sim5sim5 ($72 in chips)
ragz2riche5: posts small blind $1
sim5sim5: posts big blind $3
*** HOLE CARDS ***
ragz2riche5: folds
Uncalled bet ($2) returned to sim5sim5
TbIP-TbIP 88 leaves the table
sim5sim5 collected $2 from pot
*** SUMMARY ***
Total pot $2 | Rake $0
Seat 3: ragz2riche5 (button) (small blind) folded before Flop
Seat 5: sim5sim5 (big blind) collected ($2)


PokerStars Hand #164664475572:  Hold'em Limit ($3/$6 USD) - 2017/01/16 8:14:30 ET
Table 'Warck' 6-max Seat #4 is the button
Seat 3: Keefbot ($67.88 in chips)
Seat 4: Agrotait ($151.09 in chips)
Agrotait: posts small blind $1
Keefbot: posts big blind $3
*** HOLE CARDS ***
Agrotait: raises $3 to $6
Keefbot: folds
Uncalled bet ($3) returned to Agrotait
Agrotait collected $6 from pot
Agrotait: doesn't show hand
*** SUMMARY ***
Total pot $6 | Rake $0
Seat 3: Keefbot (big blind) folded before Flop
Seat 4: Agrotait (button) (small blind) collected ($6)


