PokerStars Hand #148921672756:  Hold'em Limit ($3/$6 USD) - 2016/02/16 16:25:15 ET
Table 'Warck II' 6-max Seat #3 is the button
Seat 3: knysi ($49.82 in chips)
Seat 4: Mordnilap ($72 in chips)
knysi: posts small blind $1
Mordnilap: posts big blind $3
*** HOLE CARDS ***
knysi: calls $2
Mordnilap: checks
*** FLOP *** [7c Qc Qd]
Mordnilap: checks
knysi: bets $3
Mordnilap: raises $3 to $6
knysi: calls $3
*** TURN *** [7c Qc Qd] [Kc]
Mordnilap: bets $6
knysi: calls $6
*** RIVER *** [7c Qc Qd Kc] [7d]
Mordnilap: bets $6
knysi: calls $6
*** SHOW DOWN ***
Mordnilap: shows [Qh 8d] (a full house, Queens full of Sevens)
knysi: mucks hand
Mordnilap collected $41.50 from pot
*** SUMMARY ***
Total pot $42 | Rake $0.50
Board [7c Qc Qd Kc 7d]
Seat 3: knysi (button) (small blind) mucked
Seat 4: Mordnilap (big blind) showed [Qh 8d] and won ($41.50) with a full house, Queens full of Sevens


PokerStars Hand #148921702761:  Hold'em Limit ($3/$6 USD) - 2016/02/16 16:25:45 ET
Table 'Warck II' 6-max Seat #4 is the button
Seat 3: knysi ($28.82 in chips)
Seat 4: Mordnilap ($92.50 in chips)
Mordnilap: posts small blind $1
knysi: posts big blind $3
*** HOLE CARDS ***
Mordnilap: raises $3 to $6
knysi: calls $3
*** FLOP *** [Ts 9c 7c]
knysi: checks
Mordnilap: bets $3
knysi: folds
Uncalled bet ($3) returned to Mordnilap
Mordnilap collected $11.76 from pot
Mordnilap: doesn't show hand
*** SUMMARY ***
Total pot $12 | Rake $0.24
Board [Ts 9c 7c]
Seat 3: knysi (big blind) folded on the Flop
Seat 4: Mordnilap (button) (small blind) collected ($11.76)


PokerStars Hand #148921712832:  Hold'em Limit ($3/$6 USD) - 2016/02/16 16:25:55 ET
Table 'Warck II' 6-max Seat #3 is the button
Seat 3: knysi ($22.82 in chips)
Seat 4: Mordnilap ($98.26 in chips)
knysi: posts small blind $1
Mordnilap: posts big blind $3
*** HOLE CARDS ***
knysi: raises $3 to $6
Mordnilap: calls $3
*** FLOP *** [5d Kc 4c]
Mordnilap: checks
knysi: bets $3
Mordnilap: folds
Uncalled bet ($3) returned to knysi
knysi collected $11.76 from pot
knysi: doesn't show hand
*** SUMMARY ***
Total pot $12 | Rake $0.24
Board [5d Kc 4c]
Seat 3: knysi (button) (small blind) collected ($11.76)
Seat 4: Mordnilap (big blind) folded on the Flop


PokerStars Hand #148921725798:  Hold'em Limit ($3/$6 USD) - 2016/02/16 16:26:08 ET
Table 'Warck II' 6-max Seat #4 is the button
Seat 3: knysi ($28.58 in chips)
Seat 4: Mordnilap ($92.26 in chips)
Mordnilap: posts small blind $1
knysi: posts big blind $3
*** HOLE CARDS ***
Mordnilap: raises $3 to $6
knysi: folds
Uncalled bet ($3) returned to Mordnilap
Mordnilap collected $6 from pot
Mordnilap: doesn't show hand
*** SUMMARY ***
Total pot $6 | Rake $0
Seat 3: knysi (big blind) folded before Flop
Seat 4: Mordnilap (button) (small blind) collected ($6)


PokerStars Hand #148921732227:  Hold'em Limit ($3/$6 USD) - 2016/02/16 16:26:14 ET
Table 'Warck II' 6-max Seat #3 is the button
Seat 3: knysi ($25.58 in chips)
Seat 4: Mordnilap ($95.26 in chips)
knysi: posts small blind $1
Mordnilap: posts big blind $3
*** HOLE CARDS ***
knysi: raises $3 to $6
Mordnilap: calls $3
*** FLOP *** [8h 5h 3c]
Mordnilap: checks
B_loJkl joins the table at seat #5
knysi: bets $3
Mordnilap: calls $3
*** TURN *** [8h 5h 3c] [2s]
Mordnilap: checks
knysi: bets $6
Mordnilap: folds
Uncalled bet ($6) returned to knysi
knysi collected $17.64 from pot
knysi: doesn't show hand
*** SUMMARY ***
Total pot $18 | Rake $0.36
Board [8h 5h 3c 2s]
Seat 3: knysi (button) (small blind) collected ($17.64)
Seat 4: Mordnilap (big blind) folded on the Turn


PokerStars Hand #148922789036:  Hold'em Limit ($3/$6 USD) - 2016/02/16 16:44:19 ET
Table 'Warck II' 6-max Seat #1 is the button
Seat 1: killerfurbel ($268.43 in chips)
Seat 5: B_loJkl ($218.93 in chips)
killerfurbel: posts small blind $1
B_loJkl: posts big blind $3
*** HOLE CARDS ***
killerfurbel: raises $3 to $6
B_loJkl: calls $3
*** FLOP *** [6d 4c Ks]
B_loJkl: checks
killerfurbel: bets $3
CZokl44 joins the table at seat #6
B_loJkl: calls $3
*** TURN *** [6d 4c Ks] [Jc]
B_loJkl: checks
killerfurbel: checks
*** RIVER *** [6d 4c Ks Jc] [9d]
B_loJkl: bets $6
killerfurbel: folds
Uncalled bet ($6) returned to B_loJkl
B_loJkl collected $17.64 from pot
B_loJkl: doesn't show hand
*** SUMMARY ***
Total pot $18 | Rake $0.36
Board [6d 4c Ks Jc 9d]
Seat 1: killerfurbel (button) (small blind) folded on the River
Seat 5: B_loJkl (big blind) collected ($17.64)


PokerStars Hand #148922783038:  Hold'em Limit ($3/$6 USD) - 2016/02/16 16:44:13 ET
Table 'Warck II' 6-max Seat #5 is the button
Seat 1: killerfurbel ($267.43 in chips)
Seat 5: B_loJkl ($219.93 in chips)
B_loJkl: posts small blind $1
EZB2002 leaves the table
wobetting: is sitting out
killerfurbel: posts big blind $3
*** HOLE CARDS ***
wobetting leaves the table
B_loJkl: folds
Uncalled bet ($2) returned to killerfurbel
killerfurbel collected $2 from pot
killerfurbel: doesn't show hand
*** SUMMARY ***
Total pot $2 | Rake $0
Seat 1: killerfurbel (big blind) collected ($2)
Seat 5: B_loJkl (button) (small blind) folded before Flop


PokerStars Hand #148922875027:  Hold'em Limit ($3/$6 USD) - 2016/02/16 16:45:46 ET
Table 'Warck II' 6-max Seat #6 is the button
Seat 1: killerfurbel ($246.71 in chips)
Seat 6: CZokl44 ($57.48 in chips)
CZokl44: posts small blind $1
killerfurbel: posts big blind $3
*** HOLE CARDS ***
CZokl44: calls $2
killerfurbel: checks
*** FLOP *** [4h 4s 2h]
killerfurbel: checks
CZokl44: bets $3
killerfurbel: calls $3
*** TURN *** [4h 4s 2h] [3h]
killerfurbel: checks
CZokl44: bets $6
killerfurbel: folds
Uncalled bet ($6) returned to CZokl44
CZokl44 collected $11.76 from pot
CZokl44: doesn't show hand
*** SUMMARY ***
Total pot $12 | Rake $0.24
Board [4h 4s 2h 3h]
Seat 1: killerfurbel (big blind) folded on the Turn
Seat 6: CZokl44 (button) (small blind) collected ($11.76)


PokerStars Hand #148922850669:  Hold'em Limit ($3/$6 USD) - 2016/02/16 16:45:21 ET
Table 'Warck II' 6-max Seat #1 is the button
Seat 1: killerfurbel ($273.71 in chips)
Seat 6: CZokl44 ($30.98 in chips)
killerfurbel: posts small blind $1
Nattokinasc was removed from the table for failing to post
Mordnilap was removed from the table for failing to post
B_loJkl: is sitting out
CZokl44: posts big blind $3
*** HOLE CARDS ***
killerfurbel: raises $3 to $6
CZokl44: calls $3
*** FLOP *** [8h Ah 4c]
CZokl44: checks
killerfurbel: bets $3
CZokl44: calls $3
*** TURN *** [8h Ah 4c] [9s]
CZokl44: checks
killerfurbel: bets $6
CZokl44: raises $6 to $12
killerfurbel: calls $6
*** RIVER *** [8h Ah 4c 9s] [5c]
CZokl44: bets $6
killerfurbel: calls $6
*** SHOW DOWN ***
CZokl44: shows [Ac 7h] (a pair of Aces)
killerfurbel: mucks hand
CZokl44 collected $53.50 from pot
*** SUMMARY ***
Total pot $54 | Rake $0.50
Board [8h Ah 4c 9s 5c]
Seat 1: killerfurbel (button) (small blind) mucked
Seat 6: CZokl44 (big blind) showed [Ac 7h] and won ($53.50) with a pair of Aces


