PokerStars Hand #152568155147:  Hold'em Limit ($3/$6 USD) - 2016/04/28 12:50:09 ET
Table 'Warck' 6-max Seat #3 is the button
Seat 1: Zubasa07 ($499 in chips)
Seat 3: winer103 ($67.38 in chips)
winer103: posts small blind $1
Zubasa07: posts big blind $3
*** HOLE CARDS ***
winer103: raises $3 to $6
Zubasa07: calls $3
*** FLOP *** [Kc 2h Th]
Zubasa07: checks
winer103: bets $3
Zubasa07: calls $3
*** TURN *** [Kc 2h Th] [2c]
Zubasa07: checks
winer103: bets $6
Zubasa07: folds
Uncalled bet ($6) returned to winer103
winer103 collected $17.64 from pot
winer103: doesn't show hand
*** SUMMARY ***
Total pot $18 | Rake $0.36
Board [Kc 2h Th 2c]
Seat 1: Zubasa07 (big blind) folded on the Turn
Seat 3: winer103 (button) (small blind) collected ($17.64)


PokerStars Hand #152568192162:  Hold'em Limit ($3/$6 USD) - 2016/04/28 12:50:55 ET
Table 'Warck' 6-max Seat #1 is the button
Seat 1: Zubasa07 ($490 in chips)
Seat 3: winer103 ($76.02 in chips)
Zubasa07: posts small blind $1
winer103: posts big blind $3
*** HOLE CARDS ***
Zubasa07: raises $3 to $6
winer103: folds
Uncalled bet ($3) returned to Zubasa07
Zubasa07 collected $6 from pot
Zubasa07: doesn't show hand
*** SUMMARY ***
Total pot $6 | Rake $0
Seat 1: Zubasa07 (button) (small blind) collected ($6)
Seat 3: winer103 (big blind) folded before Flop


PokerStars Hand #152568201226:  Hold'em Limit ($3/$6 USD) - 2016/04/28 12:51:07 ET
Table 'Warck' 6-max Seat #3 is the button
Seat 1: Zubasa07 ($493 in chips)
Seat 3: winer103 ($73.02 in chips)
winer103: posts small blind $1
Zubasa07: posts big blind $3
*** HOLE CARDS ***
winer103: folds
Uncalled bet ($2) returned to Zubasa07
Zubasa07 collected $2 from pot
Zubasa07: doesn't show hand
*** SUMMARY ***
Total pot $2 | Rake $0
Seat 1: Zubasa07 (big blind) collected ($2)
Seat 3: winer103 (button) (small blind) folded before Flop


PokerStars Hand #152568206382:  Hold'em Limit ($3/$6 USD) - 2016/04/28 12:51:13 ET
Table 'Warck' 6-max Seat #1 is the button
Seat 1: Zubasa07 ($494 in chips)
Seat 3: winer103 ($72.02 in chips)
Zubasa07: posts small blind $1
winer103: posts big blind $3
*** HOLE CARDS ***
Zubasa07: raises $3 to $6
winer103: calls $3
*** FLOP *** [Qs 7d Js]
winer103: bets $3
Zubasa07: calls $3
*** TURN *** [Qs 7d Js] [2c]
winer103: bets $6
Zubasa07: calls $6
*** RIVER *** [Qs 7d Js 2c] [9c]
winer103: checks
Zubasa07: bets $6
winer103: calls $6
*** SHOW DOWN ***
Zubasa07: shows [Ts Kh] (a straight, Nine to King)
winer103: mucks hand
Zubasa07 collected $41.50 from pot
*** SUMMARY ***
Total pot $42 | Rake $0.50
Board [Qs 7d Js 2c 9c]
Seat 1: Zubasa07 (button) (small blind) showed [Ts Kh] and won ($41.50) with a straight, Nine to King
Seat 3: winer103 (big blind) mucked


PokerStars Hand #152568240077:  Hold'em Limit ($3/$6 USD) - 2016/04/28 12:51:56 ET
Table 'Warck' 6-max Seat #3 is the button
Seat 1: Zubasa07 ($514.50 in chips)
Seat 3: winer103 ($51.02 in chips)
winer103: posts small blind $1
Zubasa07: posts big blind $3
*** HOLE CARDS ***
winer103: folds
Uncalled bet ($2) returned to Zubasa07
Zubasa07 collected $2 from pot
Zubasa07: doesn't show hand
*** SUMMARY ***
Total pot $2 | Rake $0
Seat 1: Zubasa07 (big blind) collected ($2)
Seat 3: winer103 (button) (small blind) folded before Flop


PokerStars Hand #152568247626:  Hold'em Limit ($3/$6 USD) - 2016/04/28 12:52:05 ET
Table 'Warck' 6-max Seat #1 is the button
Seat 1: Zubasa07 ($515.50 in chips)
Seat 3: winer103 ($50.02 in chips)
Zubasa07: posts small blind $1
manisped joins the table at seat #6
winer103: posts big blind $3
*** HOLE CARDS ***
Zubasa07: folds
Uncalled bet ($2) returned to winer103
winer103 collected $2 from pot
winer103: doesn't show hand
*** SUMMARY ***
Total pot $2 | Rake $0
Seat 1: Zubasa07 (button) (small blind) folded before Flop
Seat 3: winer103 (big blind) collected ($2)


PokerStars Hand #152577275319:  Hold'em Limit ($3/$6 USD) - 2016/04/28 15:48:33 ET
Table 'Warck' 6-max Seat #5 is the button
Seat 4: storpecka ($133.52 in chips)
Seat 5: Chessnok ($303.94 in chips)
Chessnok: posts small blind $1
storpecka: posts big blind $3
*** HOLE CARDS ***
Chessnok: raises $3 to $6
storpecka: calls $3
*** FLOP *** [8s 2h Ah]
hubschi joins the table at seat #6
storpecka: checks
Chessnok: bets $3
storpecka: folds
Uncalled bet ($3) returned to Chessnok
Chessnok collected $11.76 from pot
Chessnok: doesn't show hand
ValeryRon joins the table at seat #1
*** SUMMARY ***
Total pot $12 | Rake $0.24
Board [8s 2h Ah]
Seat 4: storpecka (big blind) folded on the Flop
Seat 5: Chessnok (button) (small blind) collected ($11.76)


PokerStars Hand #152577302640:  Hold'em Limit ($3/$6 USD) - 2016/04/28 15:49:03 ET
Table 'Warck' 6-max Seat #4 is the button
Seat 4: storpecka ($127.52 in chips)
Seat 5: Chessnok ($309.70 in chips)
storpecka: posts small blind $1
Chessnok: posts big blind $3
*** HOLE CARDS ***
storpecka: raises $3 to $6
Chessnok: folds
Uncalled bet ($3) returned to storpecka
storpecka collected $6 from pot
storpecka: doesn't show hand
*** SUMMARY ***
Total pot $6 | Rake $0
Seat 4: storpecka (button) (small blind) collected ($6)
Seat 5: Chessnok (big blind) folded before Flop


PokerStars Hand #152577270386:  Hold'em Limit ($3/$6 USD) - 2016/04/28 15:48:28 ET
Table 'Warck' 6-max Seat #4 is the button
Seat 4: storpecka ($134.52 in chips)
Seat 5: Chessnok ($302.94 in chips)
storpecka: posts small blind $1
Makomar leaves the table
Chessnok: posts big blind $3
*** HOLE CARDS ***
storpecka: folds
Uncalled bet ($2) returned to Chessnok
Chessnok collected $2 from pot
Chessnok: doesn't show hand
*** SUMMARY ***
Total pot $2 | Rake $0
Seat 4: storpecka (button) (small blind) folded before Flop
Seat 5: Chessnok (big blind) collected ($2)


PokerStars Hand #152577263887:  Hold'em Limit ($3/$6 USD) - 2016/04/28 15:48:21 ET
Table 'Warck' 6-max Seat #5 is the button
Seat 4: storpecka ($137.52 in chips)
Seat 5: Chessnok ($299.94 in chips)
Chessnok: posts small blind $1
Makomar: is sitting out
storpecka: posts big blind $3
*** HOLE CARDS ***
Chessnok: raises $3 to $6
storpecka: folds
Uncalled bet ($3) returned to Chessnok
Chessnok collected $6 from pot
Chessnok: doesn't show hand
*** SUMMARY ***
Total pot $6 | Rake $0
Seat 4: storpecka (big blind) folded before Flop
Seat 5: Chessnok (button) (small blind) collected ($6)


PokerStars Hand #152577393912:  Hold'em Limit ($3/$6 USD) - 2016/04/28 15:50:41 ET
Table 'Warck' 6-max Seat #6 is the button
Seat 5: Chessnok ($291.13 in chips)
Seat 6: hubschi ($137.06 in chips)
hubschi: posts small blind $1
ValeryRon: is sitting out
Chessnok: posts big blind $3
*** HOLE CARDS ***
hubschi: calls $2
Chessnok: raises $3 to $6
hubschi: calls $3
*** FLOP *** [Js 4h 7d]
Chessnok: bets $3
hubschi: calls $3
*** TURN *** [Js 4h 7d] [9c]
ValeryRon leaves the table
Chessnok: bets $6
hubschi: calls $6
*** RIVER *** [Js 4h 7d 9c] [5d]
Chessnok: checks
hubschi: checks
*** SHOW DOWN ***
Chessnok: shows [As Qs] (high card Ace)
hubschi: shows [7s 3s] (a pair of Sevens)
hubschi collected $29.50 from pot
*** SUMMARY ***
Total pot $30 | Rake $0.50
Board [Js 4h 7d 9c 5d]
Seat 5: Chessnok (big blind) showed [As Qs] and lost with high card Ace
Seat 6: hubschi (button) (small blind) showed [7s 3s] and won ($29.50) with a pair of Sevens


PokerStars Hand #152577456299:  Hold'em Limit ($3/$6 USD) - 2016/04/28 15:51:49 ET
Table 'Warck' 6-max Seat #5 is the button
Seat 5: Chessnok ($288.63 in chips)
Seat 6: hubschi ($138.32 in chips)
Chessnok: posts small blind $1
hubschi: posts big blind $3
*** HOLE CARDS ***
Chessnok: raises $3 to $6
hubschi: folds
Uncalled bet ($3) returned to Chessnok
Chessnok collected $6 from pot
Chessnok: doesn't show hand
*** SUMMARY ***
Total pot $6 | Rake $0
Seat 5: Chessnok (button) (small blind) collected ($6)
Seat 6: hubschi (big blind) folded before Flop


PokerStars Hand #152577447379:  Hold'em Limit ($3/$6 USD) - 2016/04/28 15:51:39 ET
Table 'Warck' 6-max Seat #6 is the button
Seat 5: Chessnok ($294.63 in chips)
Seat 6: hubschi ($132.56 in chips)
hubschi: posts small blind $1
Chessnok: posts big blind $3
*** HOLE CARDS ***
hubschi: raises $3 to $6
Chessnok: calls $3
*** FLOP *** [Jh Ad 5c]
Chessnok: checks
hubschi: bets $3
Chessnok: folds
Uncalled bet ($3) returned to hubschi
hubschi collected $11.76 from pot
hubschi: doesn't show hand
*** SUMMARY ***
Total pot $12 | Rake $0.24
Board [Jh Ad 5c]
Seat 5: Chessnok (big blind) folded on the Flop
Seat 6: hubschi (button) (small blind) collected ($11.76)


PokerStars Hand #152577412172:  Hold'em Limit ($3/$6 USD) - 2016/04/28 15:51:01 ET
Table 'Warck' 6-max Seat #5 is the button
Seat 5: Chessnok ($276.13 in chips)
Seat 6: hubschi ($151.56 in chips)
Chessnok: posts small blind $1
hubschi: posts big blind $3
*** HOLE CARDS ***
Chessnok: raises $3 to $6
hubschi: calls $3
*** FLOP *** [4h 9s Jh]
hubschi: checks
Chessnok: bets $3
hubschi: calls $3
*** TURN *** [4h 9s Jh] [Qs]
hubschi: checks
Chessnok: bets $6
hubschi: calls $6
*** RIVER *** [4h 9s Jh Qs] [6c]
hubschi: checks
Chessnok: bets $6
hubschi: folds
Uncalled bet ($6) returned to Chessnok
Chessnok collected $29.50 from pot
Chessnok: doesn't show hand
*** SUMMARY ***
Total pot $30 | Rake $0.50
Board [4h 9s Jh Qs 6c]
Seat 5: Chessnok (button) (small blind) collected ($29.50)
Seat 6: hubschi (big blind) folded on the River


PokerStars Hand #152577439564:  Hold'em Limit ($3/$6 USD) - 2016/04/28 15:51:30 ET
Table 'Warck' 6-max Seat #5 is the button
Seat 5: Chessnok ($291.63 in chips)
Seat 6: hubschi ($135.56 in chips)
Chessnok: posts small blind $1
hubschi: posts big blind $3
*** HOLE CARDS ***
Chessnok: raises $3 to $6
hubschi: folds
Uncalled bet ($3) returned to Chessnok
Chessnok collected $6 from pot
Chessnok: doesn't show hand
*** SUMMARY ***
Total pot $6 | Rake $0
Seat 5: Chessnok (button) (small blind) collected ($6)
Seat 6: hubschi (big blind) folded before Flop


PokerStars Hand #152577434742:  Hold'em Limit ($3/$6 USD) - 2016/04/28 15:51:25 ET
Table 'Warck' 6-max Seat #6 is the button
Seat 5: Chessnok ($290.63 in chips)
Seat 6: hubschi ($136.56 in chips)
hubschi: posts small blind $1
Chessnok: posts big blind $3
*** HOLE CARDS ***
hubschi: folds
Uncalled bet ($2) returned to Chessnok
Chessnok collected $2 from pot
Chessnok: doesn't show hand
*** SUMMARY ***
Total pot $2 | Rake $0
Seat 5: Chessnok (big blind) collected ($2)
Seat 6: hubschi (button) (small blind) folded before Flop


PokerStars Hand #152577499645:  Hold'em Limit ($3/$6 USD) - 2016/04/28 15:52:36 ET
Table 'Warck' 6-max Seat #1 is the button
Seat 1: ValeryRon ($108 in chips)
Seat 6: hubschi ($149.82 in chips)
ValeryRon: posts small blind $1
hubschi: posts big blind $3
*** HOLE CARDS ***
bentinck113 joins the table at seat #4
ValeryRon: raises $3 to $6
hubschi: calls $3
*** FLOP *** [Js 3h 5h]
hubschi: checks
ValeryRon: bets $3
hubschi: calls $3
*** TURN *** [Js 3h 5h] [2d]
hubschi: checks
ValeryRon: checks
*** RIVER *** [Js 3h 5h 2d] [4s]
hubschi: checks
ValeryRon: bets $6
hubschi: folds
Uncalled bet ($6) returned to ValeryRon
ValeryRon collected $17.64 from pot
*** SUMMARY ***
Total pot $18 | Rake $0.36
Board [Js 3h 5h 2d 4s]
Seat 1: ValeryRon (button) (small blind) collected ($17.64)
Seat 6: hubschi (big blind) folded on the River


PokerStars Hand #152577477631:  Hold'em Limit ($3/$6 USD) - 2016/04/28 15:52:12 ET
Table 'Warck' 6-max Seat #6 is the button
Seat 1: ValeryRon ($96 in chips)
Seat 6: hubschi ($135.32 in chips)
hubschi: posts small blind $1
ValeryRon: posts big blind $3
*** HOLE CARDS ***
hubschi: raises $3 to $6
ValeryRon: calls $3
*** FLOP *** [Ts 5s Kd]
ValeryRon: checks
GoliafUa joins the table at seat #2
hubschi: bets $3
ValeryRon: calls $3
*** TURN *** [Ts 5s Kd] [3s]
ValeryRon: checks
hubschi: bets $6
ValeryRon: calls $6
*** RIVER *** [Ts 5s Kd 3s] [Qs]
ValeryRon: checks
hubschi: checks
*** SHOW DOWN ***
ValeryRon: shows [Jh 5h] (a pair of Fives)
hubschi: shows [9s 8s] (a flush, Queen high)
hubschi collected $29.50 from pot
*** SUMMARY ***
Total pot $30 | Rake $0.50
Board [Ts 5s Kd 3s Qs]
Seat 1: ValeryRon (big blind) showed [Jh 5h] and lost with a pair of Fives
Seat 6: hubschi (button) (small blind) showed [9s 8s] and won ($29.50) with a flush, Queen high


PokerStars Hand #152577568133:  Hold'em Limit ($3/$6 USD) - 2016/04/28 15:53:50 ET
Table 'Warck' 6-max Seat #6 is the button
Seat 4: bentinck113 ($125.46 in chips)
Seat 6: hubschi ($141.58 in chips)
hubschi: posts small blind $1
ValeryRon: is sitting out
bentinck113: posts big blind $3
*** HOLE CARDS ***
hubschi: raises $3 to $6
ValeryRon leaves the table
bentinck113: calls $3
*** FLOP *** [2s 5h 9h]
bentinck113: checks
hubschi: bets $3
bentinck113: calls $3
*** TURN *** [2s 5h 9h] [Th]
bentinck113: checks
hubschi: bets $6
bentinck113: raises $6 to $12
hubschi: calls $6
*** RIVER *** [2s 5h 9h Th] [3s]
bentinck113: bets $6
hubschi: folds
Uncalled bet ($6) returned to bentinck113
bentinck113 collected $41.50 from pot
bentinck113: doesn't show hand
*** SUMMARY ***
Total pot $42 | Rake $0.50
Board [2s 5h 9h Th 3s]
Seat 4: bentinck113 (big blind) collected ($41.50)
Seat 6: hubschi (button) (small blind) folded on the River


PokerStars Hand #152577525725:  Hold'em Limit ($3/$6 USD) - 2016/04/28 15:53:04 ET
Table 'Warck' 6-max Seat #6 is the button
Seat 1: ValeryRon ($116.64 in chips)
Seat 6: hubschi ($140.82 in chips)
hubschi: posts small blind $1
ValeryRon: posts big blind $3
*** HOLE CARDS ***
hubschi: raises $3 to $6
ValeryRon: calls $3
*** FLOP *** [5c 2h Ks]
ValeryRon: checks
hubschi: bets $3
ValeryRon: folds
Uncalled bet ($3) returned to hubschi
hubschi collected $11.76 from pot
hubschi: doesn't show hand
*** SUMMARY ***
Total pot $12 | Rake $0.24
Board [5c 2h Ks]
Seat 1: ValeryRon (big blind) folded on the Flop
Seat 6: hubschi (button) (small blind) collected ($11.76)


PokerStars Hand #152577611771:  Hold'em Limit ($3/$6 USD) - 2016/04/28 15:54:37 ET
Table 'Warck' 6-max Seat #3 is the button
Seat 3: shurik198760 ($47.63 in chips)
Seat 6: hubschi ($120.58 in chips)
shurik198760: posts small blind $1
hubschi: posts big blind $3
*** HOLE CARDS ***
shurik198760: raises $3 to $6
bentinck113 leaves the table
hubschi: folds
Uncalled bet ($3) returned to shurik198760
shurik198760 collected $6 from pot
*** SUMMARY ***
Total pot $6 | Rake $0
Seat 3: shurik198760 (button) (small blind) collected ($6)
Seat 6: hubschi (big blind) folded before Flop


PokerStars Hand #152577606599:  Hold'em Limit ($3/$6 USD) - 2016/04/28 15:54:32 ET
Table 'Warck' 6-max Seat #6 is the button
Seat 3: shurik198760 ($46.63 in chips)
Seat 6: hubschi ($121.58 in chips)
hubschi: posts small blind $1
shurik198760: posts big blind $3
*** HOLE CARDS ***
hubschi: folds
Uncalled bet ($2) returned to shurik198760
shurik198760 collected $2 from pot
*** SUMMARY ***
Total pot $2 | Rake $0
Seat 3: shurik198760 (big blind) collected ($2)
Seat 6: hubschi (button) (small blind) folded before Flop


PokerStars Hand #152577624099:  Hold'em Limit ($3/$6 USD) - 2016/04/28 15:54:44 ET
Table 'Warck' 6-max Seat #6 is the button
Seat 3: shurik198760 ($50.63 in chips)
Seat 6: hubschi ($117.58 in chips)
hubschi: posts small blind $1
shurik198760: posts big blind $3
*** HOLE CARDS ***
hubschi: raises $3 to $6
shurik198760: folds
Uncalled bet ($3) returned to hubschi
hubschi collected $6 from pot
hubschi: doesn't show hand
*** SUMMARY ***
Total pot $6 | Rake $0
Seat 3: shurik198760 (big blind) folded before Flop
Seat 6: hubschi (button) (small blind) collected ($6)


PokerStars Hand #152577587584:  Hold'em Limit ($3/$6 USD) - 2016/04/28 15:54:11 ET
Table 'Warck' 6-max Seat #4 is the button
Seat 4: bentinck113 ($145.96 in chips)
Seat 6: hubschi ($120.58 in chips)
bentinck113: posts small blind $1
hubschi: posts big blind $3
*** HOLE CARDS ***
bentinck113: raises $3 to $6
hubschi: folds
Uncalled bet ($3) returned to bentinck113
bentinck113 collected $6 from pot
bentinck113: doesn't show hand
shurik198760 joins the table at seat #3
*** SUMMARY ***
Total pot $6 | Rake $0
Seat 4: bentinck113 (button) (small blind) collected ($6)
Seat 6: hubschi (big blind) folded before Flop


PokerStars Hand #152577601985:  Hold'em Limit ($3/$6 USD) - 2016/04/28 15:54:27 ET
Table 'Warck' 6-max Seat #3 is the button
Seat 3: shurik198760 ($47.63 in chips)
Seat 6: hubschi ($120.58 in chips)
shurik198760: posts small blind $1
bentinck113: is sitting out
hubschi: posts big blind $3
*** HOLE CARDS ***
shurik198760: folds
Uncalled bet ($2) returned to hubschi
hubschi collected $2 from pot
hubschi: doesn't show hand
*** SUMMARY ***
Total pot $2 | Rake $0
Seat 3: shurik198760 (button) (small blind) folded before Flop
Seat 6: hubschi (big blind) collected ($2)


PokerStars Hand #152577629849:  Hold'em Limit ($3/$6 USD) - 2016/04/28 15:54:51 ET
Table 'Warck' 6-max Seat #3 is the button
Seat 3: shurik198760 ($47.63 in chips)
Seat 6: hubschi ($120.58 in chips)
shurik198760: posts small blind $1
hubschi: posts big blind $3
*** HOLE CARDS ***
shurik198760: raises $3 to $6
hubschi: calls $3
*** FLOP *** [As 9d Js]
hubschi: checks
shurik198760: bets $3
hubschi: calls $3
*** TURN *** [As 9d Js] [Qd]
hubschi: checks
shurik198760: bets $6
hubschi: calls $6
*** RIVER *** [As 9d Js Qd] [8d]
hubschi: bets $6
shurik198760: raises $6 to $12
hubschi: raises $6 to $18
shurik198760: raises $6 to $24
Betting is capped
hubschi: calls $6
*** SHOW DOWN ***
shurik198760: shows [Qh Qs] (three of a kind, Queens)
hubschi: shows [Jd 7d] (a flush, Queen high)
hubschi collected $77.50 from pot
*** SUMMARY ***
Total pot $78 | Rake $0.50
Board [As 9d Js Qd 8d]
Seat 3: shurik198760 (button) (small blind) showed [Qh Qs] and lost with three of a kind, Queens
Seat 6: hubschi (big blind) showed [Jd 7d] and won ($77.50) with a flush, Queen high


PokerStars Hand #152577652463:  Hold'em Limit ($3/$6 USD) - 2016/04/28 15:55:19 ET
Table 'Warck' 6-max Seat #3 is the button
Seat 3: shurik198760 ($9.63 in chips)
Seat 6: hubschi ($158.08 in chips)
shurik198760: posts small blind $1
hubschi: posts big blind $3
*** HOLE CARDS ***
shurik198760: raises $3 to $6
hubschi: folds
Uncalled bet ($3) returned to shurik198760
shurik198760 collected $6 from pot
*** SUMMARY ***
Total pot $6 | Rake $0
Seat 3: shurik198760 (button) (small blind) collected ($6)
Seat 6: hubschi (big blind) folded before Flop


PokerStars Hand #152577656556:  Hold'em Limit ($3/$6 USD) - 2016/04/28 15:55:25 ET
Table 'Warck' 6-max Seat #6 is the button
Seat 3: shurik198760 ($12.63 in chips)
Seat 6: hubschi ($155.08 in chips)
hubschi: posts small blind $1
shurik198760: posts big blind $3
*** HOLE CARDS ***
hubschi: raises $3 to $6
shurik198760: raises $3 to $9
hubschi: calls $3
*** FLOP *** [3d Jc 5h]
shurik198760: bets $3
hubschi: calls $3
*** TURN *** [3d Jc 5h] [6s]
shurik198760: bets $0.63 and is all-in
hubschi: calls $0.63
*** RIVER *** [3d Jc 5h 6s] [3c]
*** SHOW DOWN ***
shurik198760: shows [Kc 7s] (a pair of Threes)
hubschi: shows [Qd 6h] (two pair, Sixes and Threes)
hubschi collected $24.76 from pot
*** SUMMARY ***
Total pot $25.26 | Rake $0.50
Board [3d Jc 5h 6s 3c]
Seat 3: shurik198760 (big blind) showed [Kc 7s] and lost with a pair of Threes
Seat 6: hubschi (button) (small blind) showed [Qd 6h] and won ($24.76) with two pair, Sixes and Threes


