PokerStars Hand #147103662556:  Hold'em Limit ($3/$6 USD) - 2016/01/15 17:41:43 ET
Table 'Wasat II' 2-max Seat #2 is the button
Seat 1: elifnur2008 ($155 in chips)
Seat 2: germanplay18 ($9.24 in chips)
germanplay18: posts small blind $1
elifnur2008: posts big blind $3
*** HOLE CARDS ***
germanplay18: raises $3 to $6
elifnur2008: calls $3
*** FLOP *** [6s 7c 4s]
elifnur2008: checks
germanplay18: bets $3
elifnur2008: raises $3 to $6
germanplay18: calls $0.24 and is all-in
Uncalled bet ($2.76) returned to elifnur2008
*** TURN *** [6s 7c 4s] [4c]
*** RIVER *** [6s 7c 4s 4c] [9h]
*** SHOW DOWN ***
elifnur2008: shows [Ks 3d] (a pair of Fours)
germanplay18: shows [3h Th] (a pair of Fours - lower kicker)
elifnur2008 collected $18.11 from pot
*** SUMMARY ***
Total pot $18.48 | Rake $0.37
Board [6s 7c 4s 4c 9h]
Seat 1: elifnur2008 (big blind) showed [Ks 3d] and won ($18.11) with a pair of Fours
Seat 2: germanplay18 (button) (small blind) showed [3h Th] and lost with a pair of Fours


