PokerStars Hand #159167652890:  Hold'em Limit ($3/$6 USD) - 2016/09/27 13:23:40 ET
Table 'Wasat' 6-max Seat #4 is the button
Seat 4: AzureCaper ($72 in chips)
Seat 6: HAOYUN88888 ($82.46 in chips)
AzureCaper: posts small blind $1
HAOYUN88888: posts big blind $3
*** HOLE CARDS ***
AzureCaper: raises $3 to $6
HAOYUN88888: raises $3 to $9
AzureCaper: raises $3 to $12
Betting is capped
HAOYUN88888: calls $3
*** FLOP *** [Kd 2c 6d]
HAOYUN88888: checks
AzureCaper: bets $3
HAOYUN88888: calls $3
*** TURN *** [Kd 2c 6d] [4s]
HAOYUN88888: checks
AzureCaper: bets $6
HAOYUN88888: calls $6
*** RIVER *** [Kd 2c 6d 4s] [6s]
HAOYUN88888: checks
AzureCaper: checks
*** SHOW DOWN ***
HAOYUN88888: shows [As 3s] (a pair of Sixes)
AzureCaper: shows [Jd Ad] (a pair of Sixes - Ace+King+Jack kicker)
AzureCaper collected $41.50 from pot
*** SUMMARY ***
Total pot $42 | Rake $0.50
Board [Kd 2c 6d 4s 6s]
Seat 4: AzureCaper (button) (small blind) showed [Jd Ad] and won ($41.50) with a pair of Sixes
Seat 6: HAOYUN88888 (big blind) showed [As 3s] and lost with a pair of Sixes


PokerStars Hand #159167627493:  Hold'em Limit ($3/$6 USD) - 2016/09/27 13:23:06 ET
Table 'Wasat' 6-max Seat #6 is the button
Seat 4: AzureCaper ($72 in chips)
Seat 6: HAOYUN88888 ($76.70 in chips)
HAOYUN88888: posts small blind $1
AzureCaper: posts big blind $3
*** HOLE CARDS ***
belik555 joins the table at seat #1
HAOYUN88888: raises $3 to $6
AzureCaper: calls $3
*** FLOP *** [Qd 3d Js]
AzureCaper: checks
HAOYUN88888: bets $3
AzureCaper: folds
Uncalled bet ($3) returned to HAOYUN88888
HAOYUN88888 collected $11.76 from pot
HAOYUN88888: doesn't show hand
*** SUMMARY ***
Total pot $12 | Rake $0.24
Board [Qd 3d Js]
Seat 4: AzureCaper (big blind) folded on the Flop
Seat 6: HAOYUN88888 (button) (small blind) collected ($11.76)


PokerStars Hand #159172464448:  Hold'em Limit ($3/$6 USD) - 2016/09/27 15:08:01 ET
Table 'Wasat' 6-max Seat #5 is the button
Seat 2: coman567 ($158.89 in chips)
Seat 5: Hannibal2211 ($72 in chips)
Hannibal2211: posts small blind $1
coman567: posts big blind $3
*** HOLE CARDS ***
LolDnkaments leaves the table
Hannibal2211: raises $3 to $6
coman567: raises $3 to $9
Hannibal2211: calls $3
*** FLOP *** [6h 4s Ac]
coman567: bets $3
Hannibal2211: raises $3 to $6
coman567: calls $3
*** TURN *** [6h 4s Ac] [Th]
coman567: checks
Hannibal2211: checks
*** RIVER *** [6h 4s Ac Th] [Qc]
coman567: bets $6
Hannibal2211: folds
Uncalled bet ($6) returned to coman567
coman567 collected $29.50 from pot
coman567: doesn't show hand
*** SUMMARY ***
Total pot $30 | Rake $0.50
Board [6h 4s Ac Th Qc]
Seat 2: coman567 (big blind) collected ($29.50)
Seat 5: Hannibal2211 (button) (small blind) folded on the River


PokerStars Hand #159172514017:  Hold'em Limit ($3/$6 USD) - 2016/09/27 15:09:01 ET
Table 'Wasat' 6-max Seat #2 is the button
Seat 2: coman567 ($173.39 in chips)
Seat 5: Hannibal2211 ($72 in chips)
coman567: posts small blind $1
Hannibal2211: posts big blind $3
*** HOLE CARDS ***
coman567: raises $3 to $6
Hannibal2211: calls $3
*** FLOP *** [5h Qh 9d]
Hannibal2211: checks
coman567: checks
*** TURN *** [5h Qh 9d] [6c]
Hannibal2211: bets $6
coman567: folds
Uncalled bet ($6) returned to Hannibal2211
Hannibal2211 collected $11.76 from pot
*** SUMMARY ***
Total pot $12 | Rake $0.24
Board [5h Qh 9d 6c]
Seat 2: coman567 (button) (small blind) folded on the Turn
Seat 5: Hannibal2211 (big blind) collected ($11.76)


