PokerStars Hand #163094909954:  Hold'em Limit ($3/$6 USD) - 2016/12/17 13:53:39 ET
Table 'Wasat II' 6-max Seat #4 is the button
Seat 1: habari786 ($47.64 in chips)
Seat 4: Actionni13 ($173.50 in chips)
Actionni13: posts small blind $1
habari786: posts big blind $3
*** HOLE CARDS ***
Actionni13: raises $3 to $6
Luanto 14 joins the table at seat #2
habari786: raises $3 to $9
Actionni13: calls $3
*** FLOP *** [5d Ts Td]
habari786: bets $3
Actionni13: calls $3
*** TURN *** [5d Ts Td] [3s]
habari786: bets $6
Actionni13: folds
Uncalled bet ($6) returned to habari786
habari786 collected $23.52 from pot
habari786: doesn't show hand
*** SUMMARY ***
Total pot $24 | Rake $0.48
Board [5d Ts Td 3s]
Seat 1: habari786 (big blind) collected ($23.52)
Seat 4: Actionni13 (button) (small blind) folded on the Turn


PokerStars Hand #163094893119:  Hold'em Limit ($3/$6 USD) - 2016/12/17 13:53:21 ET
Table 'Wasat II' 6-max Seat #1 is the button
Seat 1: habari786 ($71.64 in chips)
Seat 4: Actionni13 ($150 in chips)
habari786: posts small blind $1
Actionni13: posts big blind $3
*** HOLE CARDS ***
habari786: raises $3 to $6
Actionni13: calls $3
*** FLOP *** [Ah Kh 9h]
Actionni13: checks
habari786: bets $3
Actionni13: raises $3 to $6
habari786: calls $3
*** TURN *** [Ah Kh 9h] [6h]
Actionni13: bets $6
habari786: calls $6
*** RIVER *** [Ah Kh 9h 6h] [8s]
Actionni13: bets $6
habari786: calls $6
*** SHOW DOWN ***
Actionni13: shows [Qh 7d] (a flush, Ace high)
habari786: mucks hand
Actionni13 collected $47.50 from pot
*** SUMMARY ***
Total pot $48 | Rake $0.50
Board [Ah Kh 9h 6h 8s]
Seat 1: habari786 (button) (small blind) mucked
Seat 4: Actionni13 (big blind) showed [Qh 7d] and won ($47.50) with a flush, Ace high


PokerStars Hand #163094877500:  Hold'em Limit ($3/$6 USD) - 2016/12/17 13:53:04 ET
Table 'Wasat II' 6-max Seat #4 is the button
Seat 1: habari786 ($63 in chips)
Seat 4: Actionni13 ($150 in chips)
Actionni13: posts small blind $1
habari786: posts big blind $3
*** HOLE CARDS ***
Actionni13: raises $3 to $6
habari786: calls $3
*** FLOP *** [3s 8h As]
habari786: checks
Actionni13: bets $3
habari786: calls $3
*** TURN *** [3s 8h As] [6s]
habari786: checks
Actionni13: checks
*** RIVER *** [3s 8h As 6s] [2c]
habari786: bets $6
Actionni13: folds
Uncalled bet ($6) returned to habari786
habari786 collected $17.64 from pot
habari786: doesn't show hand
*** SUMMARY ***
Total pot $18 | Rake $0.36
Board [3s 8h As 6s 2c]
Seat 1: habari786 (big blind) collected ($17.64)
Seat 4: Actionni13 (button) (small blind) folded on the River


PokerStars Hand #163095553551:  Hold'em Limit ($3/$6 USD) - 2016/12/17 14:06:32 ET
Table 'Wasat II' 6-max Seat #6 is the button
Seat 4: Actionni13 ($177.72 in chips)
Seat 6: Krazy90 ($120 in chips)
Krazy90: posts small blind $1
Luanto 14: is sitting out
Actionni13: posts big blind $3
*** HOLE CARDS ***
Krazy90: folds
Uncalled bet ($2) returned to Actionni13
Krazy90 leaves the table
Actionni13 collected $2 from pot
*** SUMMARY ***
Total pot $2 | Rake $0
Seat 4: Actionni13 (big blind) collected ($2)
Seat 6: Krazy90 (button) (small blind) folded before Flop


