PokerStars Hand #155217596993:  Hold'em Limit ($3/$6 USD) - 2016/06/26 9:14:22 ET
Table 'Wasat' 6-max Seat #5 is the button
Seat 2: TinaTurner72 ($119 in chips)
Seat 5: juustmuckit1 ($101 in chips)
juustmuckit1: posts small blind $1
TinaTurner72: posts big blind $3
*** HOLE CARDS ***
juustmuckit1: folds
Uncalled bet ($2) returned to TinaTurner72
TinaTurner72 collected $2 from pot
TinaTurner72: doesn't show hand
*** SUMMARY ***
Total pot $2 | Rake $0
Seat 2: TinaTurner72 (big blind) collected ($2)
Seat 5: juustmuckit1 (button) (small blind) folded before Flop


PokerStars Hand #155217592704:  Hold'em Limit ($3/$6 USD) - 2016/06/26 9:14:14 ET
Table 'Wasat' 6-max Seat #2 is the button
Seat 2: TinaTurner72 ($120 in chips)
Seat 5: juustmuckit1 ($100 in chips)
TinaTurner72: posts small blind $1
juustmuckit1: posts big blind $3
*** HOLE CARDS ***
TinaTurner72: folds
Uncalled bet ($2) returned to juustmuckit1
juustmuckit1 collected $2 from pot
*** SUMMARY ***
Total pot $2 | Rake $0
Seat 2: TinaTurner72 (button) (small blind) folded before Flop
Seat 5: juustmuckit1 (big blind) collected ($2)


PokerStars Hand #155217612624:  Hold'em Limit ($3/$6 USD) - 2016/06/26 9:14:51 ET
Table 'Wasat' 6-max Seat #5 is the button
Seat 2: TinaTurner72 ($128.64 in chips)
Seat 5: juustmuckit1 ($91 in chips)
juustmuckit1: posts small blind $1
TinaTurner72: posts big blind $3
*** HOLE CARDS ***
juustmuckit1: folds
Uncalled bet ($2) returned to TinaTurner72
TinaTurner72 collected $2 from pot
TinaTurner72: doesn't show hand
*** SUMMARY ***
Total pot $2 | Rake $0
Seat 2: TinaTurner72 (big blind) collected ($2)
Seat 5: juustmuckit1 (button) (small blind) folded before Flop


PokerStars Hand #155217599779:  Hold'em Limit ($3/$6 USD) - 2016/06/26 9:14:28 ET
Table 'Wasat' 6-max Seat #2 is the button
Seat 2: TinaTurner72 ($120 in chips)
Seat 5: juustmuckit1 ($100 in chips)
TinaTurner72: posts small blind $1
juustmuckit1: posts big blind $3
*** HOLE CARDS ***
TinaTurner72: raises $3 to $6
juustmuckit1: calls $3
*** FLOP *** [3s Js 8d]
juustmuckit1: checks
TinaTurner72: bets $3
juustmuckit1: calls $3
*** TURN *** [3s Js 8d] [Qs]
juustmuckit1: checks
TinaTurner72: bets $6
juustmuckit1: folds
Uncalled bet ($6) returned to TinaTurner72
TinaTurner72 collected $17.64 from pot
TinaTurner72: doesn't show hand
*** SUMMARY ***
Total pot $18 | Rake $0.36
Board [3s Js 8d Qs]
Seat 2: TinaTurner72 (button) (small blind) collected ($17.64)
Seat 5: juustmuckit1 (big blind) folded on the Turn


PokerStars Hand #155217615230:  Hold'em Limit ($3/$6 USD) - 2016/06/26 9:14:56 ET
Table 'Wasat' 6-max Seat #2 is the button
Seat 2: TinaTurner72 ($129.64 in chips)
Seat 5: juustmuckit1 ($90 in chips)
TinaTurner72: posts small blind $1
juustmuckit1: posts big blind $3
*** HOLE CARDS ***
TinaTurner72: raises $3 to $6
juustmuckit1: calls $3
*** FLOP *** [7d Js Kc]
juustmuckit1: checks
TinaTurner72: bets $3
juustmuckit1: folds
Uncalled bet ($3) returned to TinaTurner72
TinaTurner72 collected $11.76 from pot
TinaTurner72: doesn't show hand
*** SUMMARY ***
Total pot $12 | Rake $0.24
Board [7d Js Kc]
Seat 2: TinaTurner72 (button) (small blind) collected ($11.76)
Seat 5: juustmuckit1 (big blind) folded on the Flop


PokerStars Hand #155217623025:  Hold'em Limit ($3/$6 USD) - 2016/06/26 9:15:11 ET
Table 'Wasat' 6-max Seat #5 is the button
Seat 2: TinaTurner72 ($135.40 in chips)
Seat 5: juustmuckit1 ($84 in chips)
juustmuckit1: posts small blind $1
TinaTurner72: posts big blind $3
*** HOLE CARDS ***
juustmuckit1: raises $3 to $6
TinaTurner72: calls $3
*** FLOP *** [Jd 4d 9c]
TinaTurner72: checks
juustmuckit1: bets $3
TinaTurner72: raises $3 to $6
juustmuckit1: calls $3
*** TURN *** [Jd 4d 9c] [Ac]
TinaTurner72: checks
juustmuckit1: bets $6
TinaTurner72: calls $6
*** RIVER *** [Jd 4d 9c Ac] [8d]
TinaTurner72: bets $6
juustmuckit1: folds
Uncalled bet ($6) returned to TinaTurner72
TinaTurner72 collected $35.50 from pot
TinaTurner72: doesn't show hand
*** SUMMARY ***
Total pot $36 | Rake $0.50
Board [Jd 4d 9c Ac 8d]
Seat 2: TinaTurner72 (big blind) collected ($35.50)
Seat 5: juustmuckit1 (button) (small blind) folded on the River


PokerStars Hand #155217640690:  Hold'em Limit ($3/$6 USD) - 2016/06/26 9:15:45 ET
Table 'Wasat' 6-max Seat #2 is the button
Seat 2: TinaTurner72 ($152.90 in chips)
Seat 5: juustmuckit1 ($66 in chips)
TinaTurner72: posts small blind $1
juustmuckit1: posts big blind $3
*** HOLE CARDS ***
TinaTurner72: raises $3 to $6
juustmuckit1: calls $3
*** FLOP *** [5h Qd 6h]
juustmuckit1: checks
TinaTurner72: bets $3
juustmuckit1: calls $3
*** TURN *** [5h Qd 6h] [Jh]
juustmuckit1: checks
TinaTurner72: bets $6
juustmuckit1: folds
Uncalled bet ($6) returned to TinaTurner72
TinaTurner72 collected $17.64 from pot
TinaTurner72: doesn't show hand
*** SUMMARY ***
Total pot $18 | Rake $0.36
Board [5h Qd 6h Jh]
Seat 2: TinaTurner72 (button) (small blind) collected ($17.64)
Seat 5: juustmuckit1 (big blind) folded on the Turn


PokerStars Hand #155217653262:  Hold'em Limit ($3/$6 USD) - 2016/06/26 9:16:08 ET
Table 'Wasat' 6-max Seat #5 is the button
Seat 2: TinaTurner72 ($161.54 in chips)
Seat 5: juustmuckit1 ($57 in chips)
juustmuckit1: posts small blind $1
TinaTurner72: posts big blind $3
*** HOLE CARDS ***
juustmuckit1: raises $3 to $6
TinaTurner72: calls $3
*** FLOP *** [Kc 2d 8c]
TinaTurner72: checks
juustmuckit1: bets $3
TinaTurner72: raises $3 to $6
juustmuckit1: calls $3
*** TURN *** [Kc 2d 8c] [Jh]
TinaTurner72: bets $6
juustmuckit1: folds
Uncalled bet ($6) returned to TinaTurner72
TinaTurner72 collected $23.52 from pot
TinaTurner72: doesn't show hand
*** SUMMARY ***
Total pot $24 | Rake $0.48
Board [Kc 2d 8c Jh]
Seat 2: TinaTurner72 (big blind) collected ($23.52)
Seat 5: juustmuckit1 (button) (small blind) folded on the Turn


PokerStars Hand #155217663317:  Hold'em Limit ($3/$6 USD) - 2016/06/26 9:16:27 ET
Table 'Wasat' 6-max Seat #2 is the button
Seat 2: TinaTurner72 ($173.06 in chips)
Seat 5: juustmuckit1 ($45 in chips)
TinaTurner72: posts small blind $1
juustmuckit1: posts big blind $3
*** HOLE CARDS ***
TinaTurner72: raises $3 to $6
juustmuckit1: folds
Uncalled bet ($3) returned to TinaTurner72
TinaTurner72 collected $6 from pot
TinaTurner72: doesn't show hand
*** SUMMARY ***
Total pot $6 | Rake $0
Seat 2: TinaTurner72 (button) (small blind) collected ($6)
Seat 5: juustmuckit1 (big blind) folded before Flop


PokerStars Hand #155217667935:  Hold'em Limit ($3/$6 USD) - 2016/06/26 9:16:35 ET
Table 'Wasat' 6-max Seat #5 is the button
Seat 2: TinaTurner72 ($176.06 in chips)
Seat 5: juustmuckit1 ($102 in chips)
juustmuckit1: posts small blind $1
TinaTurner72: posts big blind $3
*** HOLE CARDS ***
juustmuckit1: raises $3 to $6
TinaTurner72: raises $3 to $9
juustmuckit1: calls $3
*** FLOP *** [2d 7d Kc]
TinaTurner72: bets $3
juustmuckit1: calls $3
*** TURN *** [2d 7d Kc] [9c]
TinaTurner72: checks
juustmuckit1: bets $6
TinaTurner72: calls $6
*** RIVER *** [2d 7d Kc 9c] [8d]
TinaTurner72: checks
juustmuckit1: bets $6
TinaTurner72: folds
Uncalled bet ($6) returned to juustmuckit1
juustmuckit1 collected $35.50 from pot
*** SUMMARY ***
Total pot $36 | Rake $0.50
Board [2d 7d Kc 9c 8d]
Seat 2: TinaTurner72 (big blind) folded on the River
Seat 5: juustmuckit1 (button) (small blind) collected ($35.50)


PokerStars Hand #155217724968:  Hold'em Limit ($3/$6 USD) - 2016/06/26 9:18:07 ET
Table 'Wasat' 6-max Seat #5 is the button
Seat 2: TinaTurner72 ($143.06 in chips)
Seat 5: juustmuckit1 ($134 in chips)
juustmuckit1: posts small blind $1
TinaTurner72: posts big blind $3
*** HOLE CARDS ***
juustmuckit1: folds
Uncalled bet ($2) returned to TinaTurner72
TinaTurner72 collected $2 from pot
TinaTurner72: doesn't show hand
*** SUMMARY ***
Total pot $2 | Rake $0
Seat 2: TinaTurner72 (big blind) collected ($2)
Seat 5: juustmuckit1 (button) (small blind) folded before Flop


PokerStars Hand #155217710236:  Hold'em Limit ($3/$6 USD) - 2016/06/26 9:17:40 ET
Table 'Wasat' 6-max Seat #2 is the button
Seat 2: TinaTurner72 ($158.06 in chips)
Seat 5: juustmuckit1 ($119.50 in chips)
TinaTurner72: posts small blind $1
juustmuckit1: posts big blind $3
*** HOLE CARDS ***
TinaTurner72: raises $3 to $6
juustmuckit1: calls $3
*** FLOP *** [6h 3d 9h]
juustmuckit1: checks
TinaTurner72: bets $3
juustmuckit1: calls $3
*** TURN *** [6h 3d 9h] [Ad]
juustmuckit1: checks
TinaTurner72: bets $6
juustmuckit1: raises $6 to $12
TinaTurner72: folds
Uncalled bet ($6) returned to juustmuckit1
juustmuckit1 collected $29.50 from pot
*** SUMMARY ***
Total pot $30 | Rake $0.50
Board [6h 3d 9h Ad]
Seat 2: TinaTurner72 (button) (small blind) folded on the Turn
Seat 5: juustmuckit1 (big blind) collected ($29.50)


PokerStars Hand #155217707297:  Hold'em Limit ($3/$6 USD) - 2016/06/26 9:17:34 ET
Table 'Wasat' 6-max Seat #5 is the button
Seat 2: TinaTurner72 ($157.06 in chips)
Seat 5: juustmuckit1 ($120.50 in chips)
juustmuckit1: posts small blind $1
TinaTurner72: posts big blind $3
*** HOLE CARDS ***
juustmuckit1: folds
Uncalled bet ($2) returned to TinaTurner72
TinaTurner72 collected $2 from pot
TinaTurner72: doesn't show hand
*** SUMMARY ***
Total pot $2 | Rake $0
Seat 2: TinaTurner72 (big blind) collected ($2)
Seat 5: juustmuckit1 (button) (small blind) folded before Flop


PokerStars Hand #155217704550:  Hold'em Limit ($3/$6 USD) - 2016/06/26 9:17:29 ET
Table 'Wasat' 6-max Seat #2 is the button
Seat 2: TinaTurner72 ($158.06 in chips)
Seat 5: juustmuckit1 ($119.50 in chips)
TinaTurner72: posts small blind $1
juustmuckit1: posts big blind $3
*** HOLE CARDS ***
TinaTurner72: folds
Uncalled bet ($2) returned to juustmuckit1
juustmuckit1 collected $2 from pot
*** SUMMARY ***
Total pot $2 | Rake $0
Seat 2: TinaTurner72 (button) (small blind) folded before Flop
Seat 5: juustmuckit1 (big blind) collected ($2)


PokerStars Hand #155217762759:  Hold'em Limit ($3/$6 USD) - 2016/06/26 9:19:17 ET
Table 'Wasat' 6-max Seat #5 is the button
Seat 2: TinaTurner72 ($161.31 in chips)
Seat 5: juustmuckit1 ($114.75 in chips)
juustmuckit1: posts small blind $1
TinaTurner72: posts big blind $3
*** HOLE CARDS ***
juustmuckit1: raises $3 to $6
TinaTurner72: calls $3
*** FLOP *** [2d Kh 7d]
TinaTurner72: checks
juustmuckit1: bets $3
TinaTurner72: folds
Uncalled bet ($3) returned to juustmuckit1
juustmuckit1 collected $11.76 from pot
*** SUMMARY ***
Total pot $12 | Rake $0.24
Board [2d Kh 7d]
Seat 2: TinaTurner72 (big blind) folded on the Flop
Seat 5: juustmuckit1 (button) (small blind) collected ($11.76)


PokerStars Hand #155217750726:  Hold'em Limit ($3/$6 USD) - 2016/06/26 9:18:55 ET
Table 'Wasat' 6-max Seat #2 is the button
Seat 2: TinaTurner72 ($161.56 in chips)
Seat 5: juustmuckit1 ($115 in chips)
TinaTurner72: posts small blind $1
juustmuckit1: posts big blind $3
*** HOLE CARDS ***
TinaTurner72: raises $3 to $6
juustmuckit1: raises $3 to $9
TinaTurner72: calls $3
*** FLOP *** [Ad 9h Ks]
juustmuckit1: bets $3
TinaTurner72: calls $3
*** TURN *** [Ad 9h Ks] [5s]
juustmuckit1: bets $6
TinaTurner72: calls $6
*** RIVER *** [Ad 9h Ks 5s] [6c]
juustmuckit1: checks
TinaTurner72: bets $6
juustmuckit1: calls $6
*** SHOW DOWN ***
TinaTurner72: shows [Kd Jh] (a pair of Kings)
juustmuckit1: shows [Kh Jd] (a pair of Kings)
juustmuckit1 collected $23.75 from pot
TinaTurner72 collected $23.75 from pot
*** SUMMARY ***
Total pot $48 | Rake $0.50
Board [Ad 9h Ks 5s 6c]
Seat 2: TinaTurner72 (button) (small blind) showed [Kd Jh] and won ($23.75) with a pair of Kings
Seat 5: juustmuckit1 (big blind) showed [Kh Jd] and won ($23.75) with a pair of Kings


PokerStars Hand #155217747283:  Hold'em Limit ($3/$6 USD) - 2016/06/26 9:18:49 ET
Table 'Wasat' 6-max Seat #5 is the button
Seat 2: TinaTurner72 ($164.56 in chips)
Seat 5: juustmuckit1 ($112 in chips)
juustmuckit1: posts small blind $1
TinaTurner72: posts big blind $3
*** HOLE CARDS ***
juustmuckit1: raises $3 to $6
TinaTurner72: folds
Uncalled bet ($3) returned to juustmuckit1
juustmuckit1 collected $6 from pot
*** SUMMARY ***
Total pot $6 | Rake $0
Seat 2: TinaTurner72 (big blind) folded before Flop
Seat 5: juustmuckit1 (button) (small blind) collected ($6)


PokerStars Hand #155217731383:  Hold'em Limit ($3/$6 USD) - 2016/06/26 9:18:19 ET
Table 'Wasat' 6-max Seat #2 is the button
Seat 2: TinaTurner72 ($144.06 in chips)
Seat 5: juustmuckit1 ($133 in chips)
TinaTurner72: posts small blind $1
juustmuckit1: posts big blind $3
*** HOLE CARDS ***
TinaTurner72: raises $3 to $6
juustmuckit1: calls $3
*** FLOP *** [6s 6c Td]
juustmuckit1: checks
TinaTurner72: bets $3
juustmuckit1: calls $3
*** TURN *** [6s 6c Td] [5h]
juustmuckit1: checks
TinaTurner72: bets $6
juustmuckit1: calls $6
*** RIVER *** [6s 6c Td 5h] [2d]
juustmuckit1: checks
TinaTurner72: bets $6
juustmuckit1: calls $6
*** SHOW DOWN ***
TinaTurner72: shows [5s Ts] (two pair, Tens and Sixes)
juustmuckit1: mucks hand
TinaTurner72 collected $41.50 from pot
*** SUMMARY ***
Total pot $42 | Rake $0.50
Board [6s 6c Td 5h 2d]
Seat 2: TinaTurner72 (button) (small blind) showed [5s Ts] and won ($41.50) with two pair, Tens and Sixes
Seat 5: juustmuckit1 (big blind) mucked


PokerStars Hand #155217770239:  Hold'em Limit ($3/$6 USD) - 2016/06/26 9:19:31 ET
Table 'Wasat' 6-max Seat #2 is the button
Seat 2: TinaTurner72 ($155.31 in chips)
Seat 5: juustmuckit1 ($120.51 in chips)
TinaTurner72: posts small blind $1
juustmuckit1: posts big blind $3
*** HOLE CARDS ***
TbIP-TbIP 88 joins the table at seat #6
TinaTurner72: raises $3 to $6
juustmuckit1: raises $3 to $9
TinaTurner72: calls $3
*** FLOP *** [Qs 2d Qc]
juustmuckit1: bets $3
TinaTurner72: folds
Uncalled bet ($3) returned to juustmuckit1
juustmuckit1 collected $17.64 from pot
juustmuckit1: doesn't show hand
*** SUMMARY ***
Total pot $18 | Rake $0.36
Board [Qs 2d Qc]
Seat 2: TinaTurner72 (button) (small blind) folded on the Flop
Seat 5: juustmuckit1 (big blind) collected ($17.64)


PokerStars Hand #155217798901:  Hold'em Limit ($3/$6 USD) - 2016/06/26 9:20:24 ET
Table 'Wasat' 6-max Seat #6 is the button
Seat 5: juustmuckit1 ($120.15 in chips)
Seat 6: TbIP-TbIP 88 ($72 in chips)
TbIP-TbIP 88: posts small blind $1
TinaTurner72: is sitting out
juustmuckit1: posts big blind $3
*** HOLE CARDS ***
Playlikagirl joins the table at seat #1
TinaTurner72 leaves the table
TbIP-TbIP 88: folds
Uncalled bet ($2) returned to juustmuckit1
juustmuckit1 collected $2 from pot
*** SUMMARY ***
Total pot $2 | Rake $0
Seat 5: juustmuckit1 (big blind) collected ($2)
Seat 6: TbIP-TbIP 88 (button) (small blind) folded before Flop


PokerStars Hand #155217803639:  Hold'em Limit ($3/$6 USD) - 2016/06/26 9:20:33 ET
Table 'Wasat' 6-max Seat #5 is the button
Seat 5: juustmuckit1 ($121.15 in chips)
Seat 6: TbIP-TbIP 88 ($72 in chips)
juustmuckit1: posts small blind $1
TbIP-TbIP 88: posts big blind $3
*** HOLE CARDS ***
juustmuckit1: raises $3 to $6
TbIP-TbIP 88: calls $3
*** FLOP *** [5c 3d 7s]
TbIP-TbIP 88: checks
juustmuckit1: bets $3
TbIP-TbIP 88: calls $3
*** TURN *** [5c 3d 7s] [Jd]
TbIP-TbIP 88: checks
juustmuckit1: bets $6
TbIP-TbIP 88: folds
Uncalled bet ($6) returned to juustmuckit1
juustmuckit1 collected $17.64 from pot
*** SUMMARY ***
Total pot $18 | Rake $0.36
Board [5c 3d 7s Jd]
Seat 5: juustmuckit1 (button) (small blind) collected ($17.64)
Seat 6: TbIP-TbIP 88 (big blind) folded on the Turn


PokerStars Hand #155217879695:  Hold'em Limit ($3/$6 USD) - 2016/06/26 9:22:54 ET
Table 'Wasat' 6-max Seat #6 is the button
Seat 5: juustmuckit1 ($186.64 in chips)
Seat 6: TbIP-TbIP 88 ($72 in chips)
TbIP-TbIP 88: posts small blind $1
juustmuckit1: posts big blind $3
*** HOLE CARDS ***
TbIP-TbIP 88: raises $3 to $6
juustmuckit1: calls $3
*** FLOP *** [Ah 5c 3h]
juustmuckit1: checks
TbIP-TbIP 88: bets $3
juustmuckit1: calls $3
*** TURN *** [Ah 5c 3h] [Ks]
juustmuckit1: checks
TbIP-TbIP 88: bets $6
juustmuckit1: folds
Uncalled bet ($6) returned to TbIP-TbIP 88
TbIP-TbIP 88 collected $17.64 from pot
TbIP-TbIP 88: doesn't show hand
frmaroni joins the table at seat #1
*** SUMMARY ***
Total pot $18 | Rake $0.36
Board [Ah 5c 3h Ks]
Seat 5: juustmuckit1 (big blind) folded on the Turn
Seat 6: TbIP-TbIP 88 (button) (small blind) collected ($17.64)


PokerStars Hand #155217889056:  Hold'em Limit ($3/$6 USD) - 2016/06/26 9:23:11 ET
Table 'Wasat' 6-max Seat #5 is the button
Seat 5: juustmuckit1 ($177.64 in chips)
Seat 6: TbIP-TbIP 88 ($80.64 in chips)
juustmuckit1: posts small blind $1
TbIP-TbIP 88: posts big blind $3
*** HOLE CARDS ***
juustmuckit1: raises $3 to $6
TbIP-TbIP 88: calls $3
*** FLOP *** [Td 4d Ad]
TbIP-TbIP 88: checks
juustmuckit1: bets $3
TbIP-TbIP 88: folds
Uncalled bet ($3) returned to juustmuckit1
juustmuckit1 collected $11.76 from pot
*** SUMMARY ***
Total pot $12 | Rake $0.24
Board [Td 4d Ad]
Seat 5: juustmuckit1 (button) (small blind) collected ($11.76)
Seat 6: TbIP-TbIP 88 (big blind) folded on the Flop


PokerStars Hand #155224643918:  Hold'em Limit ($3/$6 USD) - 2016/06/26 12:26:51 ET
Table 'Wasat' 6-max Seat #2 is the button
Seat 2: FinDeSiecle ($64.03 in chips)
Seat 3: Tryptamean ($239.40 in chips)
FinDeSiecle: posts small blind $1
Tryptamean: posts big blind $3
*** HOLE CARDS ***
FinDeSiecle: folds
Uncalled bet ($2) returned to Tryptamean
Tryptamean collected $2 from pot
Tryptamean: doesn't show hand
*** SUMMARY ***
Total pot $2 | Rake $0
Seat 2: FinDeSiecle (button) (small blind) folded before Flop
Seat 3: Tryptamean (big blind) collected ($2)


PokerStars Hand #155224617569:  Hold'em Limit ($3/$6 USD) - 2016/06/26 12:26:12 ET
Table 'Wasat' 6-max Seat #3 is the button
Seat 2: FinDeSiecle ($94.03 in chips)
Seat 3: Tryptamean ($209.90 in chips)
Tryptamean: posts small blind $1
Nirelle leaves the table
FinDeSiecle: posts big blind $3
*** HOLE CARDS ***
Tryptamean: raises $3 to $6
FinDeSiecle: raises $3 to $9
Tryptamean: calls $3
*** FLOP *** [3d 3h 6c]
FinDeSiecle: bets $3
Tryptamean: calls $3
*** TURN *** [3d 3h 6c] [Jd]
FinDeSiecle: bets $6
Tryptamean: raises $6 to $12
FinDeSiecle: calls $6
*** RIVER *** [3d 3h 6c Jd] [4h]
FinDeSiecle: checks
Tryptamean: bets $6
FinDeSiecle: calls $6
*** SHOW DOWN ***
Tryptamean: shows [Qd 3s] (three of a kind, Threes)
FinDeSiecle: mucks hand
Tryptamean collected $59.50 from pot
*** SUMMARY ***
Total pot $60 | Rake $0.50
Board [3d 3h 6c Jd 4h]
Seat 2: FinDeSiecle (big blind) mucked
Seat 3: Tryptamean (button) (small blind) showed [Qd 3s] and won ($59.50) with three of a kind, Threes


PokerStars Hand #155224647184:  Hold'em Limit ($3/$6 USD) - 2016/06/26 12:26:56 ET
Table 'Wasat' 6-max Seat #3 is the button
Seat 2: FinDeSiecle ($63.03 in chips)
Seat 3: Tryptamean ($240.40 in chips)
Tryptamean: posts small blind $1
FinDeSiecle: posts big blind $3
*** HOLE CARDS ***
Tryptamean: raises $3 to $6
FinDeSiecle: raises $3 to $9
Tryptamean: calls $3
*** FLOP *** [4s Ts 2h]
FinDeSiecle: bets $3
Tryptamean: calls $3
*** TURN *** [4s Ts 2h] [Qs]
FinDeSiecle: bets $6
Tryptamean: calls $6
*** RIVER *** [4s Ts 2h Qs] [Qh]
FinDeSiecle: checks
Tryptamean: bets $6
FinDeSiecle: folds
Uncalled bet ($6) returned to Tryptamean
Tryptamean collected $35.50 from pot
Tryptamean: doesn't show hand
*** SUMMARY ***
Total pot $36 | Rake $0.50
Board [4s Ts 2h Qs Qh]
Seat 2: FinDeSiecle (big blind) folded on the River
Seat 3: Tryptamean (button) (small blind) collected ($35.50)


PokerStars Hand #155224700659:  Hold'em Limit ($3/$6 USD) - 2016/06/26 12:28:15 ET
Table 'Wasat' 6-max Seat #3 is the button
Seat 2: FinDeSiecle ($65.53 in chips)
Seat 3: Tryptamean ($236.90 in chips)
Tryptamean: posts small blind $1
FinDeSiecle: posts big blind $3
*** HOLE CARDS ***
Tryptamean: raises $3 to $6
FinDeSiecle: calls $3
*** FLOP *** [Jd 3d 6d]
FinDeSiecle: checks
Tryptamean: bets $3
FinDeSiecle: folds
Uncalled bet ($3) returned to Tryptamean
Tryptamean collected $11.76 from pot
Tryptamean: doesn't show hand
*** SUMMARY ***
Total pot $12 | Rake $0.24
Board [Jd 3d 6d]
Seat 2: FinDeSiecle (big blind) folded on the Flop
Seat 3: Tryptamean (button) (small blind) collected ($11.76)


PokerStars Hand #155224671637:  Hold'em Limit ($3/$6 USD) - 2016/06/26 12:27:32 ET
Table 'Wasat' 6-max Seat #2 is the button
Seat 2: FinDeSiecle ($45.03 in chips)
Seat 3: Tryptamean ($257.90 in chips)
FinDeSiecle: posts small blind $1
Tryptamean: posts big blind $3
*** HOLE CARDS ***
FinDeSiecle: raises $3 to $6
Tryptamean: raises $3 to $9
FinDeSiecle: calls $3
*** FLOP *** [3h Jc Ts]
Tryptamean: bets $3
FinDeSiecle: raises $3 to $6
Tryptamean: calls $3
*** TURN *** [3h Jc Ts] [2c]
Tryptamean: checks
FinDeSiecle: bets $6
Tryptamean: calls $6
*** RIVER *** [3h Jc Ts 2c] [Ad]
Tryptamean: checks
FinDeSiecle: checks
*** SHOW DOWN ***
Tryptamean: shows [9h Kh] (high card Ace)
FinDeSiecle: shows [8d Th] (a pair of Tens)
FinDeSiecle collected $41.50 from pot
*** SUMMARY ***
Total pot $42 | Rake $0.50
Board [3h Jc Ts 2c Ad]
Seat 2: FinDeSiecle (button) (small blind) showed [8d Th] and won ($41.50) with a pair of Tens
Seat 3: Tryptamean (big blind) showed [9h Kh] and lost with high card Ace


PokerStars Hand #155224715109:  Hold'em Limit ($3/$6 USD) - 2016/06/26 12:28:36 ET
Table 'Wasat' 6-max Seat #2 is the button
Seat 2: FinDeSiecle ($59.53 in chips)
Seat 3: Tryptamean ($242.66 in chips)
FinDeSiecle: posts small blind $1
Tryptamean: posts big blind $3
*** HOLE CARDS ***
FinDeSiecle: raises $3 to $6
Tryptamean: calls $3
*** FLOP *** [8h Th Qd]
Tryptamean: checks
FinDeSiecle: checks
*** TURN *** [8h Th Qd] [4s]
Tryptamean: checks
FinDeSiecle: checks
*** RIVER *** [8h Th Qd 4s] [Jc]
Tryptamean: checks
FinDeSiecle: checks
*** SHOW DOWN ***
Tryptamean: shows [Kd 2h] (high card King)
FinDeSiecle: shows [7c As] (high card Ace)
FinDeSiecle collected $11.76 from pot
*** SUMMARY ***
Total pot $12 | Rake $0.24
Board [8h Th Qd 4s Jc]
Seat 2: FinDeSiecle (button) (small blind) showed [7c As] and won ($11.76) with high card Ace
Seat 3: Tryptamean (big blind) showed [Kd 2h] and lost with high card King


PokerStars Hand #155224787091:  Hold'em Limit ($3/$6 USD) - 2016/06/26 12:30:23 ET
Table 'Wasat' 6-max Seat #3 is the button
Seat 2: FinDeSiecle ($70.79 in chips)
Seat 3: Tryptamean ($230.30 in chips)
Tryptamean: posts small blind $1
FinDeSiecle: posts big blind $3
*** HOLE CARDS ***
Tryptamean: raises $3 to $6
FinDeSiecle: folds
Uncalled bet ($3) returned to Tryptamean
Tryptamean collected $6 from pot
Tryptamean: doesn't show hand
*** SUMMARY ***
Total pot $6 | Rake $0
Seat 2: FinDeSiecle (big blind) folded before Flop
Seat 3: Tryptamean (button) (small blind) collected ($6)


PokerStars Hand #155224771644:  Hold'em Limit ($3/$6 USD) - 2016/06/26 12:30:01 ET
Table 'Wasat' 6-max Seat #2 is the button
Seat 2: FinDeSiecle ($79.79 in chips)
Seat 3: Tryptamean ($221.66 in chips)
FinDeSiecle: posts small blind $1
Tryptamean: posts big blind $3
*** HOLE CARDS ***
FinDeSiecle: raises $3 to $6
Tryptamean: raises $3 to $9
FinDeSiecle: calls $3
*** FLOP *** [4h 4c 6c]
Tryptamean: bets $3
FinDeSiecle: folds
Uncalled bet ($3) returned to Tryptamean
Tryptamean collected $17.64 from pot
Tryptamean: doesn't show hand
*** SUMMARY ***
Total pot $18 | Rake $0.36
Board [4h 4c 6c]
Seat 2: FinDeSiecle (button) (small blind) folded on the Flop
Seat 3: Tryptamean (big blind) collected ($17.64)


PokerStars Hand #155224742561:  Hold'em Limit ($3/$6 USD) - 2016/06/26 12:29:17 ET
Table 'Wasat' 6-max Seat #3 is the button
Seat 2: FinDeSiecle ($65.29 in chips)
Seat 3: Tryptamean ($236.66 in chips)
Tryptamean: posts small blind $1
FinDeSiecle: posts big blind $3
*** HOLE CARDS ***
Tryptamean: raises $3 to $6
FinDeSiecle: calls $3
*** FLOP *** [Qc Td Qd]
FinDeSiecle: checks
Tryptamean: bets $3
FinDeSiecle: calls $3
*** TURN *** [Qc Td Qd] [2c]
FinDeSiecle: checks
Tryptamean: checks
*** RIVER *** [Qc Td Qd 2c] [Ts]
FinDeSiecle: checks
Tryptamean: bets $6
FinDeSiecle: calls $6
*** SHOW DOWN ***
Tryptamean: shows [4s 3h] (two pair, Queens and Tens)
FinDeSiecle: shows [8h Kd] (two pair, Queens and Tens - King kicker)
FinDeSiecle collected $29.50 from pot
*** SUMMARY ***
Total pot $30 | Rake $0.50
Board [Qc Td Qd 2c Ts]
Seat 2: FinDeSiecle (big blind) showed [8h Kd] and won ($29.50) with two pair, Queens and Tens
Seat 3: Tryptamean (button) (small blind) showed [4s 3h] and lost with two pair, Queens and Tens


PokerStars Hand #155224833817:  Hold'em Limit ($3/$6 USD) - 2016/06/26 12:31:32 ET
Table 'Wasat' 6-max Seat #3 is the button
Seat 2: FinDeSiecle ($88.05 in chips)
Seat 3: Tryptamean ($212.30 in chips)
Tryptamean: posts small blind $1
FinDeSiecle: posts big blind $3
*** HOLE CARDS ***
Tryptamean: raises $3 to $6
FinDeSiecle: folds
Uncalled bet ($3) returned to Tryptamean
Tryptamean collected $6 from pot
Tryptamean: doesn't show hand
*** SUMMARY ***
Total pot $6 | Rake $0
Seat 2: FinDeSiecle (big blind) folded before Flop
Seat 3: Tryptamean (button) (small blind) collected ($6)


PokerStars Hand #155224823505:  Hold'em Limit ($3/$6 USD) - 2016/06/26 12:31:17 ET
Table 'Wasat' 6-max Seat #2 is the button
Seat 2: FinDeSiecle ($82.29 in chips)
Seat 3: Tryptamean ($218.30 in chips)
FinDeSiecle: posts small blind $1
Tryptamean: posts big blind $3
*** HOLE CARDS ***
FinDeSiecle: raises $3 to $6
Tryptamean: calls $3
*** FLOP *** [Ks Kh 2d]
Tryptamean: checks
FinDeSiecle: bets $3
Tryptamean: folds
Uncalled bet ($3) returned to FinDeSiecle
FinDeSiecle collected $11.76 from pot
FinDeSiecle: doesn't show hand
*** SUMMARY ***
Total pot $12 | Rake $0.24
Board [Ks Kh 2d]
Seat 2: FinDeSiecle (button) (small blind) collected ($11.76)
Seat 3: Tryptamean (big blind) folded on the Flop


PokerStars Hand #155224818839:  Hold'em Limit ($3/$6 USD) - 2016/06/26 12:31:10 ET
Table 'Wasat' 6-max Seat #3 is the button
Seat 2: FinDeSiecle ($85.29 in chips)
Seat 3: Tryptamean ($215.30 in chips)
Tryptamean: posts small blind $1
FinDeSiecle: posts big blind $3
*** HOLE CARDS ***
Tryptamean: raises $3 to $6
FinDeSiecle: folds
Uncalled bet ($3) returned to Tryptamean
Tryptamean collected $6 from pot
Tryptamean: doesn't show hand
*** SUMMARY ***
Total pot $6 | Rake $0
Seat 2: FinDeSiecle (big blind) folded before Flop
Seat 3: Tryptamean (button) (small blind) collected ($6)


PokerStars Hand #155224792559:  Hold'em Limit ($3/$6 USD) - 2016/06/26 12:30:31 ET
Table 'Wasat' 6-max Seat #2 is the button
Seat 2: FinDeSiecle ($67.79 in chips)
Seat 3: Tryptamean ($233.30 in chips)
FinDeSiecle: posts small blind $1
Tryptamean: posts big blind $3
*** HOLE CARDS ***
FinDeSiecle: raises $3 to $6
Tryptamean: calls $3
*** FLOP *** [9d 3c 2d]
Tryptamean: checks
FinDeSiecle: bets $3
Tryptamean: raises $3 to $6
FinDeSiecle: calls $3
*** TURN *** [9d 3c 2d] [9c]
Tryptamean: bets $6
FinDeSiecle: calls $6
*** RIVER *** [9d 3c 2d 9c] [Ah]
Tryptamean: checks
FinDeSiecle: checks
*** SHOW DOWN ***
Tryptamean: shows [4s 6c] (a pair of Nines)
FinDeSiecle: shows [Js Kd] (a pair of Nines - Ace+King kicker)
FinDeSiecle collected $35.50 from pot
*** SUMMARY ***
Total pot $36 | Rake $0.50
Board [9d 3c 2d 9c Ah]
Seat 2: FinDeSiecle (button) (small blind) showed [Js Kd] and won ($35.50) with a pair of Nines
Seat 3: Tryptamean (big blind) showed [4s 6c] and lost with a pair of Nines


PokerStars Hand #155224839664:  Hold'em Limit ($3/$6 USD) - 2016/06/26 12:31:41 ET
Table 'Wasat' 6-max Seat #2 is the button
Seat 2: FinDeSiecle ($85.05 in chips)
Seat 3: Tryptamean ($215.30 in chips)
FinDeSiecle: posts small blind $1
Tryptamean: posts big blind $3
*** HOLE CARDS ***
FinDeSiecle: raises $3 to $6
Tryptamean: calls $3
*** FLOP *** [6s 9d 9s]
Tryptamean: checks
FinDeSiecle: bets $3
Tryptamean: folds
Uncalled bet ($3) returned to FinDeSiecle
FinDeSiecle collected $11.76 from pot
FinDeSiecle: doesn't show hand
*** SUMMARY ***
Total pot $12 | Rake $0.24
Board [6s 9d 9s]
Seat 2: FinDeSiecle (button) (small blind) collected ($11.76)
Seat 3: Tryptamean (big blind) folded on the Flop


PokerStars Hand #155224889480:  Hold'em Limit ($3/$6 USD) - 2016/06/26 12:32:49 ET
Table 'Wasat' 6-max Seat #2 is the button
Seat 2: FinDeSiecle ($66.81 in chips)
Seat 3: Tryptamean ($232.80 in chips)
FinDeSiecle: posts small blind $1
Tryptamean: posts big blind $3
*** HOLE CARDS ***
FinDeSiecle: folds
Uncalled bet ($2) returned to Tryptamean
Tryptamean collected $2 from pot
Tryptamean: doesn't show hand
*** SUMMARY ***
Total pot $2 | Rake $0
Seat 2: FinDeSiecle (button) (small blind) folded before Flop
Seat 3: Tryptamean (big blind) collected ($2)


PokerStars Hand #155224855040:  Hold'em Limit ($3/$6 USD) - 2016/06/26 12:32:03 ET
Table 'Wasat' 6-max Seat #3 is the button
Seat 2: FinDeSiecle ($90.81 in chips)
Seat 3: Tryptamean ($209.30 in chips)
Tryptamean: posts small blind $1
FinDeSiecle: posts big blind $3
*** HOLE CARDS ***
Tryptamean: raises $3 to $6
FinDeSiecle: raises $3 to $9
Tryptamean: calls $3
*** FLOP *** [Js 7s 5h]
FinDeSiecle: bets $3
Tryptamean: calls $3
*** TURN *** [Js 7s 5h] [Qh]
FinDeSiecle: checks
Tryptamean: bets $6
FinDeSiecle: calls $6
*** RIVER *** [Js 7s 5h Qh] [Qc]
FinDeSiecle: checks
Tryptamean: bets $6
FinDeSiecle: calls $6
*** SHOW DOWN ***
Tryptamean: shows [Jh 5d] (two pair, Queens and Jacks)
FinDeSiecle: mucks hand
Tryptamean collected $47.50 from pot
*** SUMMARY ***
Total pot $48 | Rake $0.50
Board [Js 7s 5h Qh Qc]
Seat 2: FinDeSiecle (big blind) mucked
Seat 3: Tryptamean (button) (small blind) showed [Jh 5d] and won ($47.50) with two pair, Queens and Jacks


PokerStars Hand #155224895091:  Hold'em Limit ($3/$6 USD) - 2016/06/26 12:32:57 ET
Table 'Wasat' 6-max Seat #3 is the button
Seat 2: FinDeSiecle ($65.81 in chips)
Seat 3: Tryptamean ($233.80 in chips)
Tryptamean: posts small blind $1
FinDeSiecle: posts big blind $3
*** HOLE CARDS ***
Tryptamean: raises $3 to $6
FinDeSiecle: calls $3
*** FLOP *** [7d 6s Td]
FinDeSiecle: checks
Tryptamean: bets $3
FinDeSiecle: folds
Uncalled bet ($3) returned to Tryptamean
Tryptamean collected $11.76 from pot
Tryptamean: doesn't show hand
*** SUMMARY ***
Total pot $12 | Rake $0.24
Board [7d 6s Td]
Seat 2: FinDeSiecle (big blind) folded on the Flop
Seat 3: Tryptamean (button) (small blind) collected ($11.76)


PokerStars Hand #155224906889:  Hold'em Limit ($3/$6 USD) - 2016/06/26 12:33:14 ET
Table 'Wasat' 6-max Seat #2 is the button
Seat 2: FinDeSiecle ($59.81 in chips)
Seat 3: Tryptamean ($239.56 in chips)
FinDeSiecle: posts small blind $1
Tryptamean: posts big blind $3
*** HOLE CARDS ***
FinDeSiecle: folds
Uncalled bet ($2) returned to Tryptamean
Tryptamean collected $2 from pot
Tryptamean: doesn't show hand
*** SUMMARY ***
Total pot $2 | Rake $0
Seat 2: FinDeSiecle (button) (small blind) folded before Flop
Seat 3: Tryptamean (big blind) collected ($2)


PokerStars Hand #155224911716:  Hold'em Limit ($3/$6 USD) - 2016/06/26 12:33:21 ET
Table 'Wasat' 6-max Seat #3 is the button
Seat 2: FinDeSiecle ($58.81 in chips)
Seat 3: Tryptamean ($240.56 in chips)
Tryptamean: posts small blind $1
FinDeSiecle: posts big blind $3
*** HOLE CARDS ***
Tryptamean: raises $3 to $6
FinDeSiecle: folds
Uncalled bet ($3) returned to Tryptamean
Tryptamean collected $6 from pot
Tryptamean: doesn't show hand
*** SUMMARY ***
Total pot $6 | Rake $0
Seat 2: FinDeSiecle (big blind) folded before Flop
Seat 3: Tryptamean (button) (small blind) collected ($6)


PokerStars Hand #155224951529:  Hold'em Limit ($3/$6 USD) - 2016/06/26 12:34:19 ET
Table 'Wasat' 6-max Seat #3 is the button
Seat 2: FinDeSiecle ($73.31 in chips)
Seat 3: Tryptamean ($225.56 in chips)
Tryptamean: posts small blind $1
FinDeSiecle: posts big blind $3
*** HOLE CARDS ***
Tryptamean: raises $3 to $6
FinDeSiecle: folds
Uncalled bet ($3) returned to Tryptamean
Tryptamean collected $6 from pot
Tryptamean: doesn't show hand
*** SUMMARY ***
Total pot $6 | Rake $0
Seat 2: FinDeSiecle (big blind) folded before Flop
Seat 3: Tryptamean (button) (small blind) collected ($6)


PokerStars Hand #155224919944:  Hold'em Limit ($3/$6 USD) - 2016/06/26 12:33:33 ET
Table 'Wasat' 6-max Seat #2 is the button
Seat 2: FinDeSiecle ($55.81 in chips)
Seat 3: Tryptamean ($243.56 in chips)
FinDeSiecle: posts small blind $1
Tryptamean: posts big blind $3
*** HOLE CARDS ***
FinDeSiecle: raises $3 to $6
Tryptamean: calls $3
*** FLOP *** [4s Tc 8c]
Tryptamean: checks
FinDeSiecle: checks
*** TURN *** [4s Tc 8c] [6d]
Tryptamean: checks
FinDeSiecle: bets $6
Tryptamean: calls $6
*** RIVER *** [4s Tc 8c 6d] [4h]
Tryptamean: checks
FinDeSiecle: bets $6
Tryptamean: calls $6
*** SHOW DOWN ***
FinDeSiecle: shows [Qs 6h] (two pair, Sixes and Fours)
Tryptamean: mucks hand
FinDeSiecle collected $35.50 from pot
*** SUMMARY ***
Total pot $36 | Rake $0.50
Board [4s Tc 8c 6d 4h]
Seat 2: FinDeSiecle (button) (small blind) showed [Qs 6h] and won ($35.50) with two pair, Sixes and Fours
Seat 3: Tryptamean (big blind) mucked


PokerStars Hand #155224957249:  Hold'em Limit ($3/$6 USD) - 2016/06/26 12:34:27 ET
Table 'Wasat' 6-max Seat #2 is the button
Seat 2: FinDeSiecle ($70.31 in chips)
Seat 3: Tryptamean ($228.56 in chips)
FinDeSiecle: posts small blind $1
Tryptamean: posts big blind $3
*** HOLE CARDS ***
FinDeSiecle: folds
Uncalled bet ($2) returned to Tryptamean
Tryptamean collected $2 from pot
Tryptamean: doesn't show hand
*** SUMMARY ***
Total pot $2 | Rake $0
Seat 2: FinDeSiecle (button) (small blind) folded before Flop
Seat 3: Tryptamean (big blind) collected ($2)


PokerStars Hand #155225001991:  Hold'em Limit ($3/$6 USD) - 2016/06/26 12:35:32 ET
Table 'Wasat' 6-max Seat #3 is the button
Seat 2: FinDeSiecle ($54.07 in chips)
Seat 3: Tryptamean ($244.06 in chips)
Tryptamean: posts small blind $1
FinDeSiecle: posts big blind $3
*** HOLE CARDS ***
Tryptamean: folds
Uncalled bet ($2) returned to FinDeSiecle
FinDeSiecle collected $2 from pot
FinDeSiecle: doesn't show hand
*** SUMMARY ***
Total pot $2 | Rake $0
Seat 2: FinDeSiecle (big blind) collected ($2)
Seat 3: Tryptamean (button) (small blind) folded before Flop


PokerStars Hand #155224984629:  Hold'em Limit ($3/$6 USD) - 2016/06/26 12:35:07 ET
Table 'Wasat' 6-max Seat #2 is the button
Seat 2: FinDeSiecle ($48.31 in chips)
Seat 3: Tryptamean ($250.06 in chips)
FinDeSiecle: posts small blind $1
Tryptamean: posts big blind $3
*** HOLE CARDS ***
FinDeSiecle: raises $3 to $6
Tryptamean: calls $3
*** FLOP *** [6d 9d Js]
Tryptamean: checks
FinDeSiecle: bets $3
Tryptamean: folds
Uncalled bet ($3) returned to FinDeSiecle
FinDeSiecle collected $11.76 from pot
FinDeSiecle: doesn't show hand
*** SUMMARY ***
Total pot $12 | Rake $0.24
Board [6d 9d Js]
Seat 2: FinDeSiecle (button) (small blind) collected ($11.76)
Seat 3: Tryptamean (big blind) folded on the Flop


PokerStars Hand #155225009209:  Hold'em Limit ($3/$6 USD) - 2016/06/26 12:35:43 ET
Table 'Wasat' 6-max Seat #3 is the button
Seat 2: FinDeSiecle ($54.07 in chips)
Seat 3: Tryptamean ($244.06 in chips)
Tryptamean: posts small blind $1
FinDeSiecle: posts big blind $3
*** HOLE CARDS ***
Tryptamean: folds
Uncalled bet ($2) returned to FinDeSiecle
FinDeSiecle collected $2 from pot
FinDeSiecle: doesn't show hand
*** SUMMARY ***
Total pot $2 | Rake $0
Seat 2: FinDeSiecle (big blind) collected ($2)
Seat 3: Tryptamean (button) (small blind) folded before Flop


PokerStars Hand #155225005838:  Hold'em Limit ($3/$6 USD) - 2016/06/26 12:35:38 ET
Table 'Wasat' 6-max Seat #2 is the button
Seat 2: FinDeSiecle ($55.07 in chips)
Seat 3: Tryptamean ($243.06 in chips)
FinDeSiecle: posts small blind $1
Tryptamean: posts big blind $3
*** HOLE CARDS ***
FinDeSiecle: folds
Uncalled bet ($2) returned to Tryptamean
Tryptamean collected $2 from pot
Tryptamean: doesn't show hand
*** SUMMARY ***
Total pot $2 | Rake $0
Seat 2: FinDeSiecle (button) (small blind) folded before Flop
Seat 3: Tryptamean (big blind) collected ($2)


PokerStars Hand #155224963076:  Hold'em Limit ($3/$6 USD) - 2016/06/26 12:34:36 ET
Table 'Wasat' 6-max Seat #3 is the button
Seat 2: FinDeSiecle ($69.31 in chips)
Seat 3: Tryptamean ($229.56 in chips)
Tryptamean: posts small blind $1
FinDeSiecle: posts big blind $3
*** HOLE CARDS ***
Tryptamean: raises $3 to $6
FinDeSiecle: calls $3
*** FLOP *** [Jd Qs 3h]
FinDeSiecle: checks
Tryptamean: bets $3
FinDeSiecle: calls $3
*** TURN *** [Jd Qs 3h] [7d]
FinDeSiecle: checks
Tryptamean: bets $6
FinDeSiecle: calls $6
*** RIVER *** [Jd Qs 3h 7d] [Th]
FinDeSiecle: checks
Tryptamean: bets $6
FinDeSiecle: calls $6
*** SHOW DOWN ***
Tryptamean: shows [Qc Ts] (two pair, Queens and Tens)
FinDeSiecle: mucks hand
Tryptamean collected $41.50 from pot
*** SUMMARY ***
Total pot $42 | Rake $0.50
Board [Jd Qs 3h 7d Th]
Seat 2: FinDeSiecle (big blind) mucked
Seat 3: Tryptamean (button) (small blind) showed [Qc Ts] and won ($41.50) with two pair, Queens and Tens


PokerStars Hand #155225013037:  Hold'em Limit ($3/$6 USD) - 2016/06/26 12:35:48 ET
Table 'Wasat' 6-max Seat #2 is the button
Seat 2: FinDeSiecle ($55.07 in chips)
Seat 3: Tryptamean ($243.06 in chips)
FinDeSiecle: posts small blind $1
Tryptamean: posts big blind $3
*** HOLE CARDS ***
FinDeSiecle: raises $3 to $6
Tryptamean: calls $3
*** FLOP *** [6c Js 5h]
Tryptamean: checks
FinDeSiecle: checks
*** TURN *** [6c Js 5h] [2h]
Tryptamean: bets $6
FinDeSiecle: folds
Uncalled bet ($6) returned to Tryptamean
Tryptamean collected $11.76 from pot
Tryptamean: doesn't show hand
*** SUMMARY ***
Total pot $12 | Rake $0.24
Board [6c Js 5h 2h]
Seat 2: FinDeSiecle (button) (small blind) folded on the Turn
Seat 3: Tryptamean (big blind) collected ($11.76)


PokerStars Hand #155225029074:  Hold'em Limit ($3/$6 USD) - 2016/06/26 12:36:12 ET
Table 'Wasat' 6-max Seat #3 is the button
Seat 2: FinDeSiecle ($49.07 in chips)
Seat 3: Tryptamean ($248.82 in chips)
Tryptamean: posts small blind $1
FinDeSiecle: posts big blind $3
*** HOLE CARDS ***
Tryptamean: raises $3 to $6
FinDeSiecle: raises $3 to $9
Tryptamean: calls $3
*** FLOP *** [5c 3c 4c]
FinDeSiecle: bets $3
Tryptamean: calls $3
*** TURN *** [5c 3c 4c] [9d]
FinDeSiecle: bets $6
Tryptamean: raises $6 to $12
FinDeSiecle: calls $6
*** RIVER *** [5c 3c 4c 9d] [Jc]
FinDeSiecle: checks
Tryptamean: checks
*** SHOW DOWN ***
FinDeSiecle: shows [Jh Ah] (a pair of Jacks)
Tryptamean: mucks hand
FinDeSiecle collected $47.50 from pot
*** SUMMARY ***
Total pot $48 | Rake $0.50
Board [5c 3c 4c 9d Jc]
Seat 2: FinDeSiecle (big blind) showed [Jh Ah] and won ($47.50) with a pair of Jacks
Seat 3: Tryptamean (button) (small blind) mucked


PokerStars Hand #155225048108:  Hold'em Limit ($3/$6 USD) - 2016/06/26 12:36:40 ET
Table 'Wasat' 6-max Seat #2 is the button
Seat 2: FinDeSiecle ($72.57 in chips)
Seat 3: Tryptamean ($224.82 in chips)
FinDeSiecle: posts small blind $1
Tryptamean: posts big blind $3
*** HOLE CARDS ***
FinDeSiecle: raises $3 to $6
Tryptamean: raises $3 to $9
FinDeSiecle: calls $3
*** FLOP *** [Kc 3h 9c]
Tryptamean: bets $3
FinDeSiecle: folds
Uncalled bet ($3) returned to Tryptamean
Tryptamean collected $17.64 from pot
Tryptamean: doesn't show hand
*** SUMMARY ***
Total pot $18 | Rake $0.36
Board [Kc 3h 9c]
Seat 2: FinDeSiecle (button) (small blind) folded on the Flop
Seat 3: Tryptamean (big blind) collected ($17.64)


PokerStars Hand #155225064339:  Hold'em Limit ($3/$6 USD) - 2016/06/26 12:37:04 ET
Table 'Wasat' 6-max Seat #2 is the button
Seat 2: FinDeSiecle ($60.57 in chips)
Seat 3: Tryptamean ($236.46 in chips)
FinDeSiecle: posts small blind $1
Tryptamean: posts big blind $3
*** HOLE CARDS ***
FinDeSiecle: raises $3 to $6
Tryptamean: calls $3
*** FLOP *** [2s 5h Qd]
Tryptamean: checks
FinDeSiecle: bets $3
Tryptamean: raises $3 to $6
FinDeSiecle: folds
Uncalled bet ($3) returned to Tryptamean
Tryptamean collected $17.64 from pot
Tryptamean: doesn't show hand
*** SUMMARY ***
Total pot $18 | Rake $0.36
Board [2s 5h Qd]
Seat 2: FinDeSiecle (button) (small blind) folded on the Flop
Seat 3: Tryptamean (big blind) collected ($17.64)


PokerStars Hand #155225089698:  Hold'em Limit ($3/$6 USD) - 2016/06/26 12:37:42 ET
Table 'Wasat' 6-max Seat #2 is the button
Seat 2: FinDeSiecle ($48.57 in chips)
Seat 3: Tryptamean ($248.10 in chips)
FinDeSiecle: posts small blind $1
Tryptamean: posts big blind $3
*** HOLE CARDS ***
FinDeSiecle: folds
Uncalled bet ($2) returned to Tryptamean
Tryptamean collected $2 from pot
Tryptamean: doesn't show hand
*** SUMMARY ***
Total pot $2 | Rake $0
Seat 2: FinDeSiecle (button) (small blind) folded before Flop
Seat 3: Tryptamean (big blind) collected ($2)


PokerStars Hand #155225082503:  Hold'em Limit ($3/$6 USD) - 2016/06/26 12:37:31 ET
Table 'Wasat' 6-max Seat #3 is the button
Seat 2: FinDeSiecle ($51.57 in chips)
Seat 3: Tryptamean ($245.10 in chips)
Tryptamean: posts small blind $1
FinDeSiecle: posts big blind $3
*** HOLE CARDS ***
Tryptamean: raises $3 to $6
FinDeSiecle: folds
Uncalled bet ($3) returned to Tryptamean
Tryptamean collected $6 from pot
Tryptamean: doesn't show hand
*** SUMMARY ***
Total pot $6 | Rake $0
Seat 2: FinDeSiecle (big blind) folded before Flop
Seat 3: Tryptamean (button) (small blind) collected ($6)


PokerStars Hand #155225058217:  Hold'em Limit ($3/$6 USD) - 2016/06/26 12:36:55 ET
Table 'Wasat' 6-max Seat #3 is the button
Seat 2: FinDeSiecle ($63.57 in chips)
Seat 3: Tryptamean ($233.46 in chips)
Tryptamean: posts small blind $1
FinDeSiecle: posts big blind $3
*** HOLE CARDS ***
Tryptamean: raises $3 to $6
FinDeSiecle: folds
Uncalled bet ($3) returned to Tryptamean
Tryptamean collected $6 from pot
Tryptamean: doesn't show hand
*** SUMMARY ***
Total pot $6 | Rake $0
Seat 2: FinDeSiecle (big blind) folded before Flop
Seat 3: Tryptamean (button) (small blind) collected ($6)


PokerStars Hand #155225093283:  Hold'em Limit ($3/$6 USD) - 2016/06/26 12:37:47 ET
Table 'Wasat' 6-max Seat #3 is the button
Seat 2: FinDeSiecle ($47.57 in chips)
Seat 3: Tryptamean ($249.10 in chips)
Tryptamean: posts small blind $1
FinDeSiecle: posts big blind $3
*** HOLE CARDS ***
Tryptamean: raises $3 to $6
FinDeSiecle: folds
Uncalled bet ($3) returned to Tryptamean
Tryptamean collected $6 from pot
Tryptamean: doesn't show hand
*** SUMMARY ***
Total pot $6 | Rake $0
Seat 2: FinDeSiecle (big blind) folded before Flop
Seat 3: Tryptamean (button) (small blind) collected ($6)


PokerStars Hand #155225103136:  Hold'em Limit ($3/$6 USD) - 2016/06/26 12:38:01 ET
Table 'Wasat' 6-max Seat #3 is the button
Seat 2: FinDeSiecle ($43.57 in chips)
Seat 3: Tryptamean ($253.10 in chips)
Tryptamean: posts small blind $1
FinDeSiecle: posts big blind $3
*** HOLE CARDS ***
Tryptamean: folds
Uncalled bet ($2) returned to FinDeSiecle
FinDeSiecle collected $2 from pot
FinDeSiecle: doesn't show hand
*** SUMMARY ***
Total pot $2 | Rake $0
Seat 2: FinDeSiecle (big blind) collected ($2)
Seat 3: Tryptamean (button) (small blind) folded before Flop


PokerStars Hand #155225099245:  Hold'em Limit ($3/$6 USD) - 2016/06/26 12:37:55 ET
Table 'Wasat' 6-max Seat #2 is the button
Seat 2: FinDeSiecle ($44.57 in chips)
Seat 3: Tryptamean ($252.10 in chips)
FinDeSiecle: posts small blind $1
Tryptamean: posts big blind $3
*** HOLE CARDS ***
FinDeSiecle: folds
Uncalled bet ($2) returned to Tryptamean
Tryptamean collected $2 from pot
Tryptamean: doesn't show hand
*** SUMMARY ***
Total pot $2 | Rake $0
Seat 2: FinDeSiecle (button) (small blind) folded before Flop
Seat 3: Tryptamean (big blind) collected ($2)


PokerStars Hand #155225110581:  Hold'em Limit ($3/$6 USD) - 2016/06/26 12:38:12 ET
Table 'Wasat' 6-max Seat #3 is the button
Seat 2: FinDeSiecle ($43.57 in chips)
Seat 3: Tryptamean ($253.10 in chips)
Tryptamean: posts small blind $1
FinDeSiecle: posts big blind $3
*** HOLE CARDS ***
Tryptamean: folds
Uncalled bet ($2) returned to FinDeSiecle
FinDeSiecle collected $2 from pot
FinDeSiecle: doesn't show hand
*** SUMMARY ***
Total pot $2 | Rake $0
Seat 2: FinDeSiecle (big blind) collected ($2)
Seat 3: Tryptamean (button) (small blind) folded before Flop


PokerStars Hand #155225106940:  Hold'em Limit ($3/$6 USD) - 2016/06/26 12:38:06 ET
Table 'Wasat' 6-max Seat #2 is the button
Seat 2: FinDeSiecle ($44.57 in chips)
Seat 3: Tryptamean ($252.10 in chips)
FinDeSiecle: posts small blind $1
Tryptamean: posts big blind $3
*** HOLE CARDS ***
FinDeSiecle: folds
Uncalled bet ($2) returned to Tryptamean
Tryptamean collected $2 from pot
Tryptamean: doesn't show hand
*** SUMMARY ***
Total pot $2 | Rake $0
Seat 2: FinDeSiecle (button) (small blind) folded before Flop
Seat 3: Tryptamean (big blind) collected ($2)


PokerStars Hand #155225117806:  Hold'em Limit ($3/$6 USD) - 2016/06/26 12:38:22 ET
Table 'Wasat' 6-max Seat #3 is the button
Seat 2: FinDeSiecle ($43.57 in chips)
Seat 3: Tryptamean ($253.10 in chips)
Tryptamean: posts small blind $1
FinDeSiecle: posts big blind $3
*** HOLE CARDS ***
Tryptamean: raises $3 to $6
FinDeSiecle: folds
Uncalled bet ($3) returned to Tryptamean
Tryptamean collected $6 from pot
Tryptamean: doesn't show hand
*** SUMMARY ***
Total pot $6 | Rake $0
Seat 2: FinDeSiecle (big blind) folded before Flop
Seat 3: Tryptamean (button) (small blind) collected ($6)


PokerStars Hand #155225114346:  Hold'em Limit ($3/$6 USD) - 2016/06/26 12:38:17 ET
Table 'Wasat' 6-max Seat #2 is the button
Seat 2: FinDeSiecle ($44.57 in chips)
Seat 3: Tryptamean ($252.10 in chips)
FinDeSiecle: posts small blind $1
Tryptamean: posts big blind $3
*** HOLE CARDS ***
FinDeSiecle: folds
Uncalled bet ($2) returned to Tryptamean
Tryptamean collected $2 from pot
Tryptamean: doesn't show hand
*** SUMMARY ***
Total pot $2 | Rake $0
Seat 2: FinDeSiecle (button) (small blind) folded before Flop
Seat 3: Tryptamean (big blind) collected ($2)


PokerStars Hand #155225122874:  Hold'em Limit ($3/$6 USD) - 2016/06/26 12:38:30 ET
Table 'Wasat' 6-max Seat #2 is the button
Seat 2: FinDeSiecle ($40.57 in chips)
Seat 3: Tryptamean ($256.10 in chips)
FinDeSiecle: posts small blind $1
Tryptamean: posts big blind $3
*** HOLE CARDS ***
FinDeSiecle: folds
Uncalled bet ($2) returned to Tryptamean
Tryptamean collected $2 from pot
Tryptamean: doesn't show hand
*** SUMMARY ***
Total pot $2 | Rake $0
Seat 2: FinDeSiecle (button) (small blind) folded before Flop
Seat 3: Tryptamean (big blind) collected ($2)


PokerStars Hand #155225129262:  Hold'em Limit ($3/$6 USD) - 2016/06/26 12:38:39 ET
Table 'Wasat' 6-max Seat #3 is the button
Seat 2: FinDeSiecle ($39.57 in chips)
Seat 3: Tryptamean ($257.10 in chips)
Tryptamean: posts small blind $1
FinDeSiecle: posts big blind $3
*** HOLE CARDS ***
Tryptamean: raises $3 to $6
FinDeSiecle: folds
Uncalled bet ($3) returned to Tryptamean
Tryptamean collected $6 from pot
Tryptamean: doesn't show hand
*** SUMMARY ***
Total pot $6 | Rake $0
Seat 2: FinDeSiecle (big blind) folded before Flop
Seat 3: Tryptamean (button) (small blind) collected ($6)


PokerStars Hand #155225134953:  Hold'em Limit ($3/$6 USD) - 2016/06/26 12:38:47 ET
Table 'Wasat' 6-max Seat #2 is the button
Seat 2: FinDeSiecle ($36.57 in chips)
Seat 3: Tryptamean ($260.10 in chips)
FinDeSiecle: posts small blind $1
Tryptamean: posts big blind $3
*** HOLE CARDS ***
FinDeSiecle: raises $3 to $6
Tryptamean: raises $3 to $9
FinDeSiecle: calls $3
*** FLOP *** [Th Qh 8h]
Tryptamean: bets $3
FinDeSiecle: folds
Uncalled bet ($3) returned to Tryptamean
Tryptamean collected $17.64 from pot
Tryptamean: doesn't show hand
*** SUMMARY ***
Total pot $18 | Rake $0.36
Board [Th Qh 8h]
Seat 2: FinDeSiecle (button) (small blind) folded on the Flop
Seat 3: Tryptamean (big blind) collected ($17.64)


PokerStars Hand #155225144471:  Hold'em Limit ($3/$6 USD) - 2016/06/26 12:39:01 ET
Table 'Wasat' 6-max Seat #3 is the button
Seat 2: FinDeSiecle ($27.57 in chips)
Seat 3: Tryptamean ($268.74 in chips)
Tryptamean: posts small blind $1
FinDeSiecle: posts big blind $3
*** HOLE CARDS ***
Tryptamean: raises $3 to $6
FinDeSiecle: raises $3 to $9
Tryptamean: calls $3
*** FLOP *** [6c As 4d]
FinDeSiecle: bets $3
Tryptamean: calls $3
*** TURN *** [6c As 4d] [6h]
FinDeSiecle: bets $6
Tryptamean: calls $6
*** RIVER *** [6c As 4d 6h] [9c]
FinDeSiecle: bets $6
Tryptamean: calls $6
*** SHOW DOWN ***
FinDeSiecle: shows [Qs 6d] (three of a kind, Sixes)
Tryptamean: mucks hand
FinDeSiecle collected $47.50 from pot
*** SUMMARY ***
Total pot $48 | Rake $0.50
Board [6c As 4d 6h 9c]
Seat 2: FinDeSiecle (big blind) showed [Qs 6d] and won ($47.50) with three of a kind, Sixes
Seat 3: Tryptamean (button) (small blind) mucked


PokerStars Hand #155225160314:  Hold'em Limit ($3/$6 USD) - 2016/06/26 12:39:24 ET
Table 'Wasat' 6-max Seat #2 is the button
Seat 2: FinDeSiecle ($51.07 in chips)
Seat 3: Tryptamean ($244.74 in chips)
FinDeSiecle: posts small blind $1
Tryptamean: posts big blind $3
*** HOLE CARDS ***
FinDeSiecle: raises $3 to $6
Tryptamean: raises $3 to $9
prallimall joins the table at seat #6
FinDeSiecle: calls $3
*** FLOP *** [5h Qh Th]
Tryptamean: bets $3
FinDeSiecle: folds
Uncalled bet ($3) returned to Tryptamean
Tryptamean collected $17.64 from pot
Tryptamean: doesn't show hand
*** SUMMARY ***
Total pot $18 | Rake $0.36
Board [5h Qh Th]
Seat 2: FinDeSiecle (button) (small blind) folded on the Flop
Seat 3: Tryptamean (big blind) collected ($17.64)


PokerStars Hand #155225227717:  Hold'em Limit ($3/$6 USD) - 2016/06/26 12:41:03 ET
Table 'Wasat' 6-max Seat #3 is the button
Seat 2: FinDeSiecle ($53.26 in chips)
Seat 3: Tryptamean ($258.21 in chips)
Tryptamean: posts small blind $1
FinDeSiecle: posts big blind $3
*** HOLE CARDS ***
Tryptamean: raises $3 to $6
FinDeSiecle: raises $3 to $9
Tryptamean: calls $3
*** FLOP *** [2s 8s 7s]
FinDeSiecle: bets $3
Tryptamean: calls $3
*** TURN *** [2s 8s 7s] [As]
FinDeSiecle: bets $6
Tryptamean: raises $6 to $12
FinDeSiecle: calls $6
*** RIVER *** [2s 8s 7s As] [8d]
FinDeSiecle: bets $6
Tryptamean: folds
Uncalled bet ($6) returned to FinDeSiecle
FinDeSiecle collected $47.50 from pot
FinDeSiecle: doesn't show hand
*** SUMMARY ***
Total pot $48 | Rake $0.50
Board [2s 8s 7s As 8d]
Seat 2: FinDeSiecle (big blind) collected ($47.50)
Seat 3: Tryptamean (button) (small blind) folded on the River


PokerStars Hand #155225248593:  Hold'em Limit ($3/$6 USD) - 2016/06/26 12:41:33 ET
Table 'Wasat' 6-max Seat #2 is the button
Seat 2: FinDeSiecle ($76.76 in chips)
Seat 3: Tryptamean ($234.21 in chips)
FinDeSiecle: posts small blind $1
Tryptamean: posts big blind $3
*** HOLE CARDS ***
FinDeSiecle: raises $3 to $6
Tryptamean: calls $3
*** FLOP *** [2d 5c Jd]
Tryptamean: checks
FinDeSiecle: checks
*** TURN *** [2d 5c Jd] [Ks]
Tryptamean: bets $6
FinDeSiecle: calls $6
*** RIVER *** [2d 5c Jd Ks] [4c]
Tryptamean: bets $6
FinDeSiecle: calls $6
*** SHOW DOWN ***
Tryptamean: shows [Jh 9s] (a pair of Jacks)
FinDeSiecle: mucks hand
Tryptamean collected $35.50 from pot
*** SUMMARY ***
Total pot $36 | Rake $0.50
Board [2d 5c Jd Ks 4c]
Seat 2: FinDeSiecle (button) (small blind) mucked
Seat 3: Tryptamean (big blind) showed [Jh 9s] and won ($35.50) with a pair of Jacks


PokerStars Hand #155225265200:  Hold'em Limit ($3/$6 USD) - 2016/06/26 12:41:57 ET
Table 'Wasat' 6-max Seat #3 is the button
Seat 2: FinDeSiecle ($58.76 in chips)
Seat 3: Tryptamean ($251.71 in chips)
Tryptamean: posts small blind $1
FinDeSiecle: posts big blind $3
*** HOLE CARDS ***
Tryptamean: raises $3 to $6
FinDeSiecle: folds
Uncalled bet ($3) returned to Tryptamean
Tryptamean collected $6 from pot
Tryptamean: doesn't show hand
*** SUMMARY ***
Total pot $6 | Rake $0
Seat 2: FinDeSiecle (big blind) folded before Flop
Seat 3: Tryptamean (button) (small blind) collected ($6)


PokerStars Hand #155225273945:  Hold'em Limit ($3/$6 USD) - 2016/06/26 12:42:11 ET
Table 'Wasat' 6-max Seat #2 is the button
Seat 2: FinDeSiecle ($55.76 in chips)
Seat 3: Tryptamean ($254.71 in chips)
FinDeSiecle: posts small blind $1
Tryptamean: posts big blind $3
*** HOLE CARDS ***
FinDeSiecle: raises $3 to $6
Tryptamean: calls $3
*** FLOP *** [Qs Js 8d]
Tryptamean: checks
FinDeSiecle: bets $3
Tryptamean: folds
Uncalled bet ($3) returned to FinDeSiecle
FinDeSiecle collected $11.76 from pot
FinDeSiecle: doesn't show hand
*** SUMMARY ***
Total pot $12 | Rake $0.24
Board [Qs Js 8d]
Seat 2: FinDeSiecle (button) (small blind) collected ($11.76)
Seat 3: Tryptamean (big blind) folded on the Flop


PokerStars Hand #155225284976:  Hold'em Limit ($3/$6 USD) - 2016/06/26 12:42:27 ET
Table 'Wasat' 6-max Seat #3 is the button
Seat 2: FinDeSiecle ($61.52 in chips)
Seat 3: Tryptamean ($248.71 in chips)
Tryptamean: posts small blind $1
FinDeSiecle: posts big blind $3
*** HOLE CARDS ***
Tryptamean: folds
Uncalled bet ($2) returned to FinDeSiecle
FinDeSiecle collected $2 from pot
FinDeSiecle: doesn't show hand
*** SUMMARY ***
Total pot $2 | Rake $0
Seat 2: FinDeSiecle (big blind) collected ($2)
Seat 3: Tryptamean (button) (small blind) folded before Flop


PokerStars Hand #155225289138:  Hold'em Limit ($3/$6 USD) - 2016/06/26 12:42:33 ET
Table 'Wasat' 6-max Seat #2 is the button
Seat 2: FinDeSiecle ($62.52 in chips)
Seat 3: Tryptamean ($247.71 in chips)
FinDeSiecle: posts small blind $1
Tryptamean: posts big blind $3
*** HOLE CARDS ***
FinDeSiecle: folds
Uncalled bet ($2) returned to Tryptamean
Tryptamean collected $2 from pot
Tryptamean: doesn't show hand
*** SUMMARY ***
Total pot $2 | Rake $0
Seat 2: FinDeSiecle (button) (small blind) folded before Flop
Seat 3: Tryptamean (big blind) collected ($2)


PokerStars Hand #155225332373:  Hold'em Limit ($3/$6 USD) - 2016/06/26 12:43:34 ET
Table 'Wasat' 6-max Seat #2 is the button
Seat 2: FinDeSiecle ($72.92 in chips)
Seat 3: Tryptamean ($236.71 in chips)
FinDeSiecle: posts small blind $1
Tryptamean: posts big blind $3
*** HOLE CARDS ***
FinDeSiecle: raises $3 to $6
Tryptamean: raises $3 to $9
FinDeSiecle: calls $3
*** FLOP *** [As 7s 9d]
Tryptamean: bets $3
FinDeSiecle: calls $3
*** TURN *** [As 7s 9d] [3s]
Tryptamean: bets $6
FinDeSiecle: calls $6
*** RIVER *** [As 7s 9d 3s] [Kc]
Tryptamean: bets $6
FinDeSiecle: calls $6
*** SHOW DOWN ***
Tryptamean: shows [6s Ts] (a flush, Ace high)
FinDeSiecle: mucks hand
Tryptamean collected $47.50 from pot
*** SUMMARY ***
Total pot $48 | Rake $0.50
Board [As 7s 9d 3s Kc]
Seat 2: FinDeSiecle (button) (small blind) mucked
Seat 3: Tryptamean (big blind) showed [6s Ts] and won ($47.50) with a flush, Ace high


PokerStars Hand #155225297697:  Hold'em Limit ($3/$6 USD) - 2016/06/26 12:42:46 ET
Table 'Wasat' 6-max Seat #3 is the button
Seat 2: FinDeSiecle ($61.52 in chips)
Seat 3: Tryptamean ($248.71 in chips)
Tryptamean: posts small blind $1
FinDeSiecle: posts big blind $3
*** HOLE CARDS ***
Tryptamean: raises $3 to $6
FinDeSiecle: raises $3 to $9
Tryptamean: calls $3
*** FLOP *** [3d 7d Js]
FinDeSiecle: bets $3
Tryptamean: folds
Uncalled bet ($3) returned to FinDeSiecle
FinDeSiecle collected $17.64 from pot
FinDeSiecle: doesn't show hand
*** SUMMARY ***
Total pot $18 | Rake $0.36
Board [3d 7d Js]
Seat 2: FinDeSiecle (big blind) collected ($17.64)
Seat 3: Tryptamean (button) (small blind) folded on the Flop


PokerStars Hand #155225308563:  Hold'em Limit ($3/$6 USD) - 2016/06/26 12:43:02 ET
Table 'Wasat' 6-max Seat #2 is the button
Seat 2: FinDeSiecle ($70.16 in chips)
Seat 3: Tryptamean ($239.71 in chips)
FinDeSiecle: posts small blind $1
Tryptamean: posts big blind $3
*** HOLE CARDS ***
FinDeSiecle: raises $3 to $6
Tryptamean: calls $3
*** FLOP *** [Th Ks Ad]
Tryptamean: checks
FinDeSiecle: bets $3
Tryptamean: folds
Uncalled bet ($3) returned to FinDeSiecle
FinDeSiecle collected $11.76 from pot
FinDeSiecle: doesn't show hand
*** SUMMARY ***
Total pot $12 | Rake $0.24
Board [Th Ks Ad]
Seat 2: FinDeSiecle (button) (small blind) collected ($11.76)
Seat 3: Tryptamean (big blind) folded on the Flop


PokerStars Hand #155225323528:  Hold'em Limit ($3/$6 USD) - 2016/06/26 12:43:23 ET
Table 'Wasat' 6-max Seat #3 is the button
Seat 2: FinDeSiecle ($75.92 in chips)
Seat 3: Tryptamean ($233.71 in chips)
Tryptamean: posts small blind $1
FinDeSiecle: posts big blind $3
*** HOLE CARDS ***
Tryptamean: raises $3 to $6
FinDeSiecle: folds
Uncalled bet ($3) returned to Tryptamean
Tryptamean collected $6 from pot
Tryptamean: doesn't show hand
*** SUMMARY ***
Total pot $6 | Rake $0
Seat 2: FinDeSiecle (big blind) folded before Flop
Seat 3: Tryptamean (button) (small blind) collected ($6)


PokerStars Hand #155225348885:  Hold'em Limit ($3/$6 USD) - 2016/06/26 12:43:59 ET
Table 'Wasat' 6-max Seat #3 is the button
Seat 2: FinDeSiecle ($48.92 in chips)
Seat 3: Tryptamean ($260.21 in chips)
Tryptamean: posts small blind $1
FinDeSiecle: posts big blind $3
*** HOLE CARDS ***
Tryptamean: raises $3 to $6
FinDeSiecle: raises $3 to $9
Tryptamean: calls $3
*** FLOP *** [Ts Tc Jd]
FinDeSiecle: bets $3
Tryptamean: calls $3
*** TURN *** [Ts Tc Jd] [2h]
FinDeSiecle: checks
Tryptamean: bets $6
FinDeSiecle: folds
Uncalled bet ($6) returned to Tryptamean
Tryptamean collected $23.52 from pot
Tryptamean: doesn't show hand
*** SUMMARY ***
Total pot $24 | Rake $0.48
Board [Ts Tc Jd 2h]
Seat 2: FinDeSiecle (big blind) folded on the Turn
Seat 3: Tryptamean (button) (small blind) collected ($23.52)


PokerStars Hand #155225364692:  Hold'em Limit ($3/$6 USD) - 2016/06/26 12:44:23 ET
Table 'Wasat' 6-max Seat #2 is the button
Seat 2: FinDeSiecle ($36.92 in chips)
Seat 3: Tryptamean ($271.73 in chips)
FinDeSiecle: posts small blind $1
Tryptamean: posts big blind $3
*** HOLE CARDS ***
FinDeSiecle: raises $3 to $6
Tryptamean: calls $3
*** FLOP *** [4d Ks Ah]
Tryptamean: checks
FinDeSiecle: bets $3
Tryptamean: folds
Uncalled bet ($3) returned to FinDeSiecle
FinDeSiecle collected $11.76 from pot
FinDeSiecle: doesn't show hand
*** SUMMARY ***
Total pot $12 | Rake $0.24
Board [4d Ks Ah]
Seat 2: FinDeSiecle (button) (small blind) collected ($11.76)
Seat 3: Tryptamean (big blind) folded on the Flop


PokerStars Hand #155225391896:  Hold'em Limit ($3/$6 USD) - 2016/06/26 12:45:03 ET
Table 'Wasat' 6-max Seat #2 is the button
Seat 2: FinDeSiecle ($51.32 in chips)
Seat 3: Tryptamean ($256.73 in chips)
FinDeSiecle: posts small blind $1
Tryptamean: posts big blind $3
*** HOLE CARDS ***
FinDeSiecle: raises $3 to $6
Tryptamean: calls $3
*** FLOP *** [7d Td 4h]
Tryptamean: checks
FinDeSiecle: bets $3
Tryptamean: calls $3
*** TURN *** [7d Td 4h] [3h]
Tryptamean: checks
FinDeSiecle: bets $6
Tryptamean: folds
Uncalled bet ($6) returned to FinDeSiecle
FinDeSiecle collected $17.64 from pot
FinDeSiecle: doesn't show hand
*** SUMMARY ***
Total pot $18 | Rake $0.36
Board [7d Td 4h 3h]
Seat 2: FinDeSiecle (button) (small blind) collected ($17.64)
Seat 3: Tryptamean (big blind) folded on the Turn


PokerStars Hand #155225410572:  Hold'em Limit ($3/$6 USD) - 2016/06/26 12:45:31 ET
Table 'Wasat' 6-max Seat #3 is the button
Seat 2: FinDeSiecle ($59.96 in chips)
Seat 3: Tryptamean ($247.73 in chips)
Tryptamean: posts small blind $1
FinDeSiecle: posts big blind $3
*** HOLE CARDS ***
Tryptamean: folds
Uncalled bet ($2) returned to FinDeSiecle
FinDeSiecle collected $2 from pot
FinDeSiecle: doesn't show hand
*** SUMMARY ***
Total pot $2 | Rake $0
Seat 2: FinDeSiecle (big blind) collected ($2)
Seat 3: Tryptamean (button) (small blind) folded before Flop


PokerStars Hand #155225416476:  Hold'em Limit ($3/$6 USD) - 2016/06/26 12:45:39 ET
Table 'Wasat' 6-max Seat #2 is the button
Seat 2: FinDeSiecle ($60.96 in chips)
Seat 3: Tryptamean ($246.73 in chips)
FinDeSiecle: posts small blind $1
Tryptamean: posts big blind $3
*** HOLE CARDS ***
FinDeSiecle: folds
Uncalled bet ($2) returned to Tryptamean
Tryptamean collected $2 from pot
Tryptamean: doesn't show hand
*** SUMMARY ***
Total pot $2 | Rake $0
Seat 2: FinDeSiecle (button) (small blind) folded before Flop
Seat 3: Tryptamean (big blind) collected ($2)


PokerStars Hand #155225378776:  Hold'em Limit ($3/$6 USD) - 2016/06/26 12:44:44 ET
Table 'Wasat' 6-max Seat #3 is the button
Seat 2: FinDeSiecle ($42.68 in chips)
Seat 3: Tryptamean ($265.73 in chips)
Tryptamean: posts small blind $1
FinDeSiecle: posts big blind $3
*** HOLE CARDS ***
Tryptamean: raises $3 to $6
FinDeSiecle: calls $3
*** FLOP *** [3s Qh Qc]
FinDeSiecle: checks
Tryptamean: bets $3
FinDeSiecle: raises $3 to $6
Tryptamean: folds
Uncalled bet ($3) returned to FinDeSiecle
FinDeSiecle collected $17.64 from pot
FinDeSiecle: doesn't show hand
*** SUMMARY ***
Total pot $18 | Rake $0.36
Board [3s Qh Qc]
Seat 2: FinDeSiecle (big blind) collected ($17.64)
Seat 3: Tryptamean (button) (small blind) folded on the Flop


PokerStars Hand #155225435179:  Hold'em Limit ($3/$6 USD) - 2016/06/26 12:46:06 ET
Table 'Wasat' 6-max Seat #2 is the button
Seat 2: FinDeSiecle ($50.96 in chips)
Seat 3: Tryptamean ($256.37 in chips)
FinDeSiecle: posts small blind $1
Tryptamean: posts big blind $3
*** HOLE CARDS ***
FinDeSiecle: raises $3 to $6
Tryptamean: raises $3 to $9
FinDeSiecle: raises $3 to $12
Betting is capped
Tryptamean: calls $3
*** FLOP *** [4h 5d Jd]
Tryptamean: checks
FinDeSiecle: bets $3
Tryptamean: calls $3
*** TURN *** [4h 5d Jd] [Jc]
Tryptamean: checks
FinDeSiecle: bets $6
Tryptamean: folds
Uncalled bet ($6) returned to FinDeSiecle
FinDeSiecle collected $29.50 from pot
FinDeSiecle: doesn't show hand
*** SUMMARY ***
Total pot $30 | Rake $0.50
Board [4h 5d Jd Jc]
Seat 2: FinDeSiecle (button) (small blind) collected ($29.50)
Seat 3: Tryptamean (big blind) folded on the Turn


PokerStars Hand #155225448179:  Hold'em Limit ($3/$6 USD) - 2016/06/26 12:46:26 ET
Table 'Wasat' 6-max Seat #3 is the button
Seat 2: FinDeSiecle ($65.46 in chips)
Seat 3: Tryptamean ($241.37 in chips)
Tryptamean: posts small blind $1
FinDeSiecle: posts big blind $3
*** HOLE CARDS ***
Tryptamean: raises $3 to $6
FinDeSiecle: folds
Uncalled bet ($3) returned to Tryptamean
Tryptamean collected $6 from pot
Tryptamean: doesn't show hand
*** SUMMARY ***
Total pot $6 | Rake $0
Seat 2: FinDeSiecle (big blind) folded before Flop
Seat 3: Tryptamean (button) (small blind) collected ($6)


PokerStars Hand #155225455420:  Hold'em Limit ($3/$6 USD) - 2016/06/26 12:46:36 ET
Table 'Wasat' 6-max Seat #2 is the button
Seat 2: FinDeSiecle ($62.46 in chips)
Seat 3: Tryptamean ($244.37 in chips)
FinDeSiecle: posts small blind $1
Tryptamean: posts big blind $3
*** HOLE CARDS ***
FinDeSiecle: raises $3 to $6
Tryptamean: calls $3
*** FLOP *** [2c Td 6s]
Tryptamean: checks
FinDeSiecle: checks
*** TURN *** [2c Td 6s] [6c]
Tryptamean: bets $6
FinDeSiecle: folds
Uncalled bet ($6) returned to Tryptamean
Tryptamean collected $11.76 from pot
Tryptamean: doesn't show hand
*** SUMMARY ***
Total pot $12 | Rake $0.24
Board [2c Td 6s 6c]
Seat 2: FinDeSiecle (button) (small blind) folded on the Turn
Seat 3: Tryptamean (big blind) collected ($11.76)


PokerStars Hand #155225419618:  Hold'em Limit ($3/$6 USD) - 2016/06/26 12:45:44 ET
Table 'Wasat' 6-max Seat #3 is the button
Seat 2: FinDeSiecle ($59.96 in chips)
Seat 3: Tryptamean ($247.73 in chips)
Tryptamean: posts small blind $1
FinDeSiecle: posts big blind $3
*** HOLE CARDS ***
Tryptamean: raises $3 to $6
FinDeSiecle: calls $3
*** FLOP *** [Kd 2d 4c]
FinDeSiecle: checks
Tryptamean: bets $3
FinDeSiecle: calls $3
*** TURN *** [Kd 2d 4c] [3d]
FinDeSiecle: checks
Tryptamean: bets $6
FinDeSiecle: folds
Uncalled bet ($6) returned to Tryptamean
Tryptamean collected $17.64 from pot
Tryptamean: doesn't show hand
*** SUMMARY ***
Total pot $18 | Rake $0.36
Board [Kd 2d 4c 3d]
Seat 2: FinDeSiecle (big blind) folded on the Turn
Seat 3: Tryptamean (button) (small blind) collected ($17.64)


PokerStars Hand #155225477849:  Hold'em Limit ($3/$6 USD) - 2016/06/26 12:47:08 ET
Table 'Wasat' 6-max Seat #2 is the button
Seat 2: FinDeSiecle ($57.46 in chips)
Seat 3: Tryptamean ($249.13 in chips)
FinDeSiecle: posts small blind $1
Tryptamean: posts big blind $3
*** HOLE CARDS ***
FinDeSiecle: raises $3 to $6
Tryptamean: calls $3
*** FLOP *** [5d Jd 2h]
Tryptamean: checks
FinDeSiecle: bets $3
Tryptamean: folds
Uncalled bet ($3) returned to FinDeSiecle
FinDeSiecle collected $11.76 from pot
FinDeSiecle: doesn't show hand
*** SUMMARY ***
Total pot $12 | Rake $0.24
Board [5d Jd 2h]
Seat 2: FinDeSiecle (button) (small blind) collected ($11.76)
Seat 3: Tryptamean (big blind) folded on the Flop


PokerStars Hand #155225488718:  Hold'em Limit ($3/$6 USD) - 2016/06/26 12:47:24 ET
Table 'Wasat' 6-max Seat #3 is the button
Seat 2: FinDeSiecle ($63.22 in chips)
Seat 3: Tryptamean ($243.13 in chips)
Tryptamean: posts small blind $1
FinDeSiecle: posts big blind $3
*** HOLE CARDS ***
Tryptamean: raises $3 to $6
FinDeSiecle: calls $3
*** FLOP *** [Qs 4s 7h]
FinDeSiecle: checks
Tryptamean: checks
*** TURN *** [Qs 4s 7h] [9c]
FinDeSiecle: checks
Tryptamean: bets $6
FinDeSiecle: calls $6
*** RIVER *** [Qs 4s 7h 9c] [Kc]
FinDeSiecle: checks
Tryptamean: bets $6
FinDeSiecle: folds
Uncalled bet ($6) returned to Tryptamean
Tryptamean collected $23.52 from pot
Tryptamean: doesn't show hand
*** SUMMARY ***
Total pot $24 | Rake $0.48
Board [Qs 4s 7h 9c Kc]
Seat 2: FinDeSiecle (big blind) folded on the River
Seat 3: Tryptamean (button) (small blind) collected ($23.52)


PokerStars Hand #155225471586:  Hold'em Limit ($3/$6 USD) - 2016/06/26 12:47:00 ET
Table 'Wasat' 6-max Seat #3 is the button
Seat 2: FinDeSiecle ($56.46 in chips)
Seat 3: Tryptamean ($250.13 in chips)
Tryptamean: posts small blind $1
FinDeSiecle: posts big blind $3
*** HOLE CARDS ***
Tryptamean: folds
Uncalled bet ($2) returned to FinDeSiecle
FinDeSiecle collected $2 from pot
FinDeSiecle: doesn't show hand
*** SUMMARY ***
Total pot $2 | Rake $0
Seat 2: FinDeSiecle (big blind) collected ($2)
Seat 3: Tryptamean (button) (small blind) folded before Flop


PokerStars Hand #155225540079:  Hold'em Limit ($3/$6 USD) - 2016/06/26 12:48:23 ET
Table 'Wasat' 6-max Seat #2 is the button
Seat 2: FinDeSiecle ($71.72 in chips)
Seat 3: Tryptamean ($233.65 in chips)
FinDeSiecle: posts small blind $1
Tryptamean: posts big blind $3
*** HOLE CARDS ***
FinDeSiecle: raises $3 to $6
Tryptamean: calls $3
*** FLOP *** [7s 2s Ah]
Tryptamean: checks
FinDeSiecle: bets $3
Tryptamean: folds
Uncalled bet ($3) returned to FinDeSiecle
FinDeSiecle collected $11.76 from pot
FinDeSiecle: doesn't show hand
*** SUMMARY ***
Total pot $12 | Rake $0.24
Board [7s 2s Ah]
Seat 2: FinDeSiecle (button) (small blind) collected ($11.76)
Seat 3: Tryptamean (big blind) folded on the Flop


PokerStars Hand #155225521903:  Hold'em Limit ($3/$6 USD) - 2016/06/26 12:47:57 ET
Table 'Wasat' 6-max Seat #3 is the button
Seat 2: FinDeSiecle ($54.22 in chips)
Seat 3: Tryptamean ($251.65 in chips)
Tryptamean: posts small blind $1
FinDeSiecle: posts big blind $3
*** HOLE CARDS ***
Tryptamean: raises $3 to $6
FinDeSiecle: calls $3
*** FLOP *** [Qc 8c 5c]
FinDeSiecle: checks
Tryptamean: checks
*** TURN *** [Qc 8c 5c] [4c]
FinDeSiecle: checks
Tryptamean: bets $6
FinDeSiecle: calls $6
*** RIVER *** [Qc 8c 5c 4c] [2h]
FinDeSiecle: checks
Tryptamean: bets $6
FinDeSiecle: calls $6
*** SHOW DOWN ***
Tryptamean: shows [As 7c] (a flush, Queen high)
FinDeSiecle: shows [Jc 7s] (a flush, Queen high - Jack higher)
FinDeSiecle collected $35.50 from pot
*** SUMMARY ***
Total pot $36 | Rake $0.50
Board [Qc 8c 5c 4c 2h]
Seat 2: FinDeSiecle (big blind) showed [Jc 7s] and won ($35.50) with a flush, Queen high
Seat 3: Tryptamean (button) (small blind) showed [As 7c] and lost with a flush, Queen high


PokerStars Hand #155225508643:  Hold'em Limit ($3/$6 USD) - 2016/06/26 12:47:52 ET
Table 'Wasat' 6-max Seat #2 is the button
Seat 2: FinDeSiecle ($51.22 in chips)
Seat 3: Tryptamean ($254.65 in chips)
FinDeSiecle: posts small blind $1
Tryptamean: posts big blind $3
*** HOLE CARDS ***
FinDeSiecle: raises $3 to $6
Tryptamean: folds
Uncalled bet ($3) returned to FinDeSiecle
FinDeSiecle collected $6 from pot
FinDeSiecle: doesn't show hand
*** SUMMARY ***
Total pot $6 | Rake $0
Seat 2: FinDeSiecle (button) (small blind) collected ($6)
Seat 3: Tryptamean (big blind) folded before Flop


PokerStars Hand #155225574460:  Hold'em Limit ($3/$6 USD) - 2016/06/26 12:49:10 ET
Table 'Wasat' 6-max Seat #2 is the button
Seat 2: FinDeSiecle ($94.98 in chips)
Seat 3: Tryptamean ($209.65 in chips)
FinDeSiecle: posts small blind $1
Tryptamean: posts big blind $3
*** HOLE CARDS ***
FinDeSiecle: raises $3 to $6
Tryptamean: calls $3
*** FLOP *** [3h 2s 5h]
Tryptamean: checks
FinDeSiecle: bets $3
Tryptamean: raises $3 to $6
FinDeSiecle: calls $3
*** TURN *** [3h 2s 5h] [5s]
Tryptamean: bets $6
FinDeSiecle: calls $6
*** RIVER *** [3h 2s 5h 5s] [9h]
Tryptamean: bets $6
FinDeSiecle: calls $6
*** SHOW DOWN ***
Tryptamean: shows [5c 9d] (a full house, Fives full of Nines)
FinDeSiecle: mucks hand
Tryptamean collected $47.50 from pot
*** SUMMARY ***
Total pot $48 | Rake $0.50
Board [3h 2s 5h 5s 9h]
Seat 2: FinDeSiecle (button) (small blind) mucked
Seat 3: Tryptamean (big blind) showed [5c 9d] and won ($47.50) with a full house, Fives full of Nines


PokerStars Hand #155225551893:  Hold'em Limit ($3/$6 USD) - 2016/06/26 12:48:39 ET
Table 'Wasat' 6-max Seat #3 is the button
Seat 2: FinDeSiecle ($77.48 in chips)
Seat 3: Tryptamean ($227.65 in chips)
Tryptamean: posts small blind $1
FinDeSiecle: posts big blind $3
*** HOLE CARDS ***
Tryptamean: raises $3 to $6
FinDeSiecle: calls $3
*** FLOP *** [5h 3d Kd]
FinDeSiecle: checks
Tryptamean: bets $3
FinDeSiecle: raises $3 to $6
Tryptamean: calls $3
*** TURN *** [5h 3d Kd] [7d]
FinDeSiecle: bets $6
Tryptamean: calls $6
*** RIVER *** [5h 3d Kd 7d] [Jh]
FinDeSiecle: checks
Tryptamean: checks
*** SHOW DOWN ***
FinDeSiecle: shows [5s Ac] (a pair of Fives)
Tryptamean: mucks hand
FinDeSiecle collected $35.50 from pot
*** SUMMARY ***
Total pot $36 | Rake $0.50
Board [5h 3d Kd 7d Jh]
Seat 2: FinDeSiecle (big blind) showed [5s Ac] and won ($35.50) with a pair of Fives
Seat 3: Tryptamean (button) (small blind) mucked


PokerStars Hand #155225608036:  Hold'em Limit ($3/$6 USD) - 2016/06/26 12:49:57 ET
Table 'Wasat' 6-max Seat #2 is the button
Seat 2: FinDeSiecle ($67.98 in chips)
Seat 3: Tryptamean ($236.15 in chips)
FinDeSiecle: posts small blind $1
Tryptamean: posts big blind $3
*** HOLE CARDS ***
FinDeSiecle: raises $3 to $6
Tryptamean: calls $3
*** FLOP *** [Qs 4c 8h]
Tryptamean: checks
FinDeSiecle: bets $3
Tryptamean: folds
Uncalled bet ($3) returned to FinDeSiecle
FinDeSiecle collected $11.76 from pot
FinDeSiecle: doesn't show hand
*** SUMMARY ***
Total pot $12 | Rake $0.24
Board [Qs 4c 8h]
Seat 2: FinDeSiecle (button) (small blind) collected ($11.76)
Seat 3: Tryptamean (big blind) folded on the Flop


PokerStars Hand #155225602664:  Hold'em Limit ($3/$6 USD) - 2016/06/26 12:49:49 ET
Table 'Wasat' 6-max Seat #3 is the button
Seat 2: FinDeSiecle ($70.98 in chips)
Seat 3: Tryptamean ($233.15 in chips)
Tryptamean: posts small blind $1
FinDeSiecle: posts big blind $3
*** HOLE CARDS ***
Tryptamean: raises $3 to $6
FinDeSiecle: folds
Uncalled bet ($3) returned to Tryptamean
Tryptamean collected $6 from pot
Tryptamean: doesn't show hand
*** SUMMARY ***
Total pot $6 | Rake $0
Seat 2: FinDeSiecle (big blind) folded before Flop
Seat 3: Tryptamean (button) (small blind) collected ($6)


PokerStars Hand #155225653208:  Hold'em Limit ($3/$6 USD) - 2016/06/26 12:50:59 ET
Table 'Wasat' 6-max Seat #2 is the button
Seat 2: FinDeSiecle ($103.24 in chips)
Seat 3: Tryptamean ($200.15 in chips)
FinDeSiecle: posts small blind $1
Tryptamean: posts big blind $3
*** HOLE CARDS ***
FinDeSiecle: raises $3 to $6
Tryptamean: calls $3
*** FLOP *** [8s 6c 3d]
Tryptamean: checks
FinDeSiecle: bets $3
Tryptamean: calls $3
*** TURN *** [8s 6c 3d] [Ad]
Tryptamean: checks
FinDeSiecle: checks
*** RIVER *** [8s 6c 3d Ad] [8h]
Tryptamean: bets $6
FinDeSiecle: calls $6
*** SHOW DOWN ***
Tryptamean: shows [Qh 3s] (two pair, Eights and Threes)
FinDeSiecle: mucks hand
Tryptamean collected $29.50 from pot
*** SUMMARY ***
Total pot $30 | Rake $0.50
Board [8s 6c 3d Ad 8h]
Seat 2: FinDeSiecle (button) (small blind) mucked
Seat 3: Tryptamean (big blind) showed [Qh 3s] and won ($29.50) with two pair, Eights and Threes


PokerStars Hand #155225668071:  Hold'em Limit ($3/$6 USD) - 2016/06/26 12:51:20 ET
Table 'Wasat' 6-max Seat #3 is the button
Seat 2: FinDeSiecle ($88.24 in chips)
Seat 3: Tryptamean ($214.65 in chips)
Tryptamean: posts small blind $1
FinDeSiecle: posts big blind $3
*** HOLE CARDS ***
Tryptamean: raises $3 to $6
FinDeSiecle: calls $3
*** FLOP *** [4c 3d 9h]
FinDeSiecle: checks
Tryptamean: bets $3
FinDeSiecle: raises $3 to $6
Tryptamean: calls $3
*** TURN *** [4c 3d 9h] [Td]
FinDeSiecle: bets $6
Tryptamean: calls $6
*** RIVER *** [4c 3d 9h Td] [Qc]
FinDeSiecle: bets $6
Tryptamean: folds
Uncalled bet ($6) returned to FinDeSiecle
FinDeSiecle collected $35.50 from pot
FinDeSiecle: doesn't show hand
*** SUMMARY ***
Total pot $36 | Rake $0.50
Board [4c 3d 9h Td Qc]
Seat 2: FinDeSiecle (big blind) collected ($35.50)
Seat 3: Tryptamean (button) (small blind) folded on the River


PokerStars Hand #155225630096:  Hold'em Limit ($3/$6 USD) - 2016/06/26 12:50:27 ET
Table 'Wasat' 6-max Seat #3 is the button
Seat 2: FinDeSiecle ($73.74 in chips)
Seat 3: Tryptamean ($230.15 in chips)
Tryptamean: posts small blind $1
FinDeSiecle: posts big blind $3
*** HOLE CARDS ***
Tryptamean: raises $3 to $6
FinDeSiecle: raises $3 to $9
Tryptamean: calls $3
*** FLOP *** [4h 5c 3s]
FinDeSiecle: bets $3
Tryptamean: calls $3
*** TURN *** [4h 5c 3s] [3d]
FinDeSiecle: checks
Tryptamean: bets $6
FinDeSiecle: raises $6 to $12
Tryptamean: calls $6
*** RIVER *** [4h 5c 3s 3d] [7c]
FinDeSiecle: bets $6
Tryptamean: calls $6
*** SHOW DOWN ***
FinDeSiecle: shows [8s 8d] (two pair, Eights and Threes)
Tryptamean: mucks hand
FinDeSiecle collected $59.50 from pot
*** SUMMARY ***
Total pot $60 | Rake $0.50
Board [4h 5c 3s 3d 7c]
Seat 2: FinDeSiecle (big blind) showed [8s 8d] and won ($59.50) with two pair, Eights and Threes
Seat 3: Tryptamean (button) (small blind) mucked


PokerStars Hand #155225725506:  Hold'em Limit ($3/$6 USD) - 2016/06/26 12:52:38 ET
Table 'Wasat' 6-max Seat #2 is the button
Seat 2: FinDeSiecle ($141 in chips)
Seat 3: Tryptamean ($160.65 in chips)
FinDeSiecle: posts small blind $1
Tryptamean: posts big blind $3
*** HOLE CARDS ***
FinDeSiecle: raises $3 to $6
Tryptamean: calls $3
*** FLOP *** [Ks 3d Qh]
Tryptamean: checks
FinDeSiecle: bets $3
juustmuckit1 joins the table at seat #6
Tryptamean: folds
Uncalled bet ($3) returned to FinDeSiecle
FinDeSiecle collected $11.76 from pot
FinDeSiecle: doesn't show hand
*** SUMMARY ***
Total pot $12 | Rake $0.24
Board [Ks 3d Qh]
Seat 2: FinDeSiecle (button) (small blind) collected ($11.76)
Seat 3: Tryptamean (big blind) folded on the Flop


PokerStars Hand #155225689811:  Hold'em Limit ($3/$6 USD) - 2016/06/26 12:51:49 ET
Table 'Wasat' 6-max Seat #2 is the button
Seat 2: FinDeSiecle ($105.74 in chips)
Seat 3: Tryptamean ($196.65 in chips)
FinDeSiecle: posts small blind $1
Tryptamean: posts big blind $3
*** HOLE CARDS ***
FinDeSiecle: raises $3 to $6
Tryptamean: calls $3
*** FLOP *** [3s 6d 6c]
Tryptamean: checks
FinDeSiecle: bets $3
Tryptamean: folds
Uncalled bet ($3) returned to FinDeSiecle
FinDeSiecle collected $11.76 from pot
FinDeSiecle: doesn't show hand
*** SUMMARY ***
Total pot $12 | Rake $0.24
Board [3s 6d 6c]
Seat 2: FinDeSiecle (button) (small blind) collected ($11.76)
Seat 3: Tryptamean (big blind) folded on the Flop


PokerStars Hand #155226480316:  Hold'em Limit ($3/$6 USD) - 2016/06/26 13:10:53 ET
Table 'Wasat' 6-max Seat #4 is the button
Seat 4: sokol-max-PS ($159.91 in chips)
Seat 6: juustmuckit1 ($48.54 in chips)
sokol-max-PS: posts small blind $1
juustmuckit1: posts big blind $3
*** HOLE CARDS ***
sokol-max-PS: raises $3 to $6
juustmuckit1: calls $3
*** FLOP *** [6c 7c 5c]
Titanic001 leaves the table
juustmuckit1: checks
sokol-max-PS: bets $3
juustmuckit1: raises $3 to $6
sokol-max-PS: calls $3
*** TURN *** [6c 7c 5c] [Ad]
juustmuckit1: checks
sokol-max-PS: checks
*** RIVER *** [6c 7c 5c Ad] [3d]
juustmuckit1: bets $6
sokol-max-PS: raises $6 to $12
juustmuckit1: folds
Uncalled bet ($6) returned to sokol-max-PS
sokol-max-PS collected $35.50 from pot
sokol-max-PS: doesn't show hand
*** SUMMARY ***
Total pot $36 | Rake $0.50
Board [6c 7c 5c Ad 3d]
Seat 4: sokol-max-PS (button) (small blind) collected ($35.50)
Seat 6: juustmuckit1 (big blind) folded on the River


PokerStars Hand #155226498913:  Hold'em Limit ($3/$6 USD) - 2016/06/26 13:11:17 ET
Table 'Wasat' 6-max Seat #6 is the button
Seat 4: sokol-max-PS ($177.41 in chips)
Seat 6: juustmuckit1 ($30.54 in chips)
juustmuckit1: posts small blind $1
sokol-max-PS: posts big blind $3
*** HOLE CARDS ***
juustmuckit1: folds
Uncalled bet ($2) returned to sokol-max-PS
sokol-max-PS collected $2 from pot
sokol-max-PS: doesn't show hand
*** SUMMARY ***
Total pot $2 | Rake $0
Seat 4: sokol-max-PS (big blind) collected ($2)
Seat 6: juustmuckit1 (button) (small blind) folded before Flop


PokerStars Hand #155226502690:  Hold'em Limit ($3/$6 USD) - 2016/06/26 13:11:23 ET
Table 'Wasat' 6-max Seat #4 is the button
Seat 4: sokol-max-PS ($178.41 in chips)
Seat 6: juustmuckit1 ($29.54 in chips)
sokol-max-PS: posts small blind $1
juustmuckit1: posts big blind $3
*** HOLE CARDS ***
sokol-max-PS: raises $3 to $6
juustmuckit1: calls $3
*** FLOP *** [5c 7s Ad]
juustmuckit1: checks
sokol-max-PS: bets $3
juustmuckit1: calls $3
*** TURN *** [5c 7s Ad] [2c]
juustmuckit1: checks
sokol-max-PS: checks
*** RIVER *** [5c 7s Ad 2c] [8c]
juustmuckit1: bets $6
sokol-max-PS: raises $6 to $12
juustmuckit1: calls $6
*** SHOW DOWN ***
sokol-max-PS: shows [8h Qh] (a pair of Eights)
juustmuckit1: shows [8s Qs] (a pair of Eights)
juustmuckit1 collected $20.75 from pot
sokol-max-PS collected $20.75 from pot
*** SUMMARY ***
Total pot $42 | Rake $0.50
Board [5c 7s Ad 2c 8c]
Seat 4: sokol-max-PS (button) (small blind) showed [8h Qh] and won ($20.75) with a pair of Eights
Seat 6: juustmuckit1 (big blind) showed [8s Qs] and won ($20.75) with a pair of Eights


PokerStars Hand #155226515939:  Hold'em Limit ($3/$6 USD) - 2016/06/26 13:11:40 ET
Table 'Wasat' 6-max Seat #6 is the button
Seat 4: sokol-max-PS ($178.16 in chips)
Seat 6: juustmuckit1 ($29.29 in chips)
juustmuckit1: posts small blind $1
sokol-max-PS: posts big blind $3
*** HOLE CARDS ***
juustmuckit1: raises $3 to $6
sokol-max-PS: raises $3 to $9
juustmuckit1: raises $3 to $12
Betting is capped
sokol-max-PS: calls $3
*** FLOP *** [Qh 5h Jd]
sokol-max-PS: checks
juustmuckit1: bets $3
sokol-max-PS: calls $3
*** TURN *** [Qh 5h Jd] [4h]
sokol-max-PS: checks
juustmuckit1: bets $6
sokol-max-PS: calls $6
*** RIVER *** [Qh 5h Jd 4h] [3h]
sokol-max-PS: checks
juustmuckit1: bets $6
sokol-max-PS: raises $6 to $12
juustmuckit1: calls $2.29 and is all-in
Uncalled bet ($3.71) returned to sokol-max-PS
*** SHOW DOWN ***
sokol-max-PS: shows [Js 9h] (a flush, Queen high)
juustmuckit1: shows [Jc Th] (a flush, Queen high - Ten higher)
juustmuckit1 collected $58.08 from pot
*** SUMMARY ***
Total pot $58.58 | Rake $0.50
Board [Qh 5h Jd 4h 3h]
Seat 4: sokol-max-PS (big blind) showed [Js 9h] and lost with a flush, Queen high
Seat 6: juustmuckit1 (button) (small blind) showed [Jc Th] and won ($58.08) with a flush, Queen high


PokerStars Hand #155226538983:  Hold'em Limit ($3/$6 USD) - 2016/06/26 13:12:10 ET
Table 'Wasat' 6-max Seat #6 is the button
Seat 4: sokol-max-PS ($151.87 in chips)
Seat 6: juustmuckit1 ($55.08 in chips)
juustmuckit1: posts small blind $1
sokol-max-PS: posts big blind $3
*** HOLE CARDS ***
Tryptamean leaves the table
juustmuckit1: folds
Uncalled bet ($2) returned to sokol-max-PS
sokol-max-PS collected $2 from pot
sokol-max-PS: doesn't show hand
*** SUMMARY ***
Total pot $2 | Rake $0
Seat 4: sokol-max-PS (big blind) collected ($2)
Seat 6: juustmuckit1 (button) (small blind) folded before Flop


PokerStars Hand #155226534502:  Hold'em Limit ($3/$6 USD) - 2016/06/26 13:12:04 ET
Table 'Wasat' 6-max Seat #4 is the button
Seat 4: sokol-max-PS ($148.87 in chips)
Seat 6: juustmuckit1 ($58.08 in chips)
sokol-max-PS: posts small blind $1
juustmuckit1: posts big blind $3
*** HOLE CARDS ***
sokol-max-PS: raises $3 to $6
juustmuckit1: folds
Uncalled bet ($3) returned to sokol-max-PS
sokol-max-PS collected $6 from pot
sokol-max-PS: doesn't show hand
*** SUMMARY ***
Total pot $6 | Rake $0
Seat 4: sokol-max-PS (button) (small blind) collected ($6)
Seat 6: juustmuckit1 (big blind) folded before Flop


PokerStars Hand #155226547611:  Hold'em Limit ($3/$6 USD) - 2016/06/26 13:12:21 ET
Table 'Wasat' 6-max Seat #6 is the button
Seat 4: sokol-max-PS ($151.87 in chips)
Seat 6: juustmuckit1 ($55.08 in chips)
juustmuckit1: posts small blind $1
sokol-max-PS: posts big blind $3
*** HOLE CARDS ***
juustmuckit1: folds
Uncalled bet ($2) returned to sokol-max-PS
sokol-max-PS collected $2 from pot
sokol-max-PS: doesn't show hand
*** SUMMARY ***
Total pot $2 | Rake $0
Seat 4: sokol-max-PS (big blind) collected ($2)
Seat 6: juustmuckit1 (button) (small blind) folded before Flop


PokerStars Hand #155226542689:  Hold'em Limit ($3/$6 USD) - 2016/06/26 13:12:14 ET
Table 'Wasat' 6-max Seat #4 is the button
Seat 4: sokol-max-PS ($152.87 in chips)
Seat 6: juustmuckit1 ($54.08 in chips)
sokol-max-PS: posts small blind $1
juustmuckit1: posts big blind $3
*** HOLE CARDS ***
sokol-max-PS: folds
Uncalled bet ($2) returned to juustmuckit1
juustmuckit1 collected $2 from pot
*** SUMMARY ***
Total pot $2 | Rake $0
Seat 4: sokol-max-PS (button) (small blind) folded before Flop
Seat 6: juustmuckit1 (big blind) collected ($2)


PokerStars Hand #155226556343:  Hold'em Limit ($3/$6 USD) - 2016/06/26 13:12:32 ET
Table 'Wasat' 6-max Seat #6 is the button
Seat 4: sokol-max-PS ($155.87 in chips)
Seat 6: juustmuckit1 ($51.08 in chips)
juustmuckit1: posts small blind $1
sokol-max-PS: posts big blind $3
*** HOLE CARDS ***
juustmuckit1: folds
Uncalled bet ($2) returned to sokol-max-PS
sokol-max-PS collected $2 from pot
sokol-max-PS: doesn't show hand
*** SUMMARY ***
Total pot $2 | Rake $0
Seat 4: sokol-max-PS (big blind) collected ($2)
Seat 6: juustmuckit1 (button) (small blind) folded before Flop


PokerStars Hand #155226551730:  Hold'em Limit ($3/$6 USD) - 2016/06/26 13:12:26 ET
Table 'Wasat' 6-max Seat #4 is the button
Seat 4: sokol-max-PS ($152.87 in chips)
Seat 6: juustmuckit1 ($54.08 in chips)
sokol-max-PS: posts small blind $1
juustmuckit1: posts big blind $3
*** HOLE CARDS ***
sokol-max-PS: raises $3 to $6
juustmuckit1: folds
Uncalled bet ($3) returned to sokol-max-PS
sokol-max-PS collected $6 from pot
sokol-max-PS: doesn't show hand
*** SUMMARY ***
Total pot $6 | Rake $0
Seat 4: sokol-max-PS (button) (small blind) collected ($6)
Seat 6: juustmuckit1 (big blind) folded before Flop


PokerStars Hand #155226564854:  Hold'em Limit ($3/$6 USD) - 2016/06/26 13:12:43 ET
Table 'Wasat' 6-max Seat #6 is the button
Seat 4: sokol-max-PS ($155.87 in chips)
Seat 6: juustmuckit1 ($51.08 in chips)
juustmuckit1: posts small blind $1
sokol-max-PS: posts big blind $3
*** HOLE CARDS ***
juustmuckit1: folds
Uncalled bet ($2) returned to sokol-max-PS
sokol-max-PS collected $2 from pot
sokol-max-PS: doesn't show hand
*** SUMMARY ***
Total pot $2 | Rake $0
Seat 4: sokol-max-PS (big blind) collected ($2)
Seat 6: juustmuckit1 (button) (small blind) folded before Flop


PokerStars Hand #155226561064:  Hold'em Limit ($3/$6 USD) - 2016/06/26 13:12:38 ET
Table 'Wasat' 6-max Seat #4 is the button
Seat 4: sokol-max-PS ($156.87 in chips)
Seat 6: juustmuckit1 ($50.08 in chips)
sokol-max-PS: posts small blind $1
juustmuckit1: posts big blind $3
*** HOLE CARDS ***
sokol-max-PS: folds
Uncalled bet ($2) returned to juustmuckit1
juustmuckit1 collected $2 from pot
*** SUMMARY ***
Total pot $2 | Rake $0
Seat 4: sokol-max-PS (button) (small blind) folded before Flop
Seat 6: juustmuckit1 (big blind) collected ($2)


PokerStars Hand #155226572408:  Hold'em Limit ($3/$6 USD) - 2016/06/26 13:12:53 ET
Table 'Wasat' 6-max Seat #6 is the button
Seat 4: sokol-max-PS ($159.87 in chips)
Seat 6: juustmuckit1 ($47.08 in chips)
juustmuckit1: posts small blind $1
sokol-max-PS: posts big blind $3
*** HOLE CARDS ***
juustmuckit1: folds
Uncalled bet ($2) returned to sokol-max-PS
sokol-max-PS collected $2 from pot
sokol-max-PS: doesn't show hand
*** SUMMARY ***
Total pot $2 | Rake $0
Seat 4: sokol-max-PS (big blind) collected ($2)
Seat 6: juustmuckit1 (button) (small blind) folded before Flop


PokerStars Hand #155226568466:  Hold'em Limit ($3/$6 USD) - 2016/06/26 13:12:48 ET
Table 'Wasat' 6-max Seat #4 is the button
Seat 4: sokol-max-PS ($156.87 in chips)
Seat 6: juustmuckit1 ($50.08 in chips)
sokol-max-PS: posts small blind $1
juustmuckit1: posts big blind $3
*** HOLE CARDS ***
sokol-max-PS: raises $3 to $6
juustmuckit1: folds
Uncalled bet ($3) returned to sokol-max-PS
sokol-max-PS collected $6 from pot
sokol-max-PS: doesn't show hand
*** SUMMARY ***
Total pot $6 | Rake $0
Seat 4: sokol-max-PS (button) (small blind) collected ($6)
Seat 6: juustmuckit1 (big blind) folded before Flop


PokerStars Hand #155226584672:  Hold'em Limit ($3/$6 USD) - 2016/06/26 13:13:10 ET
Table 'Wasat' 6-max Seat #4 is the button
Seat 4: sokol-max-PS ($164.87 in chips)
Seat 6: juustmuckit1 ($42.08 in chips)
sokol-max-PS: posts small blind $1
juustmuckit1: posts big blind $3
*** HOLE CARDS ***
sokol-max-PS: folds
Uncalled bet ($2) returned to juustmuckit1
juustmuckit1 collected $2 from pot
*** SUMMARY ***
Total pot $2 | Rake $0
Seat 4: sokol-max-PS (button) (small blind) folded before Flop
Seat 6: juustmuckit1 (big blind) collected ($2)


PokerStars Hand #155226580929:  Hold'em Limit ($3/$6 USD) - 2016/06/26 13:13:05 ET
Table 'Wasat' 6-max Seat #6 is the button
Seat 4: sokol-max-PS ($163.87 in chips)
Seat 6: juustmuckit1 ($43.08 in chips)
juustmuckit1: posts small blind $1
sokol-max-PS: posts big blind $3
*** HOLE CARDS ***
juustmuckit1: folds
Uncalled bet ($2) returned to sokol-max-PS
sokol-max-PS collected $2 from pot
sokol-max-PS: doesn't show hand
*** SUMMARY ***
Total pot $2 | Rake $0
Seat 4: sokol-max-PS (big blind) collected ($2)
Seat 6: juustmuckit1 (button) (small blind) folded before Flop


PokerStars Hand #155226588967:  Hold'em Limit ($3/$6 USD) - 2016/06/26 13:13:15 ET
Table 'Wasat' 6-max Seat #6 is the button
Seat 4: sokol-max-PS ($163.87 in chips)
Seat 6: juustmuckit1 ($43.08 in chips)
juustmuckit1: posts small blind $1
sokol-max-PS: posts big blind $3
*** HOLE CARDS ***
juustmuckit1: raises $3 to $6
sokol-max-PS: calls $3
*** FLOP *** [2h 4h 3d]
sokol-max-PS: checks
juustmuckit1: bets $3
sokol-max-PS: raises $3 to $6
juustmuckit1: raises $3 to $9
sokol-max-PS: raises $3 to $12
Betting is capped
juustmuckit1: calls $3
*** TURN *** [2h 4h 3d] [3c]
sokol-max-PS: bets $6
juustmuckit1: raises $6 to $12
sokol-max-PS: raises $6 to $18
juustmuckit1: calls $6
*** RIVER *** [2h 4h 3d 3c] [Js]
sokol-max-PS: bets $6
juustmuckit1: calls $6
*** SHOW DOWN ***
sokol-max-PS: shows [4c Ks] (two pair, Fours and Threes)
juustmuckit1: shows [4s Ac] (two pair, Fours and Threes - Ace kicker)
juustmuckit1 collected $83.50 from pot
*** SUMMARY ***
Total pot $84 | Rake $0.50
Board [2h 4h 3d 3c Js]
Seat 4: sokol-max-PS (big blind) showed [4c Ks] and lost with two pair, Fours and Threes
Seat 6: juustmuckit1 (button) (small blind) showed [4s Ac] and won ($83.50) with two pair, Fours and Threes


PokerStars Hand #155226576218:  Hold'em Limit ($3/$6 USD) - 2016/06/26 13:12:59 ET
Table 'Wasat' 6-max Seat #4 is the button
Seat 4: sokol-max-PS ($160.87 in chips)
Seat 6: juustmuckit1 ($46.08 in chips)
sokol-max-PS: posts small blind $1
juustmuckit1: posts big blind $3
*** HOLE CARDS ***
sokol-max-PS: raises $3 to $6
juustmuckit1: folds
Uncalled bet ($3) returned to sokol-max-PS
sokol-max-PS collected $6 from pot
sokol-max-PS: doesn't show hand
*** SUMMARY ***
Total pot $6 | Rake $0
Seat 4: sokol-max-PS (button) (small blind) collected ($6)
Seat 6: juustmuckit1 (big blind) folded before Flop


PokerStars Hand #155226618326:  Hold'em Limit ($3/$6 USD) - 2016/06/26 13:13:54 ET
Table 'Wasat' 6-max Seat #6 is the button
Seat 4: sokol-max-PS ($112.87 in chips)
Seat 6: juustmuckit1 ($93.22 in chips)
juustmuckit1: posts small blind $1
sokol-max-PS: posts big blind $3
*** HOLE CARDS ***
juustmuckit1: raises $3 to $6
sokol-max-PS: folds
Uncalled bet ($3) returned to juustmuckit1
juustmuckit1 collected $6 from pot
*** SUMMARY ***
Total pot $6 | Rake $0
Seat 4: sokol-max-PS (big blind) folded before Flop
Seat 6: juustmuckit1 (button) (small blind) collected ($6)


PokerStars Hand #155226622875:  Hold'em Limit ($3/$6 USD) - 2016/06/26 13:14:00 ET
Table 'Wasat' 6-max Seat #4 is the button
Seat 4: sokol-max-PS ($109.87 in chips)
Seat 6: juustmuckit1 ($96.22 in chips)
sokol-max-PS: posts small blind $1
juustmuckit1: posts big blind $3
*** HOLE CARDS ***
sokol-max-PS: raises $3 to $6
juustmuckit1: calls $3
*** FLOP *** [Qh 9c 5h]
juustmuckit1: checks
sokol-max-PS: bets $3
juustmuckit1: folds
Uncalled bet ($3) returned to sokol-max-PS
sokol-max-PS collected $11.76 from pot
sokol-max-PS: doesn't show hand
*** SUMMARY ***
Total pot $12 | Rake $0.24
Board [Qh 9c 5h]
Seat 4: sokol-max-PS (button) (small blind) collected ($11.76)
Seat 6: juustmuckit1 (big blind) folded on the Flop


PokerStars Hand #155226632236:  Hold'em Limit ($3/$6 USD) - 2016/06/26 13:14:12 ET
Table 'Wasat' 6-max Seat #6 is the button
Seat 4: sokol-max-PS ($115.63 in chips)
Seat 6: juustmuckit1 ($90.22 in chips)
juustmuckit1: posts small blind $1
sokol-max-PS: posts big blind $3
*** HOLE CARDS ***
juustmuckit1: raises $3 to $6
sokol-max-PS: raises $3 to $9
juustmuckit1: calls $3
*** FLOP *** [5h 2s 3s]
sokol-max-PS: bets $3
juustmuckit1: raises $3 to $6
sokol-max-PS: calls $3
*** TURN *** [5h 2s 3s] [4d]
sokol-max-PS: checks
juustmuckit1: checks
*** RIVER *** [5h 2s 3s 4d] [7s]
sokol-max-PS: bets $6
juustmuckit1: calls $6
*** SHOW DOWN ***
sokol-max-PS: shows [7h 8h] (a pair of Sevens)
juustmuckit1: mucks hand
sokol-max-PS collected $41.50 from pot
*** SUMMARY ***
Total pot $42 | Rake $0.50
Board [5h 2s 3s 4d 7s]
Seat 4: sokol-max-PS (big blind) showed [7h 8h] and won ($41.50) with a pair of Sevens
Seat 6: juustmuckit1 (button) (small blind) mucked


PokerStars Hand #155226686823:  Hold'em Limit ($3/$6 USD) - 2016/06/26 13:15:24 ET
Table 'Wasat' 6-max Seat #4 is the button
Seat 4: sokol-max-PS ($118.13 in chips)
Seat 6: juustmuckit1 ($86.72 in chips)
sokol-max-PS: posts small blind $1
juustmuckit1: posts big blind $3
*** HOLE CARDS ***
sokol-max-PS: folds
Uncalled bet ($2) returned to juustmuckit1
juustmuckit1 collected $2 from pot
juustmuckit1: doesn't show hand
*** SUMMARY ***
Total pot $2 | Rake $0
Seat 4: sokol-max-PS (button) (small blind) folded before Flop
Seat 6: juustmuckit1 (big blind) collected ($2)


PokerStars Hand #155226681852:  Hold'em Limit ($3/$6 USD) - 2016/06/26 13:15:17 ET
Table 'Wasat' 6-max Seat #6 is the button
Seat 4: sokol-max-PS ($121.13 in chips)
Seat 6: juustmuckit1 ($83.72 in chips)
juustmuckit1: posts small blind $1
sokol-max-PS: posts big blind $3
*** HOLE CARDS ***
juustmuckit1: raises $3 to $6
sokol-max-PS: folds
Uncalled bet ($3) returned to juustmuckit1
juustmuckit1 collected $6 from pot
*** SUMMARY ***
Total pot $6 | Rake $0
Seat 4: sokol-max-PS (big blind) folded before Flop
Seat 6: juustmuckit1 (button) (small blind) collected ($6)


PokerStars Hand #155226707153:  Hold'em Limit ($3/$6 USD) - 2016/06/26 13:15:50 ET
Table 'Wasat' 6-max Seat #4 is the button
Seat 4: sokol-max-PS ($131.63 in chips)
Seat 6: juustmuckit1 ($72.72 in chips)
sokol-max-PS: posts small blind $1
juustmuckit1: posts big blind $3
*** HOLE CARDS ***
sokol-max-PS: raises $3 to $6
juustmuckit1: folds
Uncalled bet ($3) returned to sokol-max-PS
sokol-max-PS collected $6 from pot
sokol-max-PS: doesn't show hand
*** SUMMARY ***
Total pot $6 | Rake $0
Seat 4: sokol-max-PS (button) (small blind) collected ($6)
Seat 6: juustmuckit1 (big blind) folded before Flop


PokerStars Hand #155226690815:  Hold'em Limit ($3/$6 USD) - 2016/06/26 13:15:29 ET
Table 'Wasat' 6-max Seat #6 is the button
Seat 4: sokol-max-PS ($117.13 in chips)
Seat 6: juustmuckit1 ($87.72 in chips)
juustmuckit1: posts small blind $1
sokol-max-PS: posts big blind $3
*** HOLE CARDS ***
juustmuckit1: raises $3 to $6
sokol-max-PS: raises $3 to $9
juustmuckit1: calls $3
*** FLOP *** [Ah 4c 5s]
sokol-max-PS: bets $3
juustmuckit1: raises $3 to $6
sokol-max-PS: calls $3
*** TURN *** [Ah 4c 5s] [3c]
sokol-max-PS: checks
juustmuckit1: checks
*** RIVER *** [Ah 4c 5s 3c] [7h]
sokol-max-PS: bets $6
juustmuckit1: folds
Uncalled bet ($6) returned to sokol-max-PS
sokol-max-PS collected $29.50 from pot
sokol-max-PS: doesn't show hand
*** SUMMARY ***
Total pot $30 | Rake $0.50
Board [Ah 4c 5s 3c 7h]
Seat 4: sokol-max-PS (big blind) collected ($29.50)
Seat 6: juustmuckit1 (button) (small blind) folded on the River


PokerStars Hand #155226648508:  Hold'em Limit ($3/$6 USD) - 2016/06/26 13:14:34 ET
Table 'Wasat' 6-max Seat #4 is the button
Seat 4: sokol-max-PS ($136.13 in chips)
Seat 6: juustmuckit1 ($69.22 in chips)
sokol-max-PS: posts small blind $1
juustmuckit1: posts big blind $3
*** HOLE CARDS ***
sokol-max-PS: raises $3 to $6
juustmuckit1: calls $3
*** FLOP *** [3d 6d 6c]
juustmuckit1: checks
sokol-max-PS: bets $3
juustmuckit1: calls $3
*** TURN *** [3d 6d 6c] [5h]
juustmuckit1: checks
sokol-max-PS: checks
*** RIVER *** [3d 6d 6c 5h] [Js]
juustmuckit1: bets $6
sokol-max-PS: calls $6
*** SHOW DOWN ***
juustmuckit1: shows [9c As] (a pair of Sixes)
sokol-max-PS: mucks hand
juustmuckit1 collected $29.50 from pot
*** SUMMARY ***
Total pot $30 | Rake $0.50
Board [3d 6d 6c 5h Js]
Seat 4: sokol-max-PS (button) (small blind) mucked
Seat 6: juustmuckit1 (big blind) showed [9c As] and won ($29.50) with a pair of Sixes


PokerStars Hand #155226677876:  Hold'em Limit ($3/$6 USD) - 2016/06/26 13:15:12 ET
Table 'Wasat' 6-max Seat #4 is the button
Seat 4: sokol-max-PS ($118.13 in chips)
Seat 6: juustmuckit1 ($86.72 in chips)
sokol-max-PS: posts small blind $1
juustmuckit1: posts big blind $3
*** HOLE CARDS ***
sokol-max-PS: raises $3 to $6
juustmuckit1: folds
Uncalled bet ($3) returned to sokol-max-PS
sokol-max-PS collected $6 from pot
sokol-max-PS: doesn't show hand
*** SUMMARY ***
Total pot $6 | Rake $0
Seat 4: sokol-max-PS (button) (small blind) collected ($6)
Seat 6: juustmuckit1 (big blind) folded before Flop


PokerStars Hand #155226672283:  Hold'em Limit ($3/$6 USD) - 2016/06/26 13:15:05 ET
Table 'Wasat' 6-max Seat #6 is the button
Seat 4: sokol-max-PS ($121.13 in chips)
Seat 6: juustmuckit1 ($83.72 in chips)
juustmuckit1: posts small blind $1
sokol-max-PS: posts big blind $3
*** HOLE CARDS ***
juustmuckit1: raises $3 to $6
sokol-max-PS: folds
Uncalled bet ($3) returned to juustmuckit1
juustmuckit1 collected $6 from pot
*** SUMMARY ***
Total pot $6 | Rake $0
Seat 4: sokol-max-PS (big blind) folded before Flop
Seat 6: juustmuckit1 (button) (small blind) collected ($6)


PokerStars Hand #155226716410:  Hold'em Limit ($3/$6 USD) - 2016/06/26 13:16:03 ET
Table 'Wasat' 6-max Seat #4 is the button
Seat 4: sokol-max-PS ($135.63 in chips)
Seat 6: juustmuckit1 ($68.72 in chips)
sokol-max-PS: posts small blind $1
juustmuckit1: posts big blind $3
*** HOLE CARDS ***
sokol-max-PS: raises $3 to $6
juustmuckit1: folds
Uncalled bet ($3) returned to sokol-max-PS
sokol-max-PS collected $6 from pot
sokol-max-PS: doesn't show hand
*** SUMMARY ***
Total pot $6 | Rake $0
Seat 4: sokol-max-PS (button) (small blind) collected ($6)
Seat 6: juustmuckit1 (big blind) folded before Flop


PokerStars Hand #155226738829:  Hold'em Limit ($3/$6 USD) - 2016/06/26 13:16:32 ET
Table 'Wasat' 6-max Seat #4 is the button
Seat 4: sokol-max-PS ($159.13 in chips)
Seat 6: juustmuckit1 ($44.72 in chips)
sokol-max-PS: posts small blind $1
juustmuckit1: posts big blind $3
*** HOLE CARDS ***
sokol-max-PS: raises $3 to $6
juustmuckit1: folds
Uncalled bet ($3) returned to sokol-max-PS
sokol-max-PS collected $6 from pot
sokol-max-PS: doesn't show hand
*** SUMMARY ***
Total pot $6 | Rake $0
Seat 4: sokol-max-PS (button) (small blind) collected ($6)
Seat 6: juustmuckit1 (big blind) folded before Flop


PokerStars Hand #155226722102:  Hold'em Limit ($3/$6 USD) - 2016/06/26 13:16:10 ET
Table 'Wasat' 6-max Seat #6 is the button
Seat 4: sokol-max-PS ($138.63 in chips)
Seat 6: juustmuckit1 ($65.72 in chips)
juustmuckit1: posts small blind $1
sokol-max-PS: posts big blind $3
*** HOLE CARDS ***
juustmuckit1: raises $3 to $6
sokol-max-PS: raises $3 to $9
juustmuckit1: calls $3
*** FLOP *** [5d 8d 6d]
sokol-max-PS: bets $3
juustmuckit1: raises $3 to $6
sokol-max-PS: raises $3 to $9
juustmuckit1: raises $3 to $12
Betting is capped
sokol-max-PS: calls $3
*** TURN *** [5d 8d 6d] [Qc]
sokol-max-PS: checks
juustmuckit1: checks
*** RIVER *** [5d 8d 6d Qc] [Ks]
sokol-max-PS: bets $6
juustmuckit1: folds
Uncalled bet ($6) returned to sokol-max-PS
sokol-max-PS collected $41.50 from pot
sokol-max-PS: doesn't show hand
*** SUMMARY ***
Total pot $42 | Rake $0.50
Board [5d 8d 6d Qc Ks]
Seat 4: sokol-max-PS (big blind) collected ($41.50)
Seat 6: juustmuckit1 (button) (small blind) folded on the River


PokerStars Hand #155226742958:  Hold'em Limit ($3/$6 USD) - 2016/06/26 13:16:38 ET
Table 'Wasat' 6-max Seat #6 is the button
Seat 4: sokol-max-PS ($162.13 in chips)
Seat 6: juustmuckit1 ($41.72 in chips)
juustmuckit1: posts small blind $1
sokol-max-PS: posts big blind $3
*** HOLE CARDS ***
juustmuckit1: calls $2
sokol-max-PS: checks
*** FLOP *** [2d 5h Tc]
sokol-max-PS: checks
juustmuckit1: bets $3
sokol-max-PS: folds
Uncalled bet ($3) returned to juustmuckit1
juustmuckit1 collected $5.88 from pot
*** SUMMARY ***
Total pot $6 | Rake $0.12
Board [2d 5h Tc]
Seat 4: sokol-max-PS (big blind) folded on the Flop
Seat 6: juustmuckit1 (button) (small blind) collected ($5.88)


PokerStars Hand #155226711910:  Hold'em Limit ($3/$6 USD) - 2016/06/26 13:15:57 ET
Table 'Wasat' 6-max Seat #6 is the button
Seat 4: sokol-max-PS ($134.63 in chips)
Seat 6: juustmuckit1 ($69.72 in chips)
juustmuckit1: posts small blind $1
sokol-max-PS: posts big blind $3
*** HOLE CARDS ***
juustmuckit1: folds
Uncalled bet ($2) returned to sokol-max-PS
sokol-max-PS collected $2 from pot
sokol-max-PS: doesn't show hand
*** SUMMARY ***
Total pot $2 | Rake $0
Seat 4: sokol-max-PS (big blind) collected ($2)
Seat 6: juustmuckit1 (button) (small blind) folded before Flop


PokerStars Hand #155226764768:  Hold'em Limit ($3/$6 USD) - 2016/06/26 13:17:06 ET
Table 'Wasat' 6-max Seat #6 is the button
Seat 4: sokol-max-PS ($135.13 in chips)
Seat 6: juustmuckit1 ($68.10 in chips)
juustmuckit1: posts small blind $1
sokol-max-PS: posts big blind $3
*** HOLE CARDS ***
juustmuckit1: raises $3 to $6
sokol-max-PS: raises $3 to $9
juustmuckit1: raises $3 to $12
Betting is capped
sokol-max-PS: calls $3
*** FLOP *** [2h Ac Jd]
sokol-max-PS: checks
juustmuckit1: bets $3
sokol-max-PS: calls $3
*** TURN *** [2h Ac Jd] [3d]
sokol-max-PS: checks
juustmuckit1: bets $6
sokol-max-PS: calls $6
*** RIVER *** [2h Ac Jd 3d] [9s]
sokol-max-PS: checks
juustmuckit1: bets $6
sokol-max-PS: folds
Uncalled bet ($6) returned to juustmuckit1
juustmuckit1 collected $41.50 from pot
*** SUMMARY ***
Total pot $42 | Rake $0.50
Board [2h Ac Jd 3d 9s]
Seat 4: sokol-max-PS (big blind) folded on the River
Seat 6: juustmuckit1 (button) (small blind) collected ($41.50)


PokerStars Hand #155226751092:  Hold'em Limit ($3/$6 USD) - 2016/06/26 13:16:48 ET
Table 'Wasat' 6-max Seat #4 is the button
Seat 4: sokol-max-PS ($159.13 in chips)
Seat 6: juustmuckit1 ($44.60 in chips)
sokol-max-PS: posts small blind $1
juustmuckit1: posts big blind $3
*** HOLE CARDS ***
sokol-max-PS: raises $3 to $6
juustmuckit1: calls $3
*** FLOP *** [2s 5c Th]
juustmuckit1: checks
sokol-max-PS: bets $3
juustmuckit1: raises $3 to $6
sokol-max-PS: calls $3
*** TURN *** [2s 5c Th] [6d]
juustmuckit1: bets $6
sokol-max-PS: calls $6
*** RIVER *** [2s 5c Th 6d] [7c]
juustmuckit1: bets $6
sokol-max-PS: calls $6
*** SHOW DOWN ***
juustmuckit1: shows [Tc 8c] (a pair of Tens)
sokol-max-PS: mucks hand
juustmuckit1 collected $47.50 from pot
*** SUMMARY ***
Total pot $48 | Rake $0.50
Board [2s 5c Th 6d 7c]
Seat 4: sokol-max-PS (button) (small blind) mucked
Seat 6: juustmuckit1 (big blind) showed [Tc 8c] and won ($47.50) with a pair of Tens


PokerStars Hand #155226808111:  Hold'em Limit ($3/$6 USD) - 2016/06/26 13:18:04 ET
Table 'Wasat' 6-max Seat #6 is the button
Seat 4: sokol-max-PS ($93.13 in chips)
Seat 6: juustmuckit1 ($109.10 in chips)
juustmuckit1: posts small blind $1
sokol-max-PS: posts big blind $3
*** HOLE CARDS ***
juustmuckit1: raises $3 to $6
sokol-max-PS: raises $3 to $9
juustmuckit1: raises $3 to $12
Betting is capped
sokol-max-PS: calls $3
*** FLOP *** [7c Qc 5h]
sokol-max-PS: checks
juustmuckit1: bets $3
sokol-max-PS: calls $3
*** TURN *** [7c Qc 5h] [5c]
sokol-max-PS: checks
juustmuckit1: bets $6
sokol-max-PS: calls $6
*** RIVER *** [7c Qc 5h 5c] [7s]
sokol-max-PS: checks
juustmuckit1: bets $6
sokol-max-PS: calls $6
*** SHOW DOWN ***
juustmuckit1: shows [Ac 7h] (a full house, Sevens full of Fives)
sokol-max-PS: mucks hand
juustmuckit1 collected $53.50 from pot
*** SUMMARY ***
Total pot $54 | Rake $0.50
Board [7c Qc 5h 5c 7s]
Seat 4: sokol-max-PS (big blind) mucked
Seat 6: juustmuckit1 (button) (small blind) showed [Ac 7h] and won ($53.50) with a full house, Sevens full of Fives


PokerStars Hand #155226783480:  Hold'em Limit ($3/$6 USD) - 2016/06/26 13:17:32 ET
Table 'Wasat' 6-max Seat #4 is the button
Seat 4: sokol-max-PS ($114.13 in chips)
Seat 6: juustmuckit1 ($88.60 in chips)
sokol-max-PS: posts small blind $1
juustmuckit1: posts big blind $3
*** HOLE CARDS ***
sokol-max-PS: raises $3 to $6
juustmuckit1: raises $3 to $9
sokol-max-PS: raises $3 to $12
Betting is capped
juustmuckit1: calls $3
*** FLOP *** [5c 7s Qs]
juustmuckit1: checks
Siwy56 joins the table at seat #5
sokol-max-PS: bets $3
juustmuckit1: raises $3 to $6
sokol-max-PS: raises $3 to $9
juustmuckit1: calls $3
*** TURN *** [5c 7s Qs] [Th]
juustmuckit1: checks
sokol-max-PS: checks
*** RIVER *** [5c 7s Qs Th] [7h]
juustmuckit1: bets $6
sokol-max-PS: folds
Uncalled bet ($6) returned to juustmuckit1
juustmuckit1 collected $41.50 from pot
*** SUMMARY ***
Total pot $42 | Rake $0.50
Board [5c 7s Qs Th 7h]
Seat 4: sokol-max-PS (button) (small blind) folded on the River
Seat 6: juustmuckit1 (big blind) collected ($41.50)


PokerStars Hand #155228568172:  Hold'em Limit ($3/$6 USD) - 2016/06/26 13:56:51 ET
Table 'Wasat' 6-max Seat #3 is the button
Seat 2: thom's666 ($113.19 in chips)
Seat 3: BrownieSpy ($85.80 in chips)
BrownieSpy: posts small blind $1
GRAILKO: is sitting out
TinaTurner72: is sitting out
thom's666: posts big blind $3
*** HOLE CARDS ***
TinaTurner72 leaves the table
BrownieSpy: raises $3 to $6
GRAILKO leaves the table
thom's666: raises $3 to $9
BrownieSpy: calls $3
*** FLOP *** [Th Ad Kd]
thom's666: bets $3
BrownieSpy: calls $3
*** TURN *** [Th Ad Kd] [Qc]
thom's666: checks
BrownieSpy: bets $6
thom's666: calls $6
*** RIVER *** [Th Ad Kd Qc] [4s]
thom's666: checks
BrownieSpy: bets $6
thom's666: calls $6
*** SHOW DOWN ***
BrownieSpy: shows [Ac Jh] (a straight, Ten to Ace)
thom's666: mucks hand
BrownieSpy collected $47.50 from pot
*** SUMMARY ***
Total pot $48 | Rake $0.50
Board [Th Ad Kd Qc 4s]
Seat 2: thom's666 (big blind) mucked
Seat 3: BrownieSpy (button) (small blind) showed [Ac Jh] and won ($47.50) with a straight, Ten to Ace


