PokerStars Hand #156954433464:  Hold'em Limit ($3/$6 USD) - 2016/08/06 18:25:49 ET
Table 'Watsonia' 6-max Seat #4 is the button
Seat 3: winyku4eto ($99 in chips)
Seat 4: AzureCaper ($73 in chips)
AzureCaper: posts small blind $1
winyku4eto: posts big blind $3
*** HOLE CARDS ***
AzureCaper: folds
Uncalled bet ($2) returned to winyku4eto
winyku4eto collected $2 from pot
*** SUMMARY ***
Total pot $2 | Rake $0
Seat 3: winyku4eto (big blind) collected ($2)
Seat 4: AzureCaper (button) (small blind) folded before Flop


PokerStars Hand #156954481795:  Hold'em Limit ($3/$6 USD) - 2016/08/06 18:27:07 ET
Table 'Watsonia' 6-max Seat #3 is the button
Seat 3: winyku4eto ($70.50 in chips)
Seat 4: AzureCaper ($100.26 in chips)
winyku4eto: posts small blind $1
AzureCaper: posts big blind $3
*** HOLE CARDS ***
winyku4eto: raises $3 to $6
AzureCaper: folds
Uncalled bet ($3) returned to winyku4eto
winyku4eto collected $6 from pot
winyku4eto: doesn't show hand
*** SUMMARY ***
Total pot $6 | Rake $0
Seat 3: winyku4eto (button) (small blind) collected ($6)
Seat 4: AzureCaper (big blind) folded before Flop


PokerStars Hand #156954476479:  Hold'em Limit ($3/$6 USD) - 2016/08/06 18:26:58 ET
Table 'Watsonia' 6-max Seat #4 is the button
Seat 3: winyku4eto ($69.50 in chips)
Seat 4: AzureCaper ($101.26 in chips)
AzureCaper: posts small blind $1
winyku4eto: posts big blind $3
*** HOLE CARDS ***
AzureCaper: folds
Uncalled bet ($2) returned to winyku4eto
winyku4eto collected $2 from pot
winyku4eto: doesn't show hand
*** SUMMARY ***
Total pot $2 | Rake $0
Seat 3: winyku4eto (big blind) collected ($2)
Seat 4: AzureCaper (button) (small blind) folded before Flop


PokerStars Hand #156954467696:  Hold'em Limit ($3/$6 USD) - 2016/08/06 18:26:44 ET
Table 'Watsonia' 6-max Seat #3 is the button
Seat 3: winyku4eto ($75.50 in chips)
Seat 4: AzureCaper ($95.50 in chips)
winyku4eto: posts small blind $1
AzureCaper: posts big blind $3
*** HOLE CARDS ***
winyku4eto: raises $3 to $6
AzureCaper: calls $3
*** FLOP *** [3d 6c 2h]
AzureCaper: checks
winyku4eto: checks
*** TURN *** [3d 6c 2h] [Ts]
AzureCaper: bets $6
winyku4eto: folds
Uncalled bet ($6) returned to AzureCaper
AzureCaper collected $11.76 from pot
AzureCaper: doesn't show hand
*** SUMMARY ***
Total pot $12 | Rake $0.24
Board [3d 6c 2h Ts]
Seat 3: winyku4eto (button) (small blind) folded on the Turn
Seat 4: AzureCaper (big blind) collected ($11.76)


PokerStars Hand #156954449577:  Hold'em Limit ($3/$6 USD) - 2016/08/06 18:26:15 ET
Table 'Watsonia' 6-max Seat #4 is the button
Seat 3: winyku4eto ($58 in chips)
Seat 4: AzureCaper ($113.50 in chips)
AzureCaper: posts small blind $1
winyku4eto: posts big blind $3
*** HOLE CARDS ***
AzureCaper: raises $3 to $6
winyku4eto: raises $3 to $9
AzureCaper: calls $3
*** FLOP *** [Ac 4h Jc]
winyku4eto: checks
AzureCaper: bets $3
winyku4eto: calls $3
*** TURN *** [Ac 4h Jc] [7d]
winyku4eto: checks
AzureCaper: checks
*** RIVER *** [Ac 4h Jc 7d] [Ad]
winyku4eto: bets $6
AzureCaper: calls $6
*** SHOW DOWN ***
winyku4eto: shows [Jd Qc] (two pair, Aces and Jacks)
AzureCaper: mucks hand
winyku4eto collected $35.50 from pot
*** SUMMARY ***
Total pot $36 | Rake $0.50
Board [Ac 4h Jc 7d Ad]
Seat 3: winyku4eto (big blind) showed [Jd Qc] and won ($35.50) with two pair, Aces and Jacks
Seat 4: AzureCaper (button) (small blind) mucked


PokerStars Hand #156954436951:  Hold'em Limit ($3/$6 USD) - 2016/08/06 18:25:55 ET
Table 'Watsonia' 6-max Seat #3 is the button
Seat 3: winyku4eto ($100 in chips)
Seat 4: AzureCaper ($72 in chips)
winyku4eto: posts small blind $1
AzureCaper: posts big blind $3
*** HOLE CARDS ***
winyku4eto: raises $3 to $6
AzureCaper: raises $3 to $9
winyku4eto: raises $3 to $12
Betting is capped
AzureCaper: calls $3
*** FLOP *** [4s 6d 4c]
AzureCaper: checks
winyku4eto: checks
*** TURN *** [4s 6d 4c] [Td]
AzureCaper: bets $6
winyku4eto: raises $6 to $12
AzureCaper: raises $6 to $18
winyku4eto: raises $6 to $24
Betting is capped
AzureCaper: calls $6
*** RIVER *** [4s 6d 4c Td] [Kd]
AzureCaper: bets $6
winyku4eto: calls $6
*** SHOW DOWN ***
AzureCaper: shows [Kc Kh] (a full house, Kings full of Fours)
winyku4eto: mucks hand
AzureCaper collected $83.50 from pot
*** SUMMARY ***
Total pot $84 | Rake $0.50
Board [4s 6d 4c Td Kd]
Seat 3: winyku4eto (button) (small blind) mucked
Seat 4: AzureCaper (big blind) showed [Kc Kh] and won ($83.50) with a full house, Kings full of Fours


PokerStars Hand #156954513076:  Hold'em Limit ($3/$6 USD) - 2016/08/06 18:27:58 ET
Table 'Watsonia' 6-max Seat #4 is the button
Seat 3: winyku4eto ($81 in chips)
Seat 4: AzureCaper ($89.02 in chips)
AzureCaper: posts small blind $1
winyku4eto: posts big blind $3
*** HOLE CARDS ***
AzureCaper: raises $3 to $6
winyku4eto: calls $3
*** FLOP *** [8s As Ks]
winyku4eto: checks
AzureCaper: bets $3
winyku4eto: folds
Uncalled bet ($3) returned to AzureCaper
AzureCaper collected $11.76 from pot
AzureCaper: doesn't show hand
*** SUMMARY ***
Total pot $12 | Rake $0.24
Board [8s As Ks]
Seat 3: winyku4eto (big blind) folded on the Flop
Seat 4: AzureCaper (button) (small blind) collected ($11.76)


PokerStars Hand #156954501035:  Hold'em Limit ($3/$6 USD) - 2016/08/06 18:27:39 ET
Table 'Watsonia' 6-max Seat #3 is the button
Seat 3: winyku4eto ($63.50 in chips)
Seat 4: AzureCaper ($107.02 in chips)
winyku4eto: posts small blind $1
AzureCaper: posts big blind $3
*** HOLE CARDS ***
winyku4eto: raises $3 to $6
AzureCaper: raises $3 to $9
winyku4eto: calls $3
*** FLOP *** [2c Jh Qh]
AzureCaper: bets $3
winyku4eto: calls $3
*** TURN *** [2c Jh Qh] [9s]
AzureCaper: checks
winyku4eto: checks
*** RIVER *** [2c Jh Qh 9s] [3h]
AzureCaper: checks
winyku4eto: bets $6
AzureCaper: calls $6
*** SHOW DOWN ***
winyku4eto: shows [5h Ah] (a flush, Ace high)
AzureCaper: mucks hand
winyku4eto collected $35.50 from pot
*** SUMMARY ***
Total pot $36 | Rake $0.50
Board [2c Jh Qh 9s 3h]
Seat 3: winyku4eto (button) (small blind) showed [5h Ah] and won ($35.50) with a flush, Ace high
Seat 4: AzureCaper (big blind) mucked


PokerStars Hand #156954497610:  Hold'em Limit ($3/$6 USD) - 2016/08/06 18:27:33 ET
Table 'Watsonia' 6-max Seat #4 is the button
Seat 3: winyku4eto ($66.50 in chips)
Seat 4: AzureCaper ($104.02 in chips)
AzureCaper: posts small blind $1
winyku4eto: posts big blind $3
*** HOLE CARDS ***
AzureCaper: raises $3 to $6
winyku4eto: folds
Uncalled bet ($3) returned to AzureCaper
AzureCaper collected $6 from pot
AzureCaper: doesn't show hand
*** SUMMARY ***
Total pot $6 | Rake $0
Seat 3: winyku4eto (big blind) folded before Flop
Seat 4: AzureCaper (button) (small blind) collected ($6)


PokerStars Hand #156954494958:  Hold'em Limit ($3/$6 USD) - 2016/08/06 18:27:29 ET
Table 'Watsonia' 6-max Seat #3 is the button
Seat 3: winyku4eto ($67.50 in chips)
Seat 4: AzureCaper ($103.02 in chips)
winyku4eto: posts small blind $1
AzureCaper: posts big blind $3
*** HOLE CARDS ***
winyku4eto: folds
Uncalled bet ($2) returned to AzureCaper
AzureCaper collected $2 from pot
AzureCaper: doesn't show hand
*** SUMMARY ***
Total pot $2 | Rake $0
Seat 3: winyku4eto (button) (small blind) folded before Flop
Seat 4: AzureCaper (big blind) collected ($2)


PokerStars Hand #156954485519:  Hold'em Limit ($3/$6 USD) - 2016/08/06 18:27:13 ET
Table 'Watsonia' 6-max Seat #4 is the button
Seat 3: winyku4eto ($73.50 in chips)
Seat 4: AzureCaper ($97.26 in chips)
AzureCaper: posts small blind $1
winyku4eto: posts big blind $3
*** HOLE CARDS ***
AzureCaper: raises $3 to $6
winyku4eto: calls $3
*** FLOP *** [9h 9d Kh]
winyku4eto: checks
AzureCaper: bets $3
winyku4eto: folds
Uncalled bet ($3) returned to AzureCaper
AzureCaper collected $11.76 from pot
AzureCaper: doesn't show hand
*** SUMMARY ***
Total pot $12 | Rake $0.24
Board [9h 9d Kh]
Seat 3: winyku4eto (big blind) folded on the Flop
Seat 4: AzureCaper (button) (small blind) collected ($11.76)


PokerStars Hand #156954541160:  Hold'em Limit ($3/$6 USD) - 2016/08/06 18:28:44 ET
Table 'Watsonia' 6-max Seat #4 is the button
Seat 3: winyku4eto ($65 in chips)
Seat 4: AzureCaper ($104.54 in chips)
AzureCaper: posts small blind $1
winyku4eto: posts big blind $3
*** HOLE CARDS ***
AzureCaper: raises $3 to $6
winyku4eto: raises $3 to $9
AzureCaper: calls $3
*** FLOP *** [8d 3h 5d]
winyku4eto: checks
AzureCaper: bets $3
winyku4eto: calls $3
*** TURN *** [8d 3h 5d] [8c]
winyku4eto: checks
AzureCaper: bets $6
winyku4eto: calls $6
*** RIVER *** [8d 3h 5d 8c] [2s]
winyku4eto: checks
AzureCaper: bets $6
winyku4eto: calls $6
*** SHOW DOWN ***
AzureCaper: shows [4d Td] (a pair of Eights)
winyku4eto: shows [Qh As] (a pair of Eights - Ace kicker)
winyku4eto collected $47.50 from pot
Don_Alling joins the table at seat #1
*** SUMMARY ***
Total pot $48 | Rake $0.50
Board [8d 3h 5d 8c 2s]
Seat 3: winyku4eto (big blind) showed [Qh As] and won ($47.50) with a pair of Eights
Seat 4: AzureCaper (button) (small blind) showed [4d Td] and lost with a pair of Eights


PokerStars Hand #156954538197:  Hold'em Limit ($3/$6 USD) - 2016/08/06 18:28:39 ET
Table 'Watsonia' 6-max Seat #3 is the button
Seat 3: winyku4eto ($66 in chips)
Seat 4: AzureCaper ($103.54 in chips)
winyku4eto: posts small blind $1
AzureCaper: posts big blind $3
*** HOLE CARDS ***
winyku4eto: folds
Uncalled bet ($2) returned to AzureCaper
AzureCaper collected $2 from pot
AzureCaper: doesn't show hand
*** SUMMARY ***
Total pot $2 | Rake $0
Seat 3: winyku4eto (button) (small blind) folded before Flop
Seat 4: AzureCaper (big blind) collected ($2)


PokerStars Hand #156954534798:  Hold'em Limit ($3/$6 USD) - 2016/08/06 18:28:34 ET
Table 'Watsonia' 6-max Seat #4 is the button
Seat 3: winyku4eto ($69 in chips)
Seat 4: AzureCaper ($100.54 in chips)
AzureCaper: posts small blind $1
winyku4eto: posts big blind $3
*** HOLE CARDS ***
AzureCaper: raises $3 to $6
winyku4eto: folds
Uncalled bet ($3) returned to AzureCaper
AzureCaper collected $6 from pot
AzureCaper: doesn't show hand
*** SUMMARY ***
Total pot $6 | Rake $0
Seat 3: winyku4eto (big blind) folded before Flop
Seat 4: AzureCaper (button) (small blind) collected ($6)


PokerStars Hand #156954531009:  Hold'em Limit ($3/$6 USD) - 2016/08/06 18:28:27 ET
Table 'Watsonia' 6-max Seat #3 is the button
Seat 3: winyku4eto ($66 in chips)
Seat 4: AzureCaper ($103.54 in chips)
winyku4eto: posts small blind $1
AzureCaper: posts big blind $3
*** HOLE CARDS ***
winyku4eto: raises $3 to $6
AzureCaper: folds
Uncalled bet ($3) returned to winyku4eto
winyku4eto collected $6 from pot
winyku4eto: doesn't show hand
*** SUMMARY ***
Total pot $6 | Rake $0
Seat 3: winyku4eto (button) (small blind) collected ($6)
Seat 4: AzureCaper (big blind) folded before Flop


PokerStars Hand #156954527519:  Hold'em Limit ($3/$6 USD) - 2016/08/06 18:28:22 ET
Table 'Watsonia' 6-max Seat #4 is the button
Seat 3: winyku4eto ($69 in chips)
Seat 4: AzureCaper ($100.54 in chips)
AzureCaper: posts small blind $1
winyku4eto: posts big blind $3
*** HOLE CARDS ***
AzureCaper: raises $3 to $6
winyku4eto: folds
Uncalled bet ($3) returned to AzureCaper
AzureCaper collected $6 from pot
AzureCaper: doesn't show hand
*** SUMMARY ***
Total pot $6 | Rake $0
Seat 3: winyku4eto (big blind) folded before Flop
Seat 4: AzureCaper (button) (small blind) collected ($6)


PokerStars Hand #156954521415:  Hold'em Limit ($3/$6 USD) - 2016/08/06 18:28:12 ET
Table 'Watsonia' 6-max Seat #3 is the button
Seat 3: winyku4eto ($75 in chips)
Seat 4: AzureCaper ($94.78 in chips)
winyku4eto: posts small blind $1
AzureCaper: posts big blind $3
*** HOLE CARDS ***
winyku4eto: raises $3 to $6
AzureCaper: calls $3
*** FLOP *** [5s 7s 8d]
AzureCaper: checks
winyku4eto: checks
*** TURN *** [5s 7s 8d] [8c]
AzureCaper: bets $6
winyku4eto: folds
Uncalled bet ($6) returned to AzureCaper
AzureCaper collected $11.76 from pot
AzureCaper: doesn't show hand
*** SUMMARY ***
Total pot $12 | Rake $0.24
Board [5s 7s 8d 8c]
Seat 3: winyku4eto (button) (small blind) folded on the Turn
Seat 4: AzureCaper (big blind) collected ($11.76)


PokerStars Hand #156954558845:  Hold'em Limit ($3/$6 USD) - 2016/08/06 18:29:13 ET
Table 'Watsonia' 6-max Seat #3 is the button
Seat 3: winyku4eto ($88.50 in chips)
Seat 4: AzureCaper ($80.54 in chips)
winyku4eto: posts small blind $1
AzureCaper: posts big blind $3
*** HOLE CARDS ***
winyku4eto: raises $3 to $6
AzureCaper: calls $3
*** FLOP *** [As 5h 4s]
AzureCaper: checks
winyku4eto: bets $3
AzureCaper: folds
Uncalled bet ($3) returned to winyku4eto
winyku4eto collected $11.76 from pot
winyku4eto: doesn't show hand
*** SUMMARY ***
Total pot $12 | Rake $0.24
Board [As 5h 4s]
Seat 3: winyku4eto (button) (small blind) collected ($11.76)
Seat 4: AzureCaper (big blind) folded on the Flop


