PokerStars Hand #168654043429:  Hold'em Limit ($3/$6 USD) - 2017/04/06 9:12:04 ET
Table 'Watsonia' 6-max Seat #3 is the button
Seat 3: xcgxcg2005 ($120 in chips)
Seat 4: Actionni13 ($150 in chips)
xcgxcg2005: posts small blind $1
Actionni13: posts big blind $3
*** HOLE CARDS ***
xcgxcg2005: raises $3 to $6
Actionni13: calls $3
*** FLOP *** [Tc Jd Jc]
Actionni13: checks
xcgxcg2005: bets $3
Actionni13: raises $3 to $6
xcgxcg2005: raises $3 to $9
Actionni13: calls $3
*** TURN *** [Tc Jd Jc] [7s]
Actionni13: checks
xcgxcg2005: checks
*** RIVER *** [Tc Jd Jc 7s] [Qd]
Actionni13: bets $6
xcgxcg2005: calls $6
*** SHOW DOWN ***
Actionni13: shows [Qh 9d] (two pair, Queens and Jacks)
xcgxcg2005: mucks hand
Actionni13 collected $41.50 from pot
*** SUMMARY ***
Total pot $42 | Rake $0.50
Board [Tc Jd Jc 7s Qd]
Seat 3: xcgxcg2005 (button) (small blind) mucked
Seat 4: Actionni13 (big blind) showed [Qh 9d] and won ($41.50) with two pair, Queens and Jacks


PokerStars Hand #168654060078:  Hold'em Limit ($3/$6 USD) - 2017/04/06 9:12:34 ET
Table 'Watsonia' 6-max Seat #4 is the button
Seat 3: xcgxcg2005 ($99 in chips)
Seat 4: Actionni13 ($170.50 in chips)
Actionni13: posts small blind $1
xcgxcg2005: posts big blind $3
*** HOLE CARDS ***
Actionni13: raises $3 to $6
xcgxcg2005: raises $3 to $9
Actionni13: calls $3
*** FLOP *** [Kd 6d 5d]
xcgxcg2005: bets $3
Actionni13: calls $3
*** TURN *** [Kd 6d 5d] [8s]
xcgxcg2005: checks
Actionni13: bets $6
xcgxcg2005: calls $6
*** RIVER *** [Kd 6d 5d 8s] [Ks]
xcgxcg2005: checks
Actionni13: checks
*** SHOW DOWN ***
xcgxcg2005: shows [7s Ah] (a pair of Kings)
Actionni13: shows [5s Jc] (two pair, Kings and Fives)
Actionni13 collected $35.50 from pot
*** SUMMARY ***
Total pot $36 | Rake $0.50
Board [Kd 6d 5d 8s Ks]
Seat 3: xcgxcg2005 (big blind) showed [7s Ah] and lost with a pair of Kings
Seat 4: Actionni13 (button) (small blind) showed [5s Jc] and won ($35.50) with two pair, Kings and Fives


PokerStars Hand #168654080513:  Hold'em Limit ($3/$6 USD) - 2017/04/06 9:13:10 ET
Table 'Watsonia' 6-max Seat #4 is the button
Seat 3: xcgxcg2005 ($84 in chips)
Seat 4: Actionni13 ($185 in chips)
Actionni13: posts small blind $1
xcgxcg2005: posts big blind $3
*** HOLE CARDS ***
Actionni13: folds
Uncalled bet ($2) returned to xcgxcg2005
xcgxcg2005 collected $2 from pot
xcgxcg2005: doesn't show hand
*** SUMMARY ***
Total pot $2 | Rake $0
Seat 3: xcgxcg2005 (big blind) collected ($2)
Seat 4: Actionni13 (button) (small blind) folded before Flop


PokerStars Hand #168654075651:  Hold'em Limit ($3/$6 USD) - 2017/04/06 9:13:01 ET
Table 'Watsonia' 6-max Seat #3 is the button
Seat 3: xcgxcg2005 ($81 in chips)
Seat 4: Actionni13 ($188 in chips)
xcgxcg2005: posts small blind $1
Actionni13: posts big blind $3
*** HOLE CARDS ***
xcgxcg2005: raises $3 to $6
Actionni13: folds
Uncalled bet ($3) returned to xcgxcg2005
xcgxcg2005 collected $6 from pot
xcgxcg2005: doesn't show hand
*** SUMMARY ***
Total pot $6 | Rake $0
Seat 3: xcgxcg2005 (button) (small blind) collected ($6)
Seat 4: Actionni13 (big blind) folded before Flop


PokerStars Hand #168654096338:  Hold'em Limit ($3/$6 USD) - 2017/04/06 9:13:38 ET
Table 'Watsonia' 6-max Seat #4 is the button
Seat 3: xcgxcg2005 ($73 in chips)
Seat 4: Actionni13 ($195.52 in chips)
Actionni13: posts small blind $1
xcgxcg2005: posts big blind $3
*** HOLE CARDS ***
Actionni13: folds
Uncalled bet ($2) returned to xcgxcg2005
xcgxcg2005 collected $2 from pot
xcgxcg2005: doesn't show hand
*** SUMMARY ***
Total pot $2 | Rake $0
Seat 3: xcgxcg2005 (big blind) collected ($2)
Seat 4: Actionni13 (button) (small blind) folded before Flop


PokerStars Hand #168654082994:  Hold'em Limit ($3/$6 USD) - 2017/04/06 9:13:14 ET
Table 'Watsonia' 6-max Seat #3 is the button
Seat 3: xcgxcg2005 ($85 in chips)
Seat 4: Actionni13 ($184 in chips)
xcgxcg2005: posts small blind $1
Actionni13: posts big blind $3
*** HOLE CARDS ***
xcgxcg2005: raises $3 to $6
Actionni13: calls $3
*** FLOP *** [5c 4h 6s]
Actionni13: checks
xcgxcg2005: checks
*** TURN *** [5c 4h 6s] [Ah]
Actionni13: checks
xcgxcg2005: bets $6
Actionni13: raises $6 to $12
xcgxcg2005: folds
Uncalled bet ($6) returned to Actionni13
Actionni13 collected $23.52 from pot
Actionni13: doesn't show hand
*** SUMMARY ***
Total pot $24 | Rake $0.48
Board [5c 4h 6s Ah]
Seat 3: xcgxcg2005 (button) (small blind) folded on the Turn
Seat 4: Actionni13 (big blind) collected ($23.52)


PokerStars Hand #168654103693:  Hold'em Limit ($3/$6 USD) - 2017/04/06 9:13:51 ET
Table 'Watsonia' 6-max Seat #4 is the button
Seat 3: xcgxcg2005 ($77 in chips)
Seat 4: Actionni13 ($191.52 in chips)
Actionni13: posts small blind $1
xcgxcg2005: posts big blind $3
*** HOLE CARDS ***
Actionni13: raises $3 to $6
xcgxcg2005: calls $3
*** FLOP *** [Ah 9h 2h]
xcgxcg2005: checks
Actionni13: bets $3
xcgxcg2005: calls $3
*** TURN *** [Ah 9h 2h] [Jd]
xcgxcg2005: checks
Actionni13: checks
*** RIVER *** [Ah 9h 2h Jd] [3h]
xcgxcg2005: checks
Actionni13: checks
*** SHOW DOWN ***
xcgxcg2005: shows [9s Qd] (a pair of Nines)
Actionni13: mucks hand
xcgxcg2005 collected $17.64 from pot
*** SUMMARY ***
Total pot $18 | Rake $0.36
Board [Ah 9h 2h Jd 3h]
Seat 3: xcgxcg2005 (big blind) showed [9s Qd] and won ($17.64) with a pair of Nines
Seat 4: Actionni13 (button) (small blind) mucked


PokerStars Hand #168654099372:  Hold'em Limit ($3/$6 USD) - 2017/04/06 9:13:43 ET
Table 'Watsonia' 6-max Seat #3 is the button
Seat 3: xcgxcg2005 ($74 in chips)
Seat 4: Actionni13 ($194.52 in chips)
xcgxcg2005: posts small blind $1
Actionni13: posts big blind $3
*** HOLE CARDS ***
xcgxcg2005: raises $3 to $6
Actionni13: folds
Uncalled bet ($3) returned to xcgxcg2005
xcgxcg2005 collected $6 from pot
xcgxcg2005: doesn't show hand
*** SUMMARY ***
Total pot $6 | Rake $0
Seat 3: xcgxcg2005 (button) (small blind) collected ($6)
Seat 4: Actionni13 (big blind) folded before Flop


PokerStars Hand #168654137798:  Hold'em Limit ($3/$6 USD) - 2017/04/06 9:14:51 ET
Table 'Watsonia' 6-max Seat #3 is the button
Seat 3: xcgxcg2005 ($110.90 in chips)
Seat 4: Actionni13 ($156.52 in chips)
xcgxcg2005: posts small blind $1
Actionni13: posts big blind $3
*** HOLE CARDS ***
xcgxcg2005: raises $3 to $6
Actionni13: calls $3
*** FLOP *** [As 8s 5d]
Actionni13: checks
xcgxcg2005: bets $3
Actionni13: calls $3
*** TURN *** [As 8s 5d] [Qs]
Actionni13: checks
xcgxcg2005: checks
*** RIVER *** [As 8s 5d Qs] [4c]
Actionni13: bets $6
xcgxcg2005: folds
Uncalled bet ($6) returned to Actionni13
Actionni13 collected $17.64 from pot
Actionni13: doesn't show hand
*** SUMMARY ***
Total pot $18 | Rake $0.36
Board [As 8s 5d Qs 4c]
Seat 3: xcgxcg2005 (button) (small blind) folded on the River
Seat 4: Actionni13 (big blind) collected ($17.64)


PokerStars Hand #168654135240:  Hold'em Limit ($3/$6 USD) - 2017/04/06 9:14:46 ET
Table 'Watsonia' 6-max Seat #4 is the button
Seat 3: xcgxcg2005 ($109.90 in chips)
Seat 4: Actionni13 ($157.52 in chips)
Actionni13: posts small blind $1
xcgxcg2005: posts big blind $3
*** HOLE CARDS ***
Actionni13: folds
Uncalled bet ($2) returned to xcgxcg2005
xcgxcg2005 collected $2 from pot
xcgxcg2005: doesn't show hand
*** SUMMARY ***
Total pot $2 | Rake $0
Seat 3: xcgxcg2005 (big blind) collected ($2)
Seat 4: Actionni13 (button) (small blind) folded before Flop


PokerStars Hand #168654125685:  Hold'em Limit ($3/$6 USD) - 2017/04/06 9:14:30 ET
Table 'Watsonia' 6-max Seat #3 is the button
Seat 3: xcgxcg2005 ($92.40 in chips)
Seat 4: Actionni13 ($175.52 in chips)
xcgxcg2005: posts small blind $1
Actionni13: posts big blind $3
*** HOLE CARDS ***
xcgxcg2005: raises $3 to $6
Actionni13: calls $3
*** FLOP *** [8d 4h 8s]
Actionni13: checks
xcgxcg2005: checks
*** TURN *** [8d 4h 8s] [Kd]
Actionni13: checks
xcgxcg2005: bets $6
Actionni13: calls $6
*** RIVER *** [8d 4h 8s Kd] [Qs]
Actionni13: checks
xcgxcg2005: bets $6
Actionni13: calls $6
*** SHOW DOWN ***
xcgxcg2005: shows [Qc Jc] (two pair, Queens and Eights)
Actionni13: mucks hand
xcgxcg2005 collected $35.50 from pot
*** SUMMARY ***
Total pot $36 | Rake $0.50
Board [8d 4h 8s Kd Qs]
Seat 3: xcgxcg2005 (button) (small blind) showed [Qc Jc] and won ($35.50) with two pair, Queens and Eights
Seat 4: Actionni13 (big blind) mucked


PokerStars Hand #168654123187:  Hold'em Limit ($3/$6 USD) - 2017/04/06 9:14:25 ET
Table 'Watsonia' 6-max Seat #4 is the button
Seat 3: xcgxcg2005 ($91.40 in chips)
Seat 4: Actionni13 ($176.52 in chips)
Actionni13: posts small blind $1
xcgxcg2005: posts big blind $3
*** HOLE CARDS ***
Actionni13: folds
Uncalled bet ($2) returned to xcgxcg2005
xcgxcg2005 collected $2 from pot
xcgxcg2005: doesn't show hand
*** SUMMARY ***
Total pot $2 | Rake $0
Seat 3: xcgxcg2005 (big blind) collected ($2)
Seat 4: Actionni13 (button) (small blind) folded before Flop


PokerStars Hand #168654114844:  Hold'em Limit ($3/$6 USD) - 2017/04/06 9:14:10 ET
Table 'Watsonia' 6-max Seat #3 is the button
Seat 3: xcgxcg2005 ($85.64 in chips)
Seat 4: Actionni13 ($182.52 in chips)
xcgxcg2005: posts small blind $1
Actionni13: posts big blind $3
*** HOLE CARDS ***
xcgxcg2005: raises $3 to $6
Actionni13: calls $3
*** FLOP *** [Ts Th 2h]
Actionni13: checks
xcgxcg2005: bets $3
Actionni13: folds
Uncalled bet ($3) returned to xcgxcg2005
xcgxcg2005 collected $11.76 from pot
xcgxcg2005: doesn't show hand
*** SUMMARY ***
Total pot $12 | Rake $0.24
Board [Ts Th 2h]
Seat 3: xcgxcg2005 (button) (small blind) collected ($11.76)
Seat 4: Actionni13 (big blind) folded on the Flop


PokerStars Hand #168654175266:  Hold'em Limit ($3/$6 USD) - 2017/04/06 9:15:58 ET
Table 'Watsonia' 6-max Seat #3 is the button
Seat 3: xcgxcg2005 ($106.40 in chips)
Seat 4: Actionni13 ($159.66 in chips)
xcgxcg2005: posts small blind $1
Actionni13: posts big blind $3
*** HOLE CARDS ***
xcgxcg2005: raises $3 to $6
Actionni13: calls $3
*** FLOP *** [6c 8s Th]
Actionni13: checks
xcgxcg2005: checks
*** TURN *** [6c 8s Th] [Qh]
Actionni13: bets $6
xcgxcg2005: folds
Uncalled bet ($6) returned to Actionni13
Actionni13 collected $11.76 from pot
Actionni13: doesn't show hand
*** SUMMARY ***
Total pot $12 | Rake $0.24
Board [6c 8s Th Qh]
Seat 3: xcgxcg2005 (button) (small blind) folded on the Turn
Seat 4: Actionni13 (big blind) collected ($11.76)


PokerStars Hand #168654162450:  Hold'em Limit ($3/$6 USD) - 2017/04/06 9:15:35 ET
Table 'Watsonia' 6-max Seat #4 is the button
Seat 3: xcgxcg2005 ($76.90 in chips)
Seat 4: Actionni13 ($189.66 in chips)
Actionni13: posts small blind $1
xcgxcg2005: posts big blind $3
*** HOLE CARDS ***
Actionni13: raises $3 to $6
xcgxcg2005: raises $3 to $9
Actionni13: calls $3
*** FLOP *** [Js 2h Jh]
xcgxcg2005: bets $3
Actionni13: calls $3
*** TURN *** [Js 2h Jh] [5d]
xcgxcg2005: bets $6
Actionni13: raises $6 to $12
xcgxcg2005: raises $6 to $18
Actionni13: calls $6
*** RIVER *** [Js 2h Jh 5d] [Ts]
xcgxcg2005: bets $6
Actionni13: folds
Uncalled bet ($6) returned to xcgxcg2005
xcgxcg2005 collected $59.50 from pot
xcgxcg2005: doesn't show hand
*** SUMMARY ***
Total pot $60 | Rake $0.50
Board [Js 2h Jh 5d Ts]
Seat 3: xcgxcg2005 (big blind) collected ($59.50)
Seat 4: Actionni13 (button) (small blind) folded on the River


PokerStars Hand #168654184549:  Hold'em Limit ($3/$6 USD) - 2017/04/06 9:16:14 ET
Table 'Watsonia' 6-max Seat #3 is the button
Seat 3: xcgxcg2005 ($97.40 in chips)
Seat 4: Actionni13 ($168.42 in chips)
xcgxcg2005: posts small blind $1
Actionni13: posts big blind $3
*** HOLE CARDS ***
xcgxcg2005: raises $3 to $6
Actionni13: calls $3
*** FLOP *** [As Qh 3h]
Actionni13: checks
xcgxcg2005: bets $3
Actionni13: folds
Uncalled bet ($3) returned to xcgxcg2005
xcgxcg2005 collected $11.76 from pot
xcgxcg2005: doesn't show hand
*** SUMMARY ***
Total pot $12 | Rake $0.24
Board [As Qh 3h]
Seat 3: xcgxcg2005 (button) (small blind) collected ($11.76)
Seat 4: Actionni13 (big blind) folded on the Flop


PokerStars Hand #168654159711:  Hold'em Limit ($3/$6 USD) - 2017/04/06 9:15:30 ET
Table 'Watsonia' 6-max Seat #3 is the button
Seat 3: xcgxcg2005 ($77.90 in chips)
Seat 4: Actionni13 ($188.66 in chips)
xcgxcg2005: posts small blind $1
Actionni13: posts big blind $3
*** HOLE CARDS ***
xcgxcg2005: folds
Uncalled bet ($2) returned to Actionni13
Actionni13 collected $2 from pot
Actionni13: doesn't show hand
*** SUMMARY ***
Total pot $2 | Rake $0
Seat 3: xcgxcg2005 (button) (small blind) folded before Flop
Seat 4: Actionni13 (big blind) collected ($2)


PokerStars Hand #168654146211:  Hold'em Limit ($3/$6 USD) - 2017/04/06 9:15:06 ET
Table 'Watsonia' 6-max Seat #4 is the button
Seat 3: xcgxcg2005 ($101.90 in chips)
Seat 4: Actionni13 ($165.16 in chips)
Actionni13: posts small blind $1
xcgxcg2005: posts big blind $3
*** HOLE CARDS ***
Actionni13: raises $3 to $6
xcgxcg2005: raises $3 to $9
Actionni13: calls $3
*** FLOP *** [5c Jd 6h]
xcgxcg2005: bets $3
Actionni13: calls $3
*** TURN *** [5c Jd 6h] [4h]
xcgxcg2005: bets $6
Actionni13: raises $6 to $12
xcgxcg2005: calls $6
*** RIVER *** [5c Jd 6h 4h] [2c]
xcgxcg2005: checks
Actionni13: bets $6
xcgxcg2005: folds
Uncalled bet ($6) returned to Actionni13
Actionni13 collected $47.50 from pot
Actionni13: doesn't show hand
*** SUMMARY ***
Total pot $48 | Rake $0.50
Board [5c Jd 6h 4h 2c]
Seat 3: xcgxcg2005 (big blind) folded on the River
Seat 4: Actionni13 (button) (small blind) collected ($47.50)


PokerStars Hand #168654207891:  Hold'em Limit ($3/$6 USD) - 2017/04/06 9:16:55 ET
Table 'Watsonia' 6-max Seat #3 is the button
Seat 3: xcgxcg2005 ($117.44 in chips)
Seat 4: Actionni13 ($150 in chips)
xcgxcg2005: posts small blind $1
Actionni13: posts big blind $3
*** HOLE CARDS ***
xcgxcg2005: folds
Uncalled bet ($2) returned to Actionni13
Actionni13 collected $2 from pot
Actionni13: doesn't show hand
*** SUMMARY ***
Total pot $2 | Rake $0
Seat 3: xcgxcg2005 (button) (small blind) folded before Flop
Seat 4: Actionni13 (big blind) collected ($2)


PokerStars Hand #168654198210:  Hold'em Limit ($3/$6 USD) - 2017/04/06 9:16:38 ET
Table 'Watsonia' 6-max Seat #4 is the button
Seat 3: xcgxcg2005 ($105.92 in chips)
Seat 4: Actionni13 ($159.42 in chips)
Actionni13: posts small blind $1
xcgxcg2005: posts big blind $3
*** HOLE CARDS ***
Actionni13: raises $3 to $6
xcgxcg2005: raises $3 to $9
Actionni13: calls $3
*** FLOP *** [3c 9h 9d]
xcgxcg2005: bets $3
Actionni13: calls $3
*** TURN *** [3c 9h 9d] [Th]
xcgxcg2005: bets $6
Actionni13: folds
Uncalled bet ($6) returned to xcgxcg2005
xcgxcg2005 collected $23.52 from pot
xcgxcg2005: doesn't show hand
*** SUMMARY ***
Total pot $24 | Rake $0.48
Board [3c 9h 9d Th]
Seat 3: xcgxcg2005 (big blind) collected ($23.52)
Seat 4: Actionni13 (button) (small blind) folded on the Turn


PokerStars Hand #168654192679:  Hold'em Limit ($3/$6 USD) - 2017/04/06 9:16:28 ET
Table 'Watsonia' 6-max Seat #3 is the button
Seat 3: xcgxcg2005 ($100.16 in chips)
Seat 4: Actionni13 ($165.42 in chips)
xcgxcg2005: posts small blind $1
Actionni13: posts big blind $3
*** HOLE CARDS ***
xcgxcg2005: raises $3 to $6
Actionni13: calls $3
*** FLOP *** [Tc 5h Ah]
Actionni13: checks
xcgxcg2005: bets $3
Actionni13: folds
Uncalled bet ($3) returned to xcgxcg2005
xcgxcg2005 collected $11.76 from pot
xcgxcg2005: doesn't show hand
*** SUMMARY ***
Total pot $12 | Rake $0.24
Board [Tc 5h Ah]
Seat 3: xcgxcg2005 (button) (small blind) collected ($11.76)
Seat 4: Actionni13 (big blind) folded on the Flop


PokerStars Hand #168654212161:  Hold'em Limit ($3/$6 USD) - 2017/04/06 9:17:03 ET
Table 'Watsonia' 6-max Seat #4 is the button
Seat 3: xcgxcg2005 ($116.44 in chips)
Seat 4: Actionni13 ($151 in chips)
Actionni13: posts small blind $1
xcgxcg2005: posts big blind $3
*** HOLE CARDS ***
Actionni13: raises $3 to $6
xcgxcg2005: calls $3
*** FLOP *** [6d Qc Ad]
xcgxcg2005: checks
Actionni13: bets $3
xcgxcg2005: calls $3
*** TURN *** [6d Qc Ad] [2d]
xcgxcg2005: checks
Actionni13: checks
*** RIVER *** [6d Qc Ad 2d] [3c]
xcgxcg2005: bets $6
Actionni13: folds
Uncalled bet ($6) returned to xcgxcg2005
xcgxcg2005 collected $17.64 from pot
xcgxcg2005: doesn't show hand
*** SUMMARY ***
Total pot $18 | Rake $0.36
Board [6d Qc Ad 2d 3c]
Seat 3: xcgxcg2005 (big blind) collected ($17.64)
Seat 4: Actionni13 (button) (small blind) folded on the River


PokerStars Hand #168654252879:  Hold'em Limit ($3/$6 USD) - 2017/04/06 9:18:14 ET
Table 'Watsonia' 6-max Seat #3 is the button
Seat 3: xcgxcg2005 ($103.84 in chips)
Seat 4: Actionni13 ($176.50 in chips)
xcgxcg2005: posts small blind $1
Actionni13: posts big blind $3
*** HOLE CARDS ***
xcgxcg2005: folds
Uncalled bet ($2) returned to Actionni13
Actionni13 collected $2 from pot
Actionni13: doesn't show hand
*** SUMMARY ***
Total pot $2 | Rake $0
Seat 3: xcgxcg2005 (button) (small blind) folded before Flop
Seat 4: Actionni13 (big blind) collected ($2)


PokerStars Hand #168654234445:  Hold'em Limit ($3/$6 USD) - 2017/04/06 9:17:42 ET
Table 'Watsonia' 6-max Seat #4 is the button
Seat 3: xcgxcg2005 ($130.84 in chips)
Seat 4: Actionni13 ($150 in chips)
Actionni13: posts small blind $1
xcgxcg2005: posts big blind $3
*** HOLE CARDS ***
Actionni13: raises $3 to $6
xcgxcg2005: raises $3 to $9
Actionni13: calls $3
*** FLOP *** [Qd 3s Jd]
xcgxcg2005: bets $3
Actionni13: raises $3 to $6
xcgxcg2005: calls $3
*** TURN *** [Qd 3s Jd] [4s]
xcgxcg2005: checks
Actionni13: bets $6
xcgxcg2005: calls $6
*** RIVER *** [Qd 3s Jd 4s] [9d]
xcgxcg2005: checks
Actionni13: bets $6
xcgxcg2005: calls $6
*** SHOW DOWN ***
Actionni13: shows [4d Qh] (two pair, Queens and Fours)
xcgxcg2005: mucks hand
Actionni13 collected $53.50 from pot
*** SUMMARY ***
Total pot $54 | Rake $0.50
Board [Qd 3s Jd 4s 9d]
Seat 3: xcgxcg2005 (big blind) mucked
Seat 4: Actionni13 (button) (small blind) showed [4d Qh] and won ($53.50) with two pair, Queens and Fours


PokerStars Hand #168654250293:  Hold'em Limit ($3/$6 USD) - 2017/04/06 9:18:09 ET
Table 'Watsonia' 6-max Seat #4 is the button
Seat 3: xcgxcg2005 ($102.84 in chips)
Seat 4: Actionni13 ($177.50 in chips)
Actionni13: posts small blind $1
xcgxcg2005: posts big blind $3
*** HOLE CARDS ***
Actionni13: folds
Uncalled bet ($2) returned to xcgxcg2005
xcgxcg2005 collected $2 from pot
xcgxcg2005: doesn't show hand
*** SUMMARY ***
Total pot $2 | Rake $0
Seat 3: xcgxcg2005 (big blind) collected ($2)
Seat 4: Actionni13 (button) (small blind) folded before Flop


PokerStars Hand #168654247670:  Hold'em Limit ($3/$6 USD) - 2017/04/06 9:18:05 ET
Table 'Watsonia' 6-max Seat #3 is the button
Seat 3: xcgxcg2005 ($103.84 in chips)
Seat 4: Actionni13 ($176.50 in chips)
xcgxcg2005: posts small blind $1
Actionni13: posts big blind $3
*** HOLE CARDS ***
xcgxcg2005: folds
Uncalled bet ($2) returned to Actionni13
Actionni13 collected $2 from pot
Actionni13: doesn't show hand
*** SUMMARY ***
Total pot $2 | Rake $0
Seat 3: xcgxcg2005 (button) (small blind) folded before Flop
Seat 4: Actionni13 (big blind) collected ($2)


PokerStars Hand #168654228412:  Hold'em Limit ($3/$6 USD) - 2017/04/06 9:17:31 ET
Table 'Watsonia' 6-max Seat #3 is the button
Seat 3: xcgxcg2005 ($125.08 in chips)
Seat 4: Actionni13 ($150 in chips)
xcgxcg2005: posts small blind $1
Actionni13: posts big blind $3
*** HOLE CARDS ***
xcgxcg2005: raises $3 to $6
Actionni13: calls $3
*** FLOP *** [8d Td Ks]
Actionni13: checks
xcgxcg2005: bets $3
Actionni13: folds
Uncalled bet ($3) returned to xcgxcg2005
xcgxcg2005 collected $11.76 from pot
xcgxcg2005: doesn't show hand
*** SUMMARY ***
Total pot $12 | Rake $0.24
Board [8d Td Ks]
Seat 3: xcgxcg2005 (button) (small blind) collected ($11.76)
Seat 4: Actionni13 (big blind) folded on the Flop


PokerStars Hand #168654267853:  Hold'em Limit ($3/$6 USD) - 2017/04/06 9:18:40 ET
Table 'Watsonia' 6-max Seat #4 is the button
Seat 3: xcgxcg2005 ($99.84 in chips)
Seat 4: Actionni13 ($180.26 in chips)
Actionni13: posts small blind $1
xcgxcg2005: posts big blind $3
*** HOLE CARDS ***
Actionni13: raises $3 to $6
xcgxcg2005: calls $3
*** FLOP *** [7d 8h 5c]
xcgxcg2005: checks
Actionni13: bets $3
xcgxcg2005: raises $3 to $6
Actionni13: raises $3 to $9
xcgxcg2005: calls $3
*** TURN *** [7d 8h 5c] [2d]
xcgxcg2005: checks
Actionni13: bets $6
xcgxcg2005: calls $6
*** RIVER *** [7d 8h 5c 2d] [Td]
xcgxcg2005: checks
Actionni13: bets $6
xcgxcg2005: calls $6
*** SHOW DOWN ***
Actionni13: shows [8d 4d] (a flush, Ten high)
xcgxcg2005: mucks hand
Actionni13 collected $53.50 from pot
*** SUMMARY ***
Total pot $54 | Rake $0.50
Board [7d 8h 5c 2d Td]
Seat 3: xcgxcg2005 (big blind) mucked
Seat 4: Actionni13 (button) (small blind) showed [8d 4d] and won ($53.50) with a flush, Ten high


PokerStars Hand #168654264459:  Hold'em Limit ($3/$6 USD) - 2017/04/06 9:18:34 ET
Table 'Watsonia' 6-max Seat #3 is the button
Seat 3: xcgxcg2005 ($96.84 in chips)
Seat 4: Actionni13 ($183.26 in chips)
xcgxcg2005: posts small blind $1
Actionni13: posts big blind $3
*** HOLE CARDS ***
xcgxcg2005: raises $3 to $6
Actionni13: folds
Uncalled bet ($3) returned to xcgxcg2005
xcgxcg2005 collected $6 from pot
xcgxcg2005: doesn't show hand
*** SUMMARY ***
Total pot $6 | Rake $0
Seat 3: xcgxcg2005 (button) (small blind) collected ($6)
Seat 4: Actionni13 (big blind) folded before Flop


PokerStars Hand #168654289128:  Hold'em Limit ($3/$6 USD) - 2017/04/06 9:19:17 ET
Table 'Watsonia' 6-max Seat #4 is the button
Seat 3: xcgxcg2005 ($78.60 in chips)
Seat 4: Actionni13 ($200.76 in chips)
Actionni13: posts small blind $1
xcgxcg2005: posts big blind $3
*** HOLE CARDS ***
Actionni13: folds
Uncalled bet ($2) returned to xcgxcg2005
xcgxcg2005 collected $2 from pot
xcgxcg2005: doesn't show hand
*** SUMMARY ***
Total pot $2 | Rake $0
Seat 3: xcgxcg2005 (big blind) collected ($2)
Seat 4: Actionni13 (button) (small blind) folded before Flop


PokerStars Hand #168654280422:  Hold'em Limit ($3/$6 USD) - 2017/04/06 9:19:02 ET
Table 'Watsonia' 6-max Seat #3 is the button
Seat 3: xcgxcg2005 ($72.84 in chips)
Seat 4: Actionni13 ($206.76 in chips)
xcgxcg2005: posts small blind $1
Actionni13: posts big blind $3
*** HOLE CARDS ***
xcgxcg2005: raises $3 to $6
Actionni13: calls $3
*** FLOP *** [8d 7c 5c]
Actionni13: checks
xcgxcg2005: bets $3
Actionni13: folds
Uncalled bet ($3) returned to xcgxcg2005
xcgxcg2005 collected $11.76 from pot
xcgxcg2005: doesn't show hand
*** SUMMARY ***
Total pot $12 | Rake $0.24
Board [8d 7c 5c]
Seat 3: xcgxcg2005 (button) (small blind) collected ($11.76)
Seat 4: Actionni13 (big blind) folded on the Flop


PokerStars Hand #168654255727:  Hold'em Limit ($3/$6 USD) - 2017/04/06 9:18:19 ET
Table 'Watsonia' 6-max Seat #4 is the button
Seat 3: xcgxcg2005 ($102.84 in chips)
Seat 4: Actionni13 ($177.50 in chips)
Actionni13: posts small blind $1
xcgxcg2005: posts big blind $3
*** HOLE CARDS ***
Actionni13: raises $3 to $6
xcgxcg2005: calls $3
*** FLOP *** [5d 3s 3h]
xcgxcg2005: checks
Actionni13: bets $3
xcgxcg2005: folds
Uncalled bet ($3) returned to Actionni13
Actionni13 collected $11.76 from pot
Actionni13: doesn't show hand
*** SUMMARY ***
Total pot $12 | Rake $0.24
Board [5d 3s 3h]
Seat 3: xcgxcg2005 (big blind) folded on the Flop
Seat 4: Actionni13 (button) (small blind) collected ($11.76)


PokerStars Hand #168654301660:  Hold'em Limit ($3/$6 USD) - 2017/04/06 9:19:39 ET
Table 'Watsonia' 6-max Seat #4 is the button
Seat 3: xcgxcg2005 ($94.10 in chips)
Seat 4: Actionni13 ($184.76 in chips)
Actionni13: posts small blind $1
xcgxcg2005: posts big blind $3
*** HOLE CARDS ***
Actionni13: raises $3 to $6
xcgxcg2005: raises $3 to $9
Actionni13: calls $3
*** FLOP *** [6d Jc 8s]
xcgxcg2005: bets $3
Actionni13: folds
Uncalled bet ($3) returned to xcgxcg2005
xcgxcg2005 collected $17.64 from pot
xcgxcg2005: doesn't show hand
*** SUMMARY ***
Total pot $18 | Rake $0.36
Board [6d Jc 8s]
Seat 3: xcgxcg2005 (big blind) collected ($17.64)
Seat 4: Actionni13 (button) (small blind) folded on the Flop


PokerStars Hand #168654344967:  Hold'em Limit ($3/$6 USD) - 2017/04/06 9:20:59 ET
Table 'Watsonia' 6-max Seat #4 is the button
Seat 3: xcgxcg2005 ($93.74 in chips)
Seat 4: Actionni13 ($184.40 in chips)
Actionni13: posts small blind $1
xcgxcg2005: posts big blind $3
*** HOLE CARDS ***
Actionni13: raises $3 to $6
xcgxcg2005: calls $3
*** FLOP *** [9d Ac 3c]
xcgxcg2005: checks
Actionni13: bets $3
xcgxcg2005: folds
Uncalled bet ($3) returned to Actionni13
Actionni13 collected $11.76 from pot
Actionni13: doesn't show hand
*** SUMMARY ***
Total pot $12 | Rake $0.24
Board [9d Ac 3c]
Seat 3: xcgxcg2005 (big blind) folded on the Flop
Seat 4: Actionni13 (button) (small blind) collected ($11.76)


PokerStars Hand #168654342184:  Hold'em Limit ($3/$6 USD) - 2017/04/06 9:20:54 ET
Table 'Watsonia' 6-max Seat #3 is the button
Seat 3: xcgxcg2005 ($94.74 in chips)
Seat 4: Actionni13 ($183.40 in chips)
xcgxcg2005: posts small blind $1
Actionni13: posts big blind $3
*** HOLE CARDS ***
xcgxcg2005: folds
Uncalled bet ($2) returned to Actionni13
Actionni13 collected $2 from pot
Actionni13: doesn't show hand
*** SUMMARY ***
Total pot $2 | Rake $0
Seat 3: xcgxcg2005 (button) (small blind) folded before Flop
Seat 4: Actionni13 (big blind) collected ($2)


PokerStars Hand #168654352667:  Hold'em Limit ($3/$6 USD) - 2017/04/06 9:21:13 ET
Table 'Watsonia' 6-max Seat #3 is the button
Seat 3: xcgxcg2005 ($87.74 in chips)
Seat 4: Actionni13 ($190.16 in chips)
xcgxcg2005: posts small blind $1
Actionni13: posts big blind $3
*** HOLE CARDS ***
xcgxcg2005: raises $3 to $6
Actionni13: calls $3
*** FLOP *** [Jc 5s 7h]
Actionni13: checks
xcgxcg2005: bets $3
Actionni13: raises $3 to $6
xcgxcg2005: calls $3
*** TURN *** [Jc 5s 7h] [Tc]
Actionni13: bets $6
xcgxcg2005: raises $6 to $12
Actionni13: calls $6
*** RIVER *** [Jc 5s 7h Tc] [Kc]
Actionni13: checks
xcgxcg2005: bets $6
Actionni13: folds
Uncalled bet ($6) returned to xcgxcg2005
xcgxcg2005 collected $47.50 from pot
xcgxcg2005: doesn't show hand
*** SUMMARY ***
Total pot $48 | Rake $0.50
Board [Jc 5s 7h Tc Kc]
Seat 3: xcgxcg2005 (button) (small blind) collected ($47.50)
Seat 4: Actionni13 (big blind) folded on the River


PokerStars Hand #168654364593:  Hold'em Limit ($3/$6 USD) - 2017/04/06 9:21:37 ET
Table 'Watsonia' 6-max Seat #4 is the button
Seat 3: xcgxcg2005 ($111.24 in chips)
Seat 4: Actionni13 ($166.16 in chips)
Actionni13: posts small blind $1
xcgxcg2005: posts big blind $3
*** HOLE CARDS ***
Actionni13: raises $3 to $6
xcgxcg2005: raises $3 to $9
Actionni13: calls $3
*** FLOP *** [9s 9d Ac]
xcgxcg2005: bets $3
Actionni13: raises $3 to $6
xcgxcg2005: calls $3
*** TURN *** [9s 9d Ac] [9c]
xcgxcg2005: checks
Actionni13: checks
*** RIVER *** [9s 9d Ac 9c] [7h]
xcgxcg2005: checks
Actionni13: checks
*** SHOW DOWN ***
xcgxcg2005: shows [Qd Kc] (three of a kind, Nines)
Actionni13: mucks hand
xcgxcg2005 collected $29.50 from pot
*** SUMMARY ***
Total pot $30 | Rake $0.50
Board [9s 9d Ac 9c 7h]
Seat 3: xcgxcg2005 (big blind) showed [Qd Kc] and won ($29.50) with three of a kind, Nines
Seat 4: Actionni13 (button) (small blind) mucked


PokerStars Hand #168654375366:  Hold'em Limit ($3/$6 USD) - 2017/04/06 9:21:56 ET
Table 'Watsonia' 6-max Seat #3 is the button
Seat 3: xcgxcg2005 ($125.74 in chips)
Seat 4: Actionni13 ($151.16 in chips)
xcgxcg2005: posts small blind $1
Actionni13: posts big blind $3
*** HOLE CARDS ***
xcgxcg2005: folds
Uncalled bet ($2) returned to Actionni13
Actionni13 collected $2 from pot
Actionni13: doesn't show hand
*** SUMMARY ***
Total pot $2 | Rake $0
Seat 3: xcgxcg2005 (button) (small blind) folded before Flop
Seat 4: Actionni13 (big blind) collected ($2)


PokerStars Hand #168654378455:  Hold'em Limit ($3/$6 USD) - 2017/04/06 9:22:01 ET
Table 'Watsonia' 6-max Seat #4 is the button
Seat 3: xcgxcg2005 ($124.74 in chips)
Seat 4: Actionni13 ($152.16 in chips)
Actionni13: posts small blind $1
xcgxcg2005: posts big blind $3
*** HOLE CARDS ***
Actionni13: raises $3 to $6
xcgxcg2005: calls $3
*** FLOP *** [Js 8s 9s]
xcgxcg2005: checks
Actionni13: checks
*** TURN *** [Js 8s 9s] [Ks]
xcgxcg2005: checks
Actionni13: checks
*** RIVER *** [Js 8s 9s Ks] [Kc]
xcgxcg2005: checks
Actionni13: bets $6
xcgxcg2005: calls $6
*** SHOW DOWN ***
Actionni13: shows [6d 7h] (a pair of Kings)
xcgxcg2005: shows [Td 8h] (two pair, Kings and Eights)
xcgxcg2005 collected $23.52 from pot
*** SUMMARY ***
Total pot $24 | Rake $0.48
Board [Js 8s 9s Ks Kc]
Seat 3: xcgxcg2005 (big blind) showed [Td 8h] and won ($23.52) with two pair, Kings and Eights
Seat 4: Actionni13 (button) (small blind) showed [6d 7h] and lost with a pair of Kings


PokerStars Hand #168654412415:  Hold'em Limit ($3/$6 USD) - 2017/04/06 9:23:00 ET
Table 'Watsonia' 6-max Seat #4 is the button
Seat 3: xcgxcg2005 ($120.26 in chips)
Seat 4: Actionni13 ($165.52 in chips)
Actionni13: posts small blind $1
xcgxcg2005: posts big blind $3
*** HOLE CARDS ***
Actionni13: folds
Uncalled bet ($2) returned to xcgxcg2005
xcgxcg2005 collected $2 from pot
xcgxcg2005: doesn't show hand
*** SUMMARY ***
Total pot $2 | Rake $0
Seat 3: xcgxcg2005 (big blind) collected ($2)
Seat 4: Actionni13 (button) (small blind) folded before Flop


PokerStars Hand #168654409563:  Hold'em Limit ($3/$6 USD) - 2017/04/06 9:22:55 ET
Table 'Watsonia' 6-max Seat #3 is the button
Seat 3: xcgxcg2005 ($121.26 in chips)
Seat 4: Actionni13 ($164.52 in chips)
xcgxcg2005: posts small blind $1
Actionni13: posts big blind $3
*** HOLE CARDS ***
xcgxcg2005: folds
Uncalled bet ($2) returned to Actionni13
Actionni13 collected $2 from pot
Actionni13: doesn't show hand
*** SUMMARY ***
Total pot $2 | Rake $0
Seat 3: xcgxcg2005 (button) (small blind) folded before Flop
Seat 4: Actionni13 (big blind) collected ($2)


PokerStars Hand #168654421397:  Hold'em Limit ($3/$6 USD) - 2017/04/06 9:23:16 ET
Table 'Watsonia' 6-max Seat #3 is the button
Seat 3: xcgxcg2005 ($121.26 in chips)
Seat 4: Actionni13 ($164.52 in chips)
xcgxcg2005: posts small blind $1
Actionni13: posts big blind $3
*** HOLE CARDS ***
xcgxcg2005: raises $3 to $6
Actionni13: calls $3
*** FLOP *** [Qc 5h Ts]
Actionni13: checks
xcgxcg2005: bets $3
Actionni13: folds
Uncalled bet ($3) returned to xcgxcg2005
xcgxcg2005 collected $11.76 from pot
xcgxcg2005: doesn't show hand
*** SUMMARY ***
Total pot $12 | Rake $0.24
Board [Qc 5h Ts]
Seat 3: xcgxcg2005 (button) (small blind) collected ($11.76)
Seat 4: Actionni13 (big blind) folded on the Flop


PokerStars Hand #168654404934:  Hold'em Limit ($3/$6 USD) - 2017/04/06 9:22:47 ET
Table 'Watsonia' 6-max Seat #4 is the button
Seat 3: xcgxcg2005 ($124.26 in chips)
Seat 4: Actionni13 ($161.52 in chips)
Actionni13: posts small blind $1
xcgxcg2005: posts big blind $3
*** HOLE CARDS ***
Actionni13: raises $3 to $6
xcgxcg2005: folds
Uncalled bet ($3) returned to Actionni13
Actionni13 collected $6 from pot
Actionni13: doesn't show hand
*** SUMMARY ***
Total pot $6 | Rake $0
Seat 3: xcgxcg2005 (big blind) folded before Flop
Seat 4: Actionni13 (button) (small blind) collected ($6)


PokerStars Hand #168654418569:  Hold'em Limit ($3/$6 USD) - 2017/04/06 9:23:11 ET
Table 'Watsonia' 6-max Seat #4 is the button
Seat 3: xcgxcg2005 ($120.26 in chips)
Seat 4: Actionni13 ($165.52 in chips)
Actionni13: posts small blind $1
xcgxcg2005: posts big blind $3
*** HOLE CARDS ***
Actionni13: folds
Uncalled bet ($2) returned to xcgxcg2005
xcgxcg2005 collected $2 from pot
xcgxcg2005: doesn't show hand
*** SUMMARY ***
Total pot $2 | Rake $0
Seat 3: xcgxcg2005 (big blind) collected ($2)
Seat 4: Actionni13 (button) (small blind) folded before Flop


PokerStars Hand #168654414928:  Hold'em Limit ($3/$6 USD) - 2017/04/06 9:23:05 ET
Table 'Watsonia' 6-max Seat #3 is the button
Seat 3: xcgxcg2005 ($121.26 in chips)
Seat 4: Actionni13 ($164.52 in chips)
xcgxcg2005: posts small blind $1
Actionni13: posts big blind $3
*** HOLE CARDS ***
xcgxcg2005: folds
Uncalled bet ($2) returned to Actionni13
Actionni13 collected $2 from pot
Actionni13: doesn't show hand
*** SUMMARY ***
Total pot $2 | Rake $0
Seat 3: xcgxcg2005 (button) (small blind) folded before Flop
Seat 4: Actionni13 (big blind) collected ($2)


PokerStars Hand #168654427487:  Hold'em Limit ($3/$6 USD) - 2017/04/06 9:23:27 ET
Table 'Watsonia' 6-max Seat #4 is the button
Seat 3: xcgxcg2005 ($127.02 in chips)
Seat 4: Actionni13 ($158.52 in chips)
Actionni13: posts small blind $1
xcgxcg2005: posts big blind $3
*** HOLE CARDS ***
Actionni13: raises $3 to $6
xcgxcg2005: calls $3
*** FLOP *** [2h 7s Jd]
xcgxcg2005: checks
Actionni13: bets $3
xcgxcg2005: raises $3 to $6
Actionni13: folds
Uncalled bet ($3) returned to xcgxcg2005
xcgxcg2005 collected $17.64 from pot
xcgxcg2005: doesn't show hand
*** SUMMARY ***
Total pot $18 | Rake $0.36
Board [2h 7s Jd]
Seat 3: xcgxcg2005 (big blind) collected ($17.64)
Seat 4: Actionni13 (button) (small blind) folded on the Flop


PokerStars Hand #168654446537:  Hold'em Limit ($3/$6 USD) - 2017/04/06 9:24:00 ET
Table 'Watsonia' 6-max Seat #4 is the button
Seat 3: xcgxcg2005 ($105.66 in chips)
Seat 4: Actionni13 ($179.50 in chips)
Actionni13: posts small blind $1
xcgxcg2005: posts big blind $3
*** HOLE CARDS ***
Actionni13: raises $3 to $6
xcgxcg2005: folds
Uncalled bet ($3) returned to Actionni13
Actionni13 collected $6 from pot
Actionni13: doesn't show hand
*** SUMMARY ***
Total pot $6 | Rake $0
Seat 3: xcgxcg2005 (big blind) folded before Flop
Seat 4: Actionni13 (button) (small blind) collected ($6)


PokerStars Hand #168654435237:  Hold'em Limit ($3/$6 USD) - 2017/04/06 9:23:40 ET
Table 'Watsonia' 6-max Seat #3 is the button
Seat 3: xcgxcg2005 ($135.66 in chips)
Seat 4: Actionni13 ($150 in chips)
xcgxcg2005: posts small blind $1
Actionni13: posts big blind $3
*** HOLE CARDS ***
xcgxcg2005: raises $3 to $6
Actionni13: calls $3
*** FLOP *** [Kd 5d Kh]
Actionni13: checks
xcgxcg2005: bets $3
Actionni13: raises $3 to $6
xcgxcg2005: raises $3 to $9
Actionni13: raises $3 to $12
Betting is capped
xcgxcg2005: calls $3
*** TURN *** [Kd 5d Kh] [7h]
Actionni13: bets $6
xcgxcg2005: calls $6
*** RIVER *** [Kd 5d Kh 7h] [8c]
Actionni13: bets $6
xcgxcg2005: calls $6
*** SHOW DOWN ***
Actionni13: shows [Tc 5s] (two pair, Kings and Fives)
xcgxcg2005: mucks hand
Actionni13 collected $59.50 from pot
*** SUMMARY ***
Total pot $60 | Rake $0.50
Board [Kd 5d Kh 7h 8c]
Seat 3: xcgxcg2005 (button) (small blind) mucked
Seat 4: Actionni13 (big blind) showed [Tc 5s] and won ($59.50) with two pair, Kings and Fives


PokerStars Hand #168654452293:  Hold'em Limit ($3/$6 USD) - 2017/04/06 9:24:10 ET
Table 'Watsonia' 6-max Seat #4 is the button
Seat 3: xcgxcg2005 ($101.66 in chips)
Seat 4: Actionni13 ($183.50 in chips)
Actionni13: posts small blind $1
xcgxcg2005: posts big blind $3
*** HOLE CARDS ***
Actionni13: folds
Uncalled bet ($2) returned to xcgxcg2005
xcgxcg2005 collected $2 from pot
xcgxcg2005: doesn't show hand
*** SUMMARY ***
Total pot $2 | Rake $0
Seat 3: xcgxcg2005 (big blind) collected ($2)
Seat 4: Actionni13 (button) (small blind) folded before Flop


PokerStars Hand #168654449665:  Hold'em Limit ($3/$6 USD) - 2017/04/06 9:24:05 ET
Table 'Watsonia' 6-max Seat #3 is the button
Seat 3: xcgxcg2005 ($102.66 in chips)
Seat 4: Actionni13 ($182.50 in chips)
xcgxcg2005: posts small blind $1
Actionni13: posts big blind $3
*** HOLE CARDS ***
xcgxcg2005: folds
Uncalled bet ($2) returned to Actionni13
Actionni13 collected $2 from pot
Actionni13: doesn't show hand
*** SUMMARY ***
Total pot $2 | Rake $0
Seat 3: xcgxcg2005 (button) (small blind) folded before Flop
Seat 4: Actionni13 (big blind) collected ($2)


PokerStars Hand #168654454781:  Hold'em Limit ($3/$6 USD) - 2017/04/06 9:24:14 ET
Table 'Watsonia' 6-max Seat #3 is the button
Seat 3: xcgxcg2005 ($102.66 in chips)
Seat 4: Actionni13 ($182.50 in chips)
xcgxcg2005: posts small blind $1
Actionni13: posts big blind $3
*** HOLE CARDS ***
xcgxcg2005: raises $3 to $6
Actionni13: raises $3 to $9
xcgxcg2005: raises $3 to $12
Betting is capped
Actionni13: calls $3
*** FLOP *** [3s 4c 4h]
Actionni13: checks
xcgxcg2005: bets $3
Actionni13: calls $3
*** TURN *** [3s 4c 4h] [4d]
Actionni13: checks
xcgxcg2005: bets $6
Actionni13: folds
Uncalled bet ($6) returned to xcgxcg2005
xcgxcg2005 collected $29.50 from pot
xcgxcg2005: doesn't show hand
*** SUMMARY ***
Total pot $30 | Rake $0.50
Board [3s 4c 4h 4d]
Seat 3: xcgxcg2005 (button) (small blind) collected ($29.50)
Seat 4: Actionni13 (big blind) folded on the Turn


PokerStars Hand #168654472611:  Hold'em Limit ($3/$6 USD) - 2017/04/06 9:24:45 ET
Table 'Watsonia' 6-max Seat #4 is the button
Seat 3: xcgxcg2005 ($117.16 in chips)
Seat 4: Actionni13 ($167.50 in chips)
Actionni13: posts small blind $1
xcgxcg2005: posts big blind $3
*** HOLE CARDS ***
Actionni13: raises $3 to $6
xcgxcg2005: raises $3 to $9
Actionni13: calls $3
*** FLOP *** [5s Tc Ac]
xcgxcg2005: bets $3
Actionni13: raises $3 to $6
xcgxcg2005: raises $3 to $9
Actionni13: calls $3
*** TURN *** [5s Tc Ac] [5h]
xcgxcg2005: bets $6
Actionni13: calls $6
*** RIVER *** [5s Tc Ac 5h] [Ks]
xcgxcg2005: checks
Actionni13: checks
*** SHOW DOWN ***
xcgxcg2005: shows [As 8h] (two pair, Aces and Fives)
Actionni13: mucks hand
xcgxcg2005 collected $47.50 from pot
*** SUMMARY ***
Total pot $48 | Rake $0.50
Board [5s Tc Ac 5h Ks]
Seat 3: xcgxcg2005 (big blind) showed [As 8h] and won ($47.50) with two pair, Aces and Fives
Seat 4: Actionni13 (button) (small blind) mucked


PokerStars Hand #168654515490:  Hold'em Limit ($3/$6 USD) - 2017/04/06 9:26:00 ET
Table 'Watsonia' 6-max Seat #4 is the button
Seat 3: xcgxcg2005 ($116.30 in chips)
Seat 4: Actionni13 ($182.50 in chips)
Actionni13: posts small blind $1
xcgxcg2005: posts big blind $3
*** HOLE CARDS ***
Actionni13: raises $3 to $6
xcgxcg2005: folds
Uncalled bet ($3) returned to Actionni13
Actionni13 collected $6 from pot
Actionni13: doesn't show hand
*** SUMMARY ***
Total pot $6 | Rake $0
Seat 3: xcgxcg2005 (big blind) folded before Flop
Seat 4: Actionni13 (button) (small blind) collected ($6)


PokerStars Hand #168654502390:  Hold'em Limit ($3/$6 USD) - 2017/04/06 9:25:37 ET
Table 'Watsonia' 6-max Seat #3 is the button
Seat 3: xcgxcg2005 ($146.30 in chips)
Seat 4: Actionni13 ($153 in chips)
xcgxcg2005: posts small blind $1
Actionni13: posts big blind $3
*** HOLE CARDS ***
xcgxcg2005: raises $3 to $6
Actionni13: raises $3 to $9
xcgxcg2005: calls $3
*** FLOP *** [8s 5h Kc]
Actionni13: bets $3
xcgxcg2005: raises $3 to $6
Actionni13: raises $3 to $9
xcgxcg2005: calls $3
*** TURN *** [8s 5h Kc] [4c]
Actionni13: bets $6
xcgxcg2005: calls $6
*** RIVER *** [8s 5h Kc 4c] [4h]
Actionni13: bets $6
xcgxcg2005: calls $6
*** SHOW DOWN ***
Actionni13: shows [9c 9d] (two pair, Nines and Fours)
xcgxcg2005: mucks hand
Actionni13 collected $59.50 from pot
*** SUMMARY ***
Total pot $60 | Rake $0.50
Board [8s 5h Kc 4c 4h]
Seat 3: xcgxcg2005 (button) (small blind) mucked
Seat 4: Actionni13 (big blind) showed [9c 9d] and won ($59.50) with two pair, Nines and Fours


PokerStars Hand #168654498690:  Hold'em Limit ($3/$6 USD) - 2017/04/06 9:25:31 ET
Table 'Watsonia' 6-max Seat #4 is the button
Seat 3: xcgxcg2005 ($149.30 in chips)
Seat 4: Actionni13 ($150 in chips)
Actionni13: posts small blind $1
xcgxcg2005: posts big blind $3
*** HOLE CARDS ***
Actionni13: raises $3 to $6
xcgxcg2005: folds
Uncalled bet ($3) returned to Actionni13
Actionni13 collected $6 from pot
Actionni13: doesn't show hand
*** SUMMARY ***
Total pot $6 | Rake $0
Seat 3: xcgxcg2005 (big blind) folded before Flop
Seat 4: Actionni13 (button) (small blind) collected ($6)


PokerStars Hand #168654485941:  Hold'em Limit ($3/$6 USD) - 2017/04/06 9:25:08 ET
Table 'Watsonia' 6-max Seat #3 is the button
Seat 3: xcgxcg2005 ($140.66 in chips)
Seat 4: Actionni13 ($150 in chips)
xcgxcg2005: posts small blind $1
Actionni13: posts big blind $3
*** HOLE CARDS ***
xcgxcg2005: raises $3 to $6
Actionni13: calls $3
*** FLOP *** [6c Tc 7h]
Actionni13: checks
xcgxcg2005: bets $3
Actionni13: calls $3
*** TURN *** [6c Tc 7h] [Qd]
Actionni13: checks
xcgxcg2005: bets $6
Actionni13: folds
Uncalled bet ($6) returned to xcgxcg2005
xcgxcg2005 collected $17.64 from pot
xcgxcg2005: doesn't show hand
*** SUMMARY ***
Total pot $18 | Rake $0.36
Board [6c Tc 7h Qd]
Seat 3: xcgxcg2005 (button) (small blind) collected ($17.64)
Seat 4: Actionni13 (big blind) folded on the Turn


PokerStars Hand #168654547342:  Hold'em Limit ($3/$6 USD) - 2017/04/06 9:26:55 ET
Table 'Watsonia' 6-max Seat #3 is the button
Seat 3: xcgxcg2005 ($118.94 in chips)
Seat 4: Actionni13 ($179.50 in chips)
xcgxcg2005: posts small blind $1
Actionni13: posts big blind $3
*** HOLE CARDS ***
xcgxcg2005: raises $3 to $6
Actionni13: folds
Uncalled bet ($3) returned to xcgxcg2005
xcgxcg2005 collected $6 from pot
xcgxcg2005: doesn't show hand
*** SUMMARY ***
Total pot $6 | Rake $0
Seat 3: xcgxcg2005 (button) (small blind) collected ($6)
Seat 4: Actionni13 (big blind) folded before Flop


PokerStars Hand #168654550868:  Hold'em Limit ($3/$6 USD) - 2017/04/06 9:27:01 ET
Table 'Watsonia' 6-max Seat #4 is the button
Seat 3: xcgxcg2005 ($121.94 in chips)
Seat 4: Actionni13 ($176.50 in chips)
Actionni13: posts small blind $1
xcgxcg2005: posts big blind $3
*** HOLE CARDS ***
Actionni13: raises $3 to $6
xcgxcg2005: calls $3
*** FLOP *** [Ad 4h Td]
xcgxcg2005: checks
Actionni13: bets $3
xcgxcg2005: folds
Uncalled bet ($3) returned to Actionni13
Actionni13 collected $11.76 from pot
Actionni13: doesn't show hand
*** SUMMARY ***
Total pot $12 | Rake $0.24
Board [Ad 4h Td]
Seat 3: xcgxcg2005 (big blind) folded on the Flop
Seat 4: Actionni13 (button) (small blind) collected ($11.76)


PokerStars Hand #168654539019:  Hold'em Limit ($3/$6 USD) - 2017/04/06 9:26:41 ET
Table 'Watsonia' 6-max Seat #4 is the button
Seat 3: xcgxcg2005 ($121.94 in chips)
Seat 4: Actionni13 ($176.50 in chips)
Actionni13: posts small blind $1
xcgxcg2005: posts big blind $3
*** HOLE CARDS ***
Actionni13: folds
Uncalled bet ($2) returned to xcgxcg2005
xcgxcg2005 collected $2 from pot
xcgxcg2005: doesn't show hand
*** SUMMARY ***
Total pot $2 | Rake $0
Seat 3: xcgxcg2005 (big blind) collected ($2)
Seat 4: Actionni13 (button) (small blind) folded before Flop


PokerStars Hand #168654544235:  Hold'em Limit ($3/$6 USD) - 2017/04/06 9:26:50 ET
Table 'Watsonia' 6-max Seat #4 is the button
Seat 3: xcgxcg2005 ($121.94 in chips)
Seat 4: Actionni13 ($176.50 in chips)
Actionni13: posts small blind $1
xcgxcg2005: posts big blind $3
*** HOLE CARDS ***
Actionni13: raises $3 to $6
xcgxcg2005: folds
Uncalled bet ($3) returned to Actionni13
Actionni13 collected $6 from pot
Actionni13: doesn't show hand
*** SUMMARY ***
Total pot $6 | Rake $0
Seat 3: xcgxcg2005 (big blind) folded before Flop
Seat 4: Actionni13 (button) (small blind) collected ($6)


PokerStars Hand #168654561360:  Hold'em Limit ($3/$6 USD) - 2017/04/06 9:27:19 ET
Table 'Watsonia' 6-max Seat #4 is the button
Seat 3: xcgxcg2005 ($118.94 in chips)
Seat 4: Actionni13 ($179.26 in chips)
Actionni13: posts small blind $1
xcgxcg2005: posts big blind $3
*** HOLE CARDS ***
Actionni13: raises $3 to $6
xcgxcg2005: folds
Uncalled bet ($3) returned to Actionni13
Actionni13 collected $6 from pot
Actionni13: doesn't show hand
*** SUMMARY ***
Total pot $6 | Rake $0
Seat 3: xcgxcg2005 (big blind) folded before Flop
Seat 4: Actionni13 (button) (small blind) collected ($6)


PokerStars Hand #168654532163:  Hold'em Limit ($3/$6 USD) - 2017/04/06 9:26:29 ET
Table 'Watsonia' 6-max Seat #4 is the button
Seat 3: xcgxcg2005 ($121.94 in chips)
Seat 4: Actionni13 ($176.50 in chips)
Actionni13: posts small blind $1
xcgxcg2005: posts big blind $3
*** HOLE CARDS ***
Actionni13: raises $3 to $6
xcgxcg2005: folds
Uncalled bet ($3) returned to Actionni13
Actionni13 collected $6 from pot
Actionni13: doesn't show hand
*** SUMMARY ***
Total pot $6 | Rake $0
Seat 3: xcgxcg2005 (big blind) folded before Flop
Seat 4: Actionni13 (button) (small blind) collected ($6)


PokerStars Hand #168654584935:  Hold'em Limit ($3/$6 USD) - 2017/04/06 9:28:00 ET
Table 'Watsonia' 6-max Seat #3 is the button
Seat 3: xcgxcg2005 ($105.94 in chips)
Seat 4: Actionni13 ($191.90 in chips)
xcgxcg2005: posts small blind $1
Actionni13: posts big blind $3
*** HOLE CARDS ***
xcgxcg2005: raises $3 to $6
Actionni13: raises $3 to $9
xcgxcg2005: calls $3
*** FLOP *** [5h Kh 5c]
Actionni13: bets $3
xcgxcg2005: calls $3
*** TURN *** [5h Kh 5c] [9c]
Actionni13: bets $6
xcgxcg2005: calls $6
*** RIVER *** [5h Kh 5c 9c] [4s]
Actionni13: checks
xcgxcg2005: bets $6
Actionni13: folds
Uncalled bet ($6) returned to xcgxcg2005
xcgxcg2005 collected $35.50 from pot
xcgxcg2005: doesn't show hand
*** SUMMARY ***
Total pot $36 | Rake $0.50
Board [5h Kh 5c 9c 4s]
Seat 3: xcgxcg2005 (button) (small blind) collected ($35.50)
Seat 4: Actionni13 (big blind) folded on the River


PokerStars Hand #168654582302:  Hold'em Limit ($3/$6 USD) - 2017/04/06 9:27:56 ET
Table 'Watsonia' 6-max Seat #4 is the button
Seat 3: xcgxcg2005 ($104.94 in chips)
Seat 4: Actionni13 ($192.90 in chips)
Actionni13: posts small blind $1
xcgxcg2005: posts big blind $3
*** HOLE CARDS ***
Actionni13: folds
Uncalled bet ($2) returned to xcgxcg2005
xcgxcg2005 collected $2 from pot
xcgxcg2005: doesn't show hand
*** SUMMARY ***
Total pot $2 | Rake $0
Seat 3: xcgxcg2005 (big blind) collected ($2)
Seat 4: Actionni13 (button) (small blind) folded before Flop


PokerStars Hand #168654567297:  Hold'em Limit ($3/$6 USD) - 2017/04/06 9:27:30 ET
Table 'Watsonia' 6-max Seat #4 is the button
Seat 3: xcgxcg2005 ($114.94 in chips)
Seat 4: Actionni13 ($183.26 in chips)
Actionni13: posts small blind $1
xcgxcg2005: posts big blind $3
*** HOLE CARDS ***
Actionni13: raises $3 to $6
xcgxcg2005: raises $3 to $9
Actionni13: calls $3
*** FLOP *** [Td 3s 8d]
xcgxcg2005: checks
Actionni13: checks
*** TURN *** [Td 3s 8d] [4c]
xcgxcg2005: checks
Actionni13: checks
*** RIVER *** [Td 3s 8d 4c] [Kh]
xcgxcg2005: checks
Actionni13: checks
*** SHOW DOWN ***
xcgxcg2005: shows [5h 9h] (high card King)
Actionni13: shows [Js 6d] (high card King - Jack kicker)
Actionni13 collected $17.64 from pot
*** SUMMARY ***
Total pot $18 | Rake $0.36
Board [Td 3s 8d 4c Kh]
Seat 3: xcgxcg2005 (big blind) showed [5h 9h] and lost with high card King
Seat 4: Actionni13 (button) (small blind) showed [Js 6d] and won ($17.64) with high card King


PokerStars Hand #168654617276:  Hold'em Limit ($3/$6 USD) - 2017/04/06 9:28:57 ET
Table 'Watsonia' 6-max Seat #4 is the button
Seat 3: xcgxcg2005 ($137.96 in chips)
Seat 4: Actionni13 ($158.90 in chips)
Actionni13: posts small blind $1
xcgxcg2005: posts big blind $3
*** HOLE CARDS ***
Actionni13: raises $3 to $6
xcgxcg2005: calls $3
*** FLOP *** [Ad Jc 5h]
xcgxcg2005: checks
Actionni13: bets $3
xcgxcg2005: calls $3
*** TURN *** [Ad Jc 5h] [Th]
xcgxcg2005: checks
Actionni13: checks
*** RIVER *** [Ad Jc 5h Th] [Qc]
xcgxcg2005: checks
Actionni13: checks
*** SHOW DOWN ***
xcgxcg2005: shows [5c 6d] (a pair of Fives)
Actionni13: mucks hand
xcgxcg2005 collected $17.64 from pot
*** SUMMARY ***
Total pot $18 | Rake $0.36
Board [Ad Jc 5h Th Qc]
Seat 3: xcgxcg2005 (big blind) showed [5c 6d] and won ($17.64) with a pair of Fives
Seat 4: Actionni13 (button) (small blind) mucked


PokerStars Hand #168654604922:  Hold'em Limit ($3/$6 USD) - 2017/04/06 9:28:35 ET
Table 'Watsonia' 6-max Seat #4 is the button
Seat 3: xcgxcg2005 ($123.44 in chips)
Seat 4: Actionni13 ($173.90 in chips)
Actionni13: posts small blind $1
xcgxcg2005: posts big blind $3
*** HOLE CARDS ***
Actionni13: raises $3 to $6
xcgxcg2005: raises $3 to $9
Actionni13: calls $3
*** FLOP *** [9c As 6d]
xcgxcg2005: bets $3
Actionni13: calls $3
*** TURN *** [9c As 6d] [5c]
xcgxcg2005: bets $6
Actionni13: folds
Uncalled bet ($6) returned to xcgxcg2005
xcgxcg2005 collected $23.52 from pot
xcgxcg2005: doesn't show hand
*** SUMMARY ***
Total pot $24 | Rake $0.48
Board [9c As 6d 5c]
Seat 3: xcgxcg2005 (big blind) collected ($23.52)
Seat 4: Actionni13 (button) (small blind) folded on the Turn


PokerStars Hand #168654601890:  Hold'em Limit ($3/$6 USD) - 2017/04/06 9:28:30 ET
Table 'Watsonia' 6-max Seat #3 is the button
Seat 3: xcgxcg2005 ($124.44 in chips)
Seat 4: Actionni13 ($172.90 in chips)
xcgxcg2005: posts small blind $1
Actionni13: posts big blind $3
*** HOLE CARDS ***
xcgxcg2005: folds
Uncalled bet ($2) returned to Actionni13
Actionni13 collected $2 from pot
Actionni13: doesn't show hand
*** SUMMARY ***
Total pot $2 | Rake $0
Seat 3: xcgxcg2005 (button) (small blind) folded before Flop
Seat 4: Actionni13 (big blind) collected ($2)


PokerStars Hand #168654654939:  Hold'em Limit ($3/$6 USD) - 2017/04/06 9:30:03 ET
Table 'Watsonia' 6-max Seat #4 is the button
Seat 3: xcgxcg2005 ($205.24 in chips)
Seat 4: Actionni13 ($150 in chips)
Actionni13: posts small blind $1
xcgxcg2005: posts big blind $3
*** HOLE CARDS ***
Actionni13: raises $3 to $6
xcgxcg2005: raises $3 to $9
Actionni13: calls $3
*** FLOP *** [Ks Jc Qd]
xcgxcg2005: bets $3
Actionni13: raises $3 to $6
xcgxcg2005: calls $3
*** TURN *** [Ks Jc Qd] [6d]
xcgxcg2005: checks
Actionni13: bets $6
xcgxcg2005: folds
Uncalled bet ($6) returned to Actionni13
Actionni13 collected $29.50 from pot
Actionni13: doesn't show hand
*** SUMMARY ***
Total pot $30 | Rake $0.50
Board [Ks Jc Qd 6d]
Seat 3: xcgxcg2005 (big blind) folded on the Turn
Seat 4: Actionni13 (button) (small blind) collected ($29.50)


PokerStars Hand #168654627499:  Hold'em Limit ($3/$6 USD) - 2017/04/06 9:29:15 ET
Table 'Watsonia' 6-max Seat #3 is the button
Seat 3: xcgxcg2005 ($146.60 in chips)
Seat 4: Actionni13 ($150 in chips)
xcgxcg2005: posts small blind $1
Actionni13: posts big blind $3
*** HOLE CARDS ***
xcgxcg2005: raises $3 to $6
Actionni13: raises $3 to $9
xcgxcg2005: raises $3 to $12
Betting is capped
Actionni13: calls $3
*** FLOP *** [5h 7s 4c]
Actionni13: checks
xcgxcg2005: bets $3
Actionni13: raises $3 to $6
xcgxcg2005: raises $3 to $9
Actionni13: raises $3 to $12
Betting is capped
xcgxcg2005: calls $3
*** TURN *** [5h 7s 4c] [Tc]
Actionni13: bets $6
xcgxcg2005: calls $6
*** RIVER *** [5h 7s 4c Tc] [4h]
Actionni13: bets $6
xcgxcg2005: raises $6 to $12
Actionni13: folds
Uncalled bet ($6) returned to xcgxcg2005
xcgxcg2005 collected $71.50 from pot
xcgxcg2005: doesn't show hand
*** SUMMARY ***
Total pot $72 | Rake $0.50
Board [5h 7s 4c Tc 4h]
Seat 3: xcgxcg2005 (button) (small blind) collected ($71.50)
Seat 4: Actionni13 (big blind) folded on the River


PokerStars Hand #168654647524:  Hold'em Limit ($3/$6 USD) - 2017/04/06 9:29:50 ET
Table 'Watsonia' 6-max Seat #3 is the button
Seat 3: xcgxcg2005 ($190.74 in chips)
Seat 4: Actionni13 ($150 in chips)
xcgxcg2005: posts small blind $1
Actionni13: posts big blind $3
*** HOLE CARDS ***
xcgxcg2005: raises $3 to $6
Actionni13: raises $3 to $9
xcgxcg2005: calls $3
*** FLOP *** [2h 4s 7h]
Actionni13: bets $3
xcgxcg2005: raises $3 to $6
Actionni13: calls $3
*** TURN *** [2h 4s 7h] [Th]
Actionni13: checks
xcgxcg2005: bets $6
Actionni13: folds
Uncalled bet ($6) returned to xcgxcg2005
xcgxcg2005 collected $29.50 from pot
xcgxcg2005: doesn't show hand
*** SUMMARY ***
Total pot $30 | Rake $0.50
Board [2h 4s 7h Th]
Seat 3: xcgxcg2005 (button) (small blind) collected ($29.50)
Seat 4: Actionni13 (big blind) folded on the Turn


PokerStars Hand #168654665236:  Hold'em Limit ($3/$6 USD) - 2017/04/06 9:30:21 ET
Table 'Watsonia' 6-max Seat #4 is the button
Seat 3: xcgxcg2005 ($189.24 in chips)
Seat 4: Actionni13 ($165.50 in chips)
Actionni13: posts small blind $1
xcgxcg2005: posts big blind $3
*** HOLE CARDS ***
Actionni13: folds
Uncalled bet ($2) returned to xcgxcg2005
xcgxcg2005 collected $2 from pot
xcgxcg2005: doesn't show hand
*** SUMMARY ***
Total pot $2 | Rake $0
Seat 3: xcgxcg2005 (big blind) collected ($2)
Seat 4: Actionni13 (button) (small blind) folded before Flop


PokerStars Hand #168654662758:  Hold'em Limit ($3/$6 USD) - 2017/04/06 9:30:17 ET
Table 'Watsonia' 6-max Seat #3 is the button
Seat 3: xcgxcg2005 ($190.24 in chips)
Seat 4: Actionni13 ($164.50 in chips)
xcgxcg2005: posts small blind $1
Actionni13: posts big blind $3
*** HOLE CARDS ***
xcgxcg2005: folds
Uncalled bet ($2) returned to Actionni13
Actionni13 collected $2 from pot
Actionni13: doesn't show hand
*** SUMMARY ***
Total pot $2 | Rake $0
Seat 3: xcgxcg2005 (button) (small blind) folded before Flop
Seat 4: Actionni13 (big blind) collected ($2)


PokerStars Hand #168654642033:  Hold'em Limit ($3/$6 USD) - 2017/04/06 9:29:40 ET
Table 'Watsonia' 6-max Seat #4 is the button
Seat 3: xcgxcg2005 ($182.10 in chips)
Seat 4: Actionni13 ($150 in chips)
Actionni13: posts small blind $1
xcgxcg2005: posts big blind $3
*** HOLE CARDS ***
Actionni13: raises $3 to $6
xcgxcg2005: raises $3 to $9
Actionni13: calls $3
*** FLOP *** [Jd Js 8d]
xcgxcg2005: bets $3
Actionni13: folds
Uncalled bet ($3) returned to xcgxcg2005
xcgxcg2005 collected $17.64 from pot
xcgxcg2005: doesn't show hand
*** SUMMARY ***
Total pot $18 | Rake $0.36
Board [Jd Js 8d]
Seat 3: xcgxcg2005 (big blind) collected ($17.64)
Seat 4: Actionni13 (button) (small blind) folded on the Flop


PokerStars Hand #168654687838:  Hold'em Limit ($3/$6 USD) - 2017/04/06 9:31:00 ET
Table 'Watsonia' 6-max Seat #3 is the button
Seat 3: xcgxcg2005 ($193 in chips)
Seat 4: Actionni13 ($161.50 in chips)
xcgxcg2005: posts small blind $1
Actionni13: posts big blind $3
*** HOLE CARDS ***
xcgxcg2005: folds
Uncalled bet ($2) returned to Actionni13
Actionni13 collected $2 from pot
Actionni13: doesn't show hand
*** SUMMARY ***
Total pot $2 | Rake $0
Seat 3: xcgxcg2005 (button) (small blind) folded before Flop
Seat 4: Actionni13 (big blind) collected ($2)


PokerStars Hand #168654684811:  Hold'em Limit ($3/$6 USD) - 2017/04/06 9:30:55 ET
Table 'Watsonia' 6-max Seat #4 is the button
Seat 3: xcgxcg2005 ($196 in chips)
Seat 4: Actionni13 ($158.50 in chips)
Actionni13: posts small blind $1
xcgxcg2005: posts big blind $3
*** HOLE CARDS ***
Actionni13: raises $3 to $6
xcgxcg2005: folds
Uncalled bet ($3) returned to Actionni13
Actionni13 collected $6 from pot
Actionni13: doesn't show hand
*** SUMMARY ***
Total pot $6 | Rake $0
Seat 3: xcgxcg2005 (big blind) folded before Flop
Seat 4: Actionni13 (button) (small blind) collected ($6)


PokerStars Hand #168654674217:  Hold'em Limit ($3/$6 USD) - 2017/04/06 9:30:37 ET
Table 'Watsonia' 6-max Seat #3 is the button
Seat 3: xcgxcg2005 ($190.24 in chips)
Seat 4: Actionni13 ($164.50 in chips)
xcgxcg2005: posts small blind $1
Actionni13: posts big blind $3
*** HOLE CARDS ***
xcgxcg2005: raises $3 to $6
Actionni13: calls $3
*** FLOP *** [7s Tc Th]
Actionni13: checks
xcgxcg2005: bets $3
Actionni13: folds
Uncalled bet ($3) returned to xcgxcg2005
xcgxcg2005 collected $11.76 from pot
xcgxcg2005: doesn't show hand
*** SUMMARY ***
Total pot $12 | Rake $0.24
Board [7s Tc Th]
Seat 3: xcgxcg2005 (button) (small blind) collected ($11.76)
Seat 4: Actionni13 (big blind) folded on the Flop


PokerStars Hand #168654667791:  Hold'em Limit ($3/$6 USD) - 2017/04/06 9:30:25 ET
Table 'Watsonia' 6-max Seat #3 is the button
Seat 3: xcgxcg2005 ($190.24 in chips)
Seat 4: Actionni13 ($164.50 in chips)
xcgxcg2005: posts small blind $1
Actionni13: posts big blind $3
*** HOLE CARDS ***
xcgxcg2005: raises $3 to $6
Actionni13: folds
Uncalled bet ($3) returned to xcgxcg2005
xcgxcg2005 collected $6 from pot
xcgxcg2005: doesn't show hand
*** SUMMARY ***
Total pot $6 | Rake $0
Seat 3: xcgxcg2005 (button) (small blind) collected ($6)
Seat 4: Actionni13 (big blind) folded before Flop


PokerStars Hand #168654699251:  Hold'em Limit ($3/$6 USD) - 2017/04/06 9:31:20 ET
Table 'Watsonia' 6-max Seat #3 is the button
Seat 3: xcgxcg2005 ($197.76 in chips)
Seat 4: Actionni13 ($156.50 in chips)
xcgxcg2005: posts small blind $1
Actionni13: posts big blind $3
*** HOLE CARDS ***
xcgxcg2005: raises $3 to $6
Actionni13: folds
Uncalled bet ($3) returned to xcgxcg2005
xcgxcg2005 collected $6 from pot
xcgxcg2005: doesn't show hand
*** SUMMARY ***
Total pot $6 | Rake $0
Seat 3: xcgxcg2005 (button) (small blind) collected ($6)
Seat 4: Actionni13 (big blind) folded before Flop


PokerStars Hand #168654690627:  Hold'em Limit ($3/$6 USD) - 2017/04/06 9:31:05 ET
Table 'Watsonia' 6-max Seat #4 is the button
Seat 3: xcgxcg2005 ($192 in chips)
Seat 4: Actionni13 ($162.50 in chips)
Actionni13: posts small blind $1
xcgxcg2005: posts big blind $3
*** HOLE CARDS ***
Actionni13: raises $3 to $6
xcgxcg2005: calls $3
*** FLOP *** [3c 9h Qs]
xcgxcg2005: checks
Actionni13: checks
*** TURN *** [3c 9h Qs] [7c]
xcgxcg2005: bets $6
Actionni13: folds
Uncalled bet ($6) returned to xcgxcg2005
xcgxcg2005 collected $11.76 from pot
xcgxcg2005: doesn't show hand
*** SUMMARY ***
Total pot $12 | Rake $0.24
Board [3c 9h Qs 7c]
Seat 3: xcgxcg2005 (big blind) collected ($11.76)
Seat 4: Actionni13 (button) (small blind) folded on the Turn


PokerStars Hand #168654719110:  Hold'em Limit ($3/$6 USD) - 2017/04/06 9:31:54 ET
Table 'Watsonia' 6-max Seat #4 is the button
Seat 3: xcgxcg2005 ($171.76 in chips)
Seat 4: Actionni13 ($182 in chips)
Actionni13: posts small blind $1
xcgxcg2005: posts big blind $3
*** HOLE CARDS ***
Actionni13: folds
Uncalled bet ($2) returned to xcgxcg2005
xcgxcg2005 collected $2 from pot
xcgxcg2005: doesn't show hand
*** SUMMARY ***
Total pot $2 | Rake $0
Seat 3: xcgxcg2005 (big blind) collected ($2)
Seat 4: Actionni13 (button) (small blind) folded before Flop


PokerStars Hand #168654706664:  Hold'em Limit ($3/$6 USD) - 2017/04/06 9:31:33 ET
Table 'Watsonia' 6-max Seat #3 is the button
Seat 3: xcgxcg2005 ($201.76 in chips)
Seat 4: Actionni13 ($152.50 in chips)
xcgxcg2005: posts small blind $1
Actionni13: posts big blind $3
*** HOLE CARDS ***
xcgxcg2005: raises $3 to $6
Actionni13: raises $3 to $9
xcgxcg2005: raises $3 to $12
Betting is capped
Actionni13: calls $3
*** FLOP *** [3d 4s Qc]
Actionni13: checks
xcgxcg2005: bets $3
Actionni13: raises $3 to $6
xcgxcg2005: calls $3
*** TURN *** [3d 4s Qc] [Ac]
Actionni13: bets $6
xcgxcg2005: raises $6 to $12
Actionni13: calls $6
*** RIVER *** [3d 4s Qc Ac] [Tc]
Actionni13: checks
xcgxcg2005: checks
*** SHOW DOWN ***
Actionni13: shows [Jc Jd] (a pair of Jacks)
xcgxcg2005: mucks hand
Actionni13 collected $59.50 from pot
*** SUMMARY ***
Total pot $60 | Rake $0.50
Board [3d 4s Qc Ac Tc]
Seat 3: xcgxcg2005 (button) (small blind) mucked
Seat 4: Actionni13 (big blind) showed [Jc Jd] and won ($59.50) with a pair of Jacks


PokerStars Hand #168654702746:  Hold'em Limit ($3/$6 USD) - 2017/04/06 9:31:26 ET
Table 'Watsonia' 6-max Seat #4 is the button
Seat 3: xcgxcg2005 ($200.76 in chips)
Seat 4: Actionni13 ($153.50 in chips)
Actionni13: posts small blind $1
xcgxcg2005: posts big blind $3
*** HOLE CARDS ***
Actionni13: folds
Uncalled bet ($2) returned to xcgxcg2005
xcgxcg2005 collected $2 from pot
xcgxcg2005: doesn't show hand
*** SUMMARY ***
Total pot $2 | Rake $0
Seat 3: xcgxcg2005 (big blind) collected ($2)
Seat 4: Actionni13 (button) (small blind) folded before Flop


PokerStars Hand #168654721545:  Hold'em Limit ($3/$6 USD) - 2017/04/06 9:31:58 ET
Table 'Watsonia' 6-max Seat #3 is the button
Seat 3: xcgxcg2005 ($172.76 in chips)
Seat 4: Actionni13 ($181 in chips)
xcgxcg2005: posts small blind $1
Actionni13: posts big blind $3
*** HOLE CARDS ***
xcgxcg2005: raises $3 to $6
Actionni13: raises $3 to $9
xcgxcg2005: raises $3 to $12
Betting is capped
Actionni13: calls $3
*** FLOP *** [2d Jh Ac]
Actionni13: checks
xcgxcg2005: checks
*** TURN *** [2d Jh Ac] [7h]
Actionni13: bets $6
xcgxcg2005: calls $6
*** RIVER *** [2d Jh Ac 7h] [Qh]
Actionni13: bets $6
xcgxcg2005: calls $6
*** SHOW DOWN ***
Actionni13: shows [Ts As] (a pair of Aces)
xcgxcg2005: mucks hand
Actionni13 collected $47.50 from pot
*** SUMMARY ***
Total pot $48 | Rake $0.50
Board [2d Jh Ac 7h Qh]
Seat 3: xcgxcg2005 (button) (small blind) mucked
Seat 4: Actionni13 (big blind) showed [Ts As] and won ($47.50) with a pair of Aces


PokerStars Hand #168654757157:  Hold'em Limit ($3/$6 USD) - 2017/04/06 9:32:59 ET
Table 'Watsonia' 6-max Seat #3 is the button
Seat 3: xcgxcg2005 ($157.26 in chips)
Seat 4: Actionni13 ($195 in chips)
xcgxcg2005: posts small blind $1
Actionni13: posts big blind $3
*** HOLE CARDS ***
xcgxcg2005: folds
Uncalled bet ($2) returned to Actionni13
Actionni13 collected $2 from pot
Actionni13: doesn't show hand
*** SUMMARY ***
Total pot $2 | Rake $0
Seat 3: xcgxcg2005 (button) (small blind) folded before Flop
Seat 4: Actionni13 (big blind) collected ($2)


PokerStars Hand #168654746987:  Hold'em Limit ($3/$6 USD) - 2017/04/06 9:32:42 ET
Table 'Watsonia' 6-max Seat #4 is the button
Seat 3: xcgxcg2005 ($172.26 in chips)
Seat 4: Actionni13 ($180.50 in chips)
Actionni13: posts small blind $1
xcgxcg2005: posts big blind $3
*** HOLE CARDS ***
Actionni13: raises $3 to $6
xcgxcg2005: raises $3 to $9
Actionni13: calls $3
*** FLOP *** [7c 3c Ks]
xcgxcg2005: bets $3
Actionni13: raises $3 to $6
xcgxcg2005: calls $3
*** TURN *** [7c 3c Ks] [Kc]
xcgxcg2005: checks
Actionni13: bets $6
xcgxcg2005: folds
Uncalled bet ($6) returned to Actionni13
Actionni13 collected $29.50 from pot
Actionni13: doesn't show hand
*** SUMMARY ***
Total pot $30 | Rake $0.50
Board [7c 3c Ks Kc]
Seat 3: xcgxcg2005 (big blind) folded on the Turn
Seat 4: Actionni13 (button) (small blind) collected ($29.50)


PokerStars Hand #168654734720:  Hold'em Limit ($3/$6 USD) - 2017/04/06 9:32:21 ET
Table 'Watsonia' 6-max Seat #3 is the button
Seat 3: xcgxcg2005 ($145.76 in chips)
Seat 4: Actionni13 ($207.50 in chips)
xcgxcg2005: posts small blind $1
Actionni13: posts big blind $3
*** HOLE CARDS ***
xcgxcg2005: raises $3 to $6
Actionni13: raises $3 to $9
xcgxcg2005: raises $3 to $12
Betting is capped
Actionni13: calls $3
*** FLOP *** [8h 3d 9h]
Actionni13: checks
xcgxcg2005: bets $3
Actionni13: calls $3
*** TURN *** [8h 3d 9h] [Qh]
Actionni13: checks
xcgxcg2005: bets $6
Actionni13: calls $6
*** RIVER *** [8h 3d 9h Qh] [Qc]
Actionni13: checks
xcgxcg2005: bets $6
Actionni13: calls $6
*** SHOW DOWN ***
xcgxcg2005: shows [Qd Td] (three of a kind, Queens)
Actionni13: mucks hand
xcgxcg2005 collected $53.50 from pot
*** SUMMARY ***
Total pot $54 | Rake $0.50
Board [8h 3d 9h Qh Qc]
Seat 3: xcgxcg2005 (button) (small blind) showed [Qd Td] and won ($53.50) with three of a kind, Queens
Seat 4: Actionni13 (big blind) mucked


PokerStars Hand #168654759826:  Hold'em Limit ($3/$6 USD) - 2017/04/06 9:33:04 ET
Table 'Watsonia' 6-max Seat #4 is the button
Seat 3: xcgxcg2005 ($156.26 in chips)
Seat 4: Actionni13 ($196 in chips)
Actionni13: posts small blind $1
xcgxcg2005: posts big blind $3
*** HOLE CARDS ***
Actionni13: raises $3 to $6
xcgxcg2005: calls $3
*** FLOP *** [As Ac 8s]
xcgxcg2005: checks
Actionni13: bets $3
xcgxcg2005: folds
Uncalled bet ($3) returned to Actionni13
Actionni13 collected $11.76 from pot
Actionni13: doesn't show hand
*** SUMMARY ***
Total pot $12 | Rake $0.24
Board [As Ac 8s]
Seat 3: xcgxcg2005 (big blind) folded on the Flop
Seat 4: Actionni13 (button) (small blind) collected ($11.76)


PokerStars Hand #168654798702:  Hold'em Limit ($3/$6 USD) - 2017/04/06 9:34:11 ET
Table 'Watsonia' 6-max Seat #3 is the button
Seat 3: xcgxcg2005 ($131.78 in chips)
Seat 4: Actionni13 ($218.78 in chips)
xcgxcg2005: posts small blind $1
Actionni13: posts big blind $3
*** HOLE CARDS ***
xcgxcg2005: folds
Uncalled bet ($2) returned to Actionni13
Actionni13 collected $2 from pot
Actionni13: doesn't show hand
*** SUMMARY ***
Total pot $2 | Rake $0
Seat 3: xcgxcg2005 (button) (small blind) folded before Flop
Seat 4: Actionni13 (big blind) collected ($2)


PokerStars Hand #168654795884:  Hold'em Limit ($3/$6 USD) - 2017/04/06 9:34:06 ET
Table 'Watsonia' 6-max Seat #4 is the button
Seat 3: xcgxcg2005 ($134.78 in chips)
Seat 4: Actionni13 ($215.78 in chips)
Actionni13: posts small blind $1
xcgxcg2005: posts big blind $3
*** HOLE CARDS ***
Actionni13: raises $3 to $6
xcgxcg2005: folds
Uncalled bet ($3) returned to Actionni13
Actionni13 collected $6 from pot
Actionni13: doesn't show hand
*** SUMMARY ***
Total pot $6 | Rake $0
Seat 3: xcgxcg2005 (big blind) folded before Flop
Seat 4: Actionni13 (button) (small blind) collected ($6)


PokerStars Hand #168654765177:  Hold'em Limit ($3/$6 USD) - 2017/04/06 9:33:13 ET
Table 'Watsonia' 6-max Seat #3 is the button
Seat 3: xcgxcg2005 ($150.26 in chips)
Seat 4: Actionni13 ($201.76 in chips)
xcgxcg2005: posts small blind $1
Actionni13: posts big blind $3
*** HOLE CARDS ***
xcgxcg2005: raises $3 to $6
Actionni13: raises $3 to $9
xcgxcg2005: raises $3 to $12
Betting is capped
Actionni13: calls $3
*** FLOP *** [2d 3c 6c]
Actionni13: checks
xcgxcg2005: checks
*** TURN *** [2d 3c 6c] [Kh]
Actionni13: checks
xcgxcg2005: checks
*** RIVER *** [2d 3c 6c Kh] [8h]
Actionni13: checks
xcgxcg2005: checks
*** SHOW DOWN ***
Actionni13: shows [As Qh] (high card Ace)
xcgxcg2005: mucks hand
Actionni13 collected $23.52 from pot
*** SUMMARY ***
Total pot $24 | Rake $0.48
Board [2d 3c 6c Kh 8h]
Seat 3: xcgxcg2005 (button) (small blind) mucked
Seat 4: Actionni13 (big blind) showed [As Qh] and won ($23.52) with high card Ace


PokerStars Hand #168654805359:  Hold'em Limit ($3/$6 USD) - 2017/04/06 9:34:22 ET
Table 'Watsonia' 6-max Seat #3 is the button
Seat 3: xcgxcg2005 ($131.78 in chips)
Seat 4: Actionni13 ($218.78 in chips)
xcgxcg2005: posts small blind $1
Actionni13: posts big blind $3
*** HOLE CARDS ***
xcgxcg2005: folds
Uncalled bet ($2) returned to Actionni13
Actionni13 collected $2 from pot
Actionni13: doesn't show hand
*** SUMMARY ***
Total pot $2 | Rake $0
Seat 3: xcgxcg2005 (button) (small blind) folded before Flop
Seat 4: Actionni13 (big blind) collected ($2)


PokerStars Hand #168654801720:  Hold'em Limit ($3/$6 USD) - 2017/04/06 9:34:16 ET
Table 'Watsonia' 6-max Seat #4 is the button
Seat 3: xcgxcg2005 ($130.78 in chips)
Seat 4: Actionni13 ($219.78 in chips)
Actionni13: posts small blind $1
xcgxcg2005: posts big blind $3
*** HOLE CARDS ***
Actionni13: folds
Uncalled bet ($2) returned to xcgxcg2005
xcgxcg2005 collected $2 from pot
xcgxcg2005: doesn't show hand
*** SUMMARY ***
Total pot $2 | Rake $0
Seat 3: xcgxcg2005 (big blind) collected ($2)
Seat 4: Actionni13 (button) (small blind) folded before Flop


PokerStars Hand #168654785557:  Hold'em Limit ($3/$6 USD) - 2017/04/06 9:33:48 ET
Table 'Watsonia' 6-max Seat #3 is the button
Seat 3: xcgxcg2005 ($149.78 in chips)
Seat 4: Actionni13 ($201.28 in chips)
xcgxcg2005: posts small blind $1
Actionni13: posts big blind $3
*** HOLE CARDS ***
xcgxcg2005: raises $3 to $6
Actionni13: raises $3 to $9
xcgxcg2005: calls $3
*** FLOP *** [4h 4d 3d]
Actionni13: bets $3
xcgxcg2005: raises $3 to $6
Actionni13: calls $3
*** TURN *** [4h 4d 3d] [2d]
Actionni13: checks
xcgxcg2005: checks
*** RIVER *** [4h 4d 3d 2d] [9h]
Actionni13: bets $6
xcgxcg2005: folds
Uncalled bet ($6) returned to Actionni13
Actionni13 collected $29.50 from pot
Actionni13: doesn't show hand
*** SUMMARY ***
Total pot $30 | Rake $0.50
Board [4h 4d 3d 2d 9h]
Seat 3: xcgxcg2005 (button) (small blind) folded on the River
Seat 4: Actionni13 (big blind) collected ($29.50)


PokerStars Hand #168654775244:  Hold'em Limit ($3/$6 USD) - 2017/04/06 9:33:30 ET
Table 'Watsonia' 6-max Seat #4 is the button
Seat 3: xcgxcg2005 ($138.26 in chips)
Seat 4: Actionni13 ($213.28 in chips)
Actionni13: posts small blind $1
xcgxcg2005: posts big blind $3
*** HOLE CARDS ***
Actionni13: raises $3 to $6
xcgxcg2005: raises $3 to $9
Actionni13: calls $3
*** FLOP *** [5h 8s 2d]
xcgxcg2005: bets $3
Actionni13: calls $3
*** TURN *** [5h 8s 2d] [6d]
xcgxcg2005: bets $6
Actionni13: folds
Uncalled bet ($6) returned to xcgxcg2005
xcgxcg2005 collected $23.52 from pot
xcgxcg2005: doesn't show hand
*** SUMMARY ***
Total pot $24 | Rake $0.48
Board [5h 8s 2d 6d]
Seat 3: xcgxcg2005 (big blind) collected ($23.52)
Seat 4: Actionni13 (button) (small blind) folded on the Turn


PokerStars Hand #168654807949:  Hold'em Limit ($3/$6 USD) - 2017/04/06 9:34:27 ET
Table 'Watsonia' 6-max Seat #4 is the button
Seat 3: xcgxcg2005 ($130.78 in chips)
Seat 4: Actionni13 ($219.78 in chips)
Actionni13: posts small blind $1
xcgxcg2005: posts big blind $3
*** HOLE CARDS ***
Actionni13: raises $3 to $6
xcgxcg2005: calls $3
*** FLOP *** [5h Qd 2c]
xcgxcg2005: checks
Actionni13: bets $3
xcgxcg2005: raises $3 to $6
Actionni13: calls $3
*** TURN *** [5h Qd 2c] [3s]
xcgxcg2005: bets $6
Actionni13: calls $6
*** RIVER *** [5h Qd 2c 3s] [6s]
xcgxcg2005: checks
Actionni13: checks
*** SHOW DOWN ***
xcgxcg2005: shows [8s 5c] (a pair of Fives)
Actionni13: mucks hand
xcgxcg2005 collected $35.50 from pot
*** SUMMARY ***
Total pot $36 | Rake $0.50
Board [5h Qd 2c 3s 6s]
Seat 3: xcgxcg2005 (big blind) showed [8s 5c] and won ($35.50) with a pair of Fives
Seat 4: Actionni13 (button) (small blind) mucked


PokerStars Hand #168654820427:  Hold'em Limit ($3/$6 USD) - 2017/04/06 9:34:48 ET
Table 'Watsonia' 6-max Seat #3 is the button
Seat 3: xcgxcg2005 ($148.28 in chips)
Seat 4: Actionni13 ($201.78 in chips)
xcgxcg2005: posts small blind $1
Actionni13: posts big blind $3
*** HOLE CARDS ***
xcgxcg2005: folds
Uncalled bet ($2) returned to Actionni13
Actionni13 collected $2 from pot
Actionni13: doesn't show hand
*** SUMMARY ***
Total pot $2 | Rake $0
Seat 3: xcgxcg2005 (button) (small blind) folded before Flop
Seat 4: Actionni13 (big blind) collected ($2)


PokerStars Hand #168654840444:  Hold'em Limit ($3/$6 USD) - 2017/04/06 9:35:23 ET
Table 'Watsonia' 6-max Seat #3 is the button
Seat 3: xcgxcg2005 ($162.80 in chips)
Seat 4: Actionni13 ($186.78 in chips)
xcgxcg2005: posts small blind $1
Actionni13: posts big blind $3
*** HOLE CARDS ***
xcgxcg2005: folds
Uncalled bet ($2) returned to Actionni13
Actionni13 collected $2 from pot
Actionni13: doesn't show hand
*** SUMMARY ***
Total pot $2 | Rake $0
Seat 3: xcgxcg2005 (button) (small blind) folded before Flop
Seat 4: Actionni13 (big blind) collected ($2)


PokerStars Hand #168654837035:  Hold'em Limit ($3/$6 USD) - 2017/04/06 9:35:17 ET
Table 'Watsonia' 6-max Seat #4 is the button
Seat 3: xcgxcg2005 ($161.80 in chips)
Seat 4: Actionni13 ($187.78 in chips)
Actionni13: posts small blind $1
xcgxcg2005: posts big blind $3
*** HOLE CARDS ***
Actionni13: folds
Uncalled bet ($2) returned to xcgxcg2005
xcgxcg2005 collected $2 from pot
xcgxcg2005: doesn't show hand
*** SUMMARY ***
Total pot $2 | Rake $0
Seat 3: xcgxcg2005 (big blind) collected ($2)
Seat 4: Actionni13 (button) (small blind) folded before Flop


PokerStars Hand #168654823667:  Hold'em Limit ($3/$6 USD) - 2017/04/06 9:34:54 ET
Table 'Watsonia' 6-max Seat #4 is the button
Seat 3: xcgxcg2005 ($147.28 in chips)
Seat 4: Actionni13 ($202.78 in chips)
Actionni13: posts small blind $1
xcgxcg2005: posts big blind $3
*** HOLE CARDS ***
Actionni13: raises $3 to $6
xcgxcg2005: raises $3 to $9
Actionni13: calls $3
*** FLOP *** [4s Ad 2h]
xcgxcg2005: bets $3
Actionni13: calls $3
*** TURN *** [4s Ad 2h] [7c]
xcgxcg2005: bets $6
Actionni13: folds
Uncalled bet ($6) returned to xcgxcg2005
xcgxcg2005 collected $23.52 from pot
xcgxcg2005: doesn't show hand
*** SUMMARY ***
Total pot $24 | Rake $0.48
Board [4s Ad 2h 7c]
Seat 3: xcgxcg2005 (big blind) collected ($23.52)
Seat 4: Actionni13 (button) (small blind) folded on the Turn


PokerStars Hand #168654862175:  Hold'em Limit ($3/$6 USD) - 2017/04/06 9:36:01 ET
Table 'Watsonia' 6-max Seat #4 is the button
Seat 3: xcgxcg2005 ($176.30 in chips)
Seat 4: Actionni13 ($172.78 in chips)
Actionni13: posts small blind $1
xcgxcg2005: posts big blind $3
*** HOLE CARDS ***
Actionni13: raises $3 to $6
xcgxcg2005: folds
Uncalled bet ($3) returned to Actionni13
Actionni13 collected $6 from pot
Actionni13: doesn't show hand
*** SUMMARY ***
Total pot $6 | Rake $0
Seat 3: xcgxcg2005 (big blind) folded before Flop
Seat 4: Actionni13 (button) (small blind) collected ($6)


PokerStars Hand #168654847282:  Hold'em Limit ($3/$6 USD) - 2017/04/06 9:35:35 ET
Table 'Watsonia' 6-max Seat #3 is the button
Seat 3: xcgxcg2005 ($158.80 in chips)
Seat 4: Actionni13 ($190.78 in chips)
xcgxcg2005: posts small blind $1
Actionni13: posts big blind $3
*** HOLE CARDS ***
xcgxcg2005: raises $3 to $6
Actionni13: calls $3
*** FLOP *** [6s Jh 6h]
Actionni13: checks
xcgxcg2005: bets $3
Actionni13: raises $3 to $6
xcgxcg2005: calls $3
*** TURN *** [6s Jh 6h] [Js]
Actionni13: bets $6
xcgxcg2005: calls $6
*** RIVER *** [6s Jh 6h Js] [As]
Actionni13: checks
xcgxcg2005: bets $6
Actionni13: folds
Uncalled bet ($6) returned to xcgxcg2005
xcgxcg2005 collected $35.50 from pot
xcgxcg2005: doesn't show hand
*** SUMMARY ***
Total pot $36 | Rake $0.50
Board [6s Jh 6h Js As]
Seat 3: xcgxcg2005 (button) (small blind) collected ($35.50)
Seat 4: Actionni13 (big blind) folded on the River


PokerStars Hand #168654865321:  Hold'em Limit ($3/$6 USD) - 2017/04/06 9:36:07 ET
Table 'Watsonia' 6-max Seat #3 is the button
Seat 3: xcgxcg2005 ($173.30 in chips)
Seat 4: Actionni13 ($175.78 in chips)
xcgxcg2005: posts small blind $1
Actionni13: posts big blind $3
*** HOLE CARDS ***
xcgxcg2005: raises $3 to $6
Actionni13: folds
Uncalled bet ($3) returned to xcgxcg2005
xcgxcg2005 collected $6 from pot
xcgxcg2005: doesn't show hand
*** SUMMARY ***
Total pot $6 | Rake $0
Seat 3: xcgxcg2005 (button) (small blind) collected ($6)
Seat 4: Actionni13 (big blind) folded before Flop


PokerStars Hand #168654843408:  Hold'em Limit ($3/$6 USD) - 2017/04/06 9:35:28 ET
Table 'Watsonia' 6-max Seat #4 is the button
Seat 3: xcgxcg2005 ($161.80 in chips)
Seat 4: Actionni13 ($187.78 in chips)
Actionni13: posts small blind $1
xcgxcg2005: posts big blind $3
*** HOLE CARDS ***
Actionni13: raises $3 to $6
xcgxcg2005: folds
Uncalled bet ($3) returned to Actionni13
Actionni13 collected $6 from pot
Actionni13: doesn't show hand
*** SUMMARY ***
Total pot $6 | Rake $0
Seat 3: xcgxcg2005 (big blind) folded before Flop
Seat 4: Actionni13 (button) (small blind) collected ($6)


PokerStars Hand #168654897685:  Hold'em Limit ($3/$6 USD) - 2017/04/06 9:37:03 ET
Table 'Watsonia' 6-max Seat #4 is the button
Seat 3: xcgxcg2005 ($176.80 in chips)
Seat 4: Actionni13 ($171.28 in chips)
Actionni13: posts small blind $1
xcgxcg2005: posts big blind $3
*** HOLE CARDS ***
Actionni13: folds
Uncalled bet ($2) returned to xcgxcg2005
xcgxcg2005 collected $2 from pot
xcgxcg2005: doesn't show hand
*** SUMMARY ***
Total pot $2 | Rake $0
Seat 3: xcgxcg2005 (big blind) collected ($2)
Seat 4: Actionni13 (button) (small blind) folded before Flop


PokerStars Hand #168654894840:  Hold'em Limit ($3/$6 USD) - 2017/04/06 9:36:58 ET
Table 'Watsonia' 6-max Seat #3 is the button
Seat 3: xcgxcg2005 ($177.80 in chips)
Seat 4: Actionni13 ($170.28 in chips)
xcgxcg2005: posts small blind $1
Actionni13: posts big blind $3
*** HOLE CARDS ***
xcgxcg2005: folds
Uncalled bet ($2) returned to Actionni13
Actionni13 collected $2 from pot
Actionni13: doesn't show hand
*** SUMMARY ***
Total pot $2 | Rake $0
Seat 3: xcgxcg2005 (button) (small blind) folded before Flop
Seat 4: Actionni13 (big blind) collected ($2)


PokerStars Hand #168654885100:  Hold'em Limit ($3/$6 USD) - 2017/04/06 9:36:41 ET
Table 'Watsonia' 6-max Seat #4 is the button
Seat 3: xcgxcg2005 ($192.80 in chips)
Seat 4: Actionni13 ($155.78 in chips)
Actionni13: posts small blind $1
xcgxcg2005: posts big blind $3
*** HOLE CARDS ***
Actionni13: raises $3 to $6
xcgxcg2005: raises $3 to $9
Actionni13: calls $3
*** FLOP *** [7c Kh Qc]
xcgxcg2005: bets $3
Actionni13: raises $3 to $6
xcgxcg2005: calls $3
*** TURN *** [7c Kh Qc] [9d]
xcgxcg2005: checks
Actionni13: bets $6
xcgxcg2005: folds
Uncalled bet ($6) returned to Actionni13
Actionni13 collected $29.50 from pot
Actionni13: doesn't show hand
*** SUMMARY ***
Total pot $30 | Rake $0.50
Board [7c Kh Qc 9d]
Seat 3: xcgxcg2005 (big blind) folded on the Turn
Seat 4: Actionni13 (button) (small blind) collected ($29.50)


PokerStars Hand #168654900693:  Hold'em Limit ($3/$6 USD) - 2017/04/06 9:37:08 ET
Table 'Watsonia' 6-max Seat #3 is the button
Seat 3: xcgxcg2005 ($177.80 in chips)
Seat 4: Actionni13 ($170.28 in chips)
xcgxcg2005: posts small blind $1
Actionni13: posts big blind $3
*** HOLE CARDS ***
xcgxcg2005: raises $3 to $6
Actionni13: calls $3
*** FLOP *** [Kd 4s 5s]
Actionni13: checks
xcgxcg2005: bets $3
Actionni13: raises $3 to $6
xcgxcg2005: raises $3 to $9
Actionni13: raises $3 to $12
Betting is capped
xcgxcg2005: calls $3
*** TURN *** [Kd 4s 5s] [8s]
Actionni13: bets $6
xcgxcg2005: folds
Uncalled bet ($6) returned to Actionni13
Actionni13 collected $35.50 from pot
Actionni13: doesn't show hand
*** SUMMARY ***
Total pot $36 | Rake $0.50
Board [Kd 4s 5s 8s]
Seat 3: xcgxcg2005 (button) (small blind) folded on the Turn
Seat 4: Actionni13 (big blind) collected ($35.50)


PokerStars Hand #168654868981:  Hold'em Limit ($3/$6 USD) - 2017/04/06 9:36:13 ET
Table 'Watsonia' 6-max Seat #4 is the button
Seat 3: xcgxcg2005 ($176.30 in chips)
Seat 4: Actionni13 ($172.78 in chips)
Actionni13: posts small blind $1
xcgxcg2005: posts big blind $3
*** HOLE CARDS ***
Actionni13: raises $3 to $6
xcgxcg2005: calls $3
*** FLOP *** [3h Ks Qd]
xcgxcg2005: checks
Actionni13: bets $3
xcgxcg2005: raises $3 to $6
Actionni13: calls $3
*** TURN *** [3h Ks Qd] [9d]
xcgxcg2005: bets $6
Actionni13: calls $6
*** RIVER *** [3h Ks Qd 9d] [Jh]
xcgxcg2005: checks
Actionni13: checks
*** SHOW DOWN ***
xcgxcg2005: shows [Kh 2d] (a pair of Kings)
Actionni13: mucks hand
xcgxcg2005 collected $35.50 from pot
*** SUMMARY ***
Total pot $36 | Rake $0.50
Board [3h Ks Qd 9d Jh]
Seat 3: xcgxcg2005 (big blind) showed [Kh 2d] and won ($35.50) with a pair of Kings
Seat 4: Actionni13 (button) (small blind) mucked


PokerStars Hand #168654882309:  Hold'em Limit ($3/$6 USD) - 2017/04/06 9:36:36 ET
Table 'Watsonia' 6-max Seat #3 is the button
Seat 3: xcgxcg2005 ($193.80 in chips)
Seat 4: Actionni13 ($154.78 in chips)
xcgxcg2005: posts small blind $1
Actionni13: posts big blind $3
*** HOLE CARDS ***
xcgxcg2005: folds
Uncalled bet ($2) returned to Actionni13
Actionni13 collected $2 from pot
Actionni13: doesn't show hand
*** SUMMARY ***
Total pot $2 | Rake $0
Seat 3: xcgxcg2005 (button) (small blind) folded before Flop
Seat 4: Actionni13 (big blind) collected ($2)


PokerStars Hand #168654924172:  Hold'em Limit ($3/$6 USD) - 2017/04/06 9:37:50 ET
Table 'Watsonia' 6-max Seat #4 is the button
Seat 3: xcgxcg2005 ($148.80 in chips)
Seat 4: Actionni13 ($198.54 in chips)
Actionni13: posts small blind $1
xcgxcg2005: posts big blind $3
*** HOLE CARDS ***
Actionni13: raises $3 to $6
xcgxcg2005: raises $3 to $9
Actionni13: calls $3
*** FLOP *** [8s 4h Ad]
xcgxcg2005: bets $3
Actionni13: folds
Uncalled bet ($3) returned to xcgxcg2005
xcgxcg2005 collected $17.64 from pot
xcgxcg2005: doesn't show hand
*** SUMMARY ***
Total pot $18 | Rake $0.36
Board [8s 4h Ad]
Seat 3: xcgxcg2005 (big blind) collected ($17.64)
Seat 4: Actionni13 (button) (small blind) folded on the Flop


PokerStars Hand #168654915959:  Hold'em Limit ($3/$6 USD) - 2017/04/06 9:37:35 ET
Table 'Watsonia' 6-max Seat #3 is the button
Seat 3: xcgxcg2005 ($153.80 in chips)
Seat 4: Actionni13 ($193.54 in chips)
xcgxcg2005: posts small blind $1
Actionni13: posts big blind $3
*** HOLE CARDS ***
xcgxcg2005: folds
Uncalled bet ($2) returned to Actionni13
Actionni13 collected $2 from pot
Actionni13: doesn't show hand
*** SUMMARY ***
Total pot $2 | Rake $0
Seat 3: xcgxcg2005 (button) (small blind) folded before Flop
Seat 4: Actionni13 (big blind) collected ($2)


PokerStars Hand #168654910289:  Hold'em Limit ($3/$6 USD) - 2017/04/06 9:37:25 ET
Table 'Watsonia' 6-max Seat #4 is the button
Seat 3: xcgxcg2005 ($159.80 in chips)
Seat 4: Actionni13 ($187.78 in chips)
Actionni13: posts small blind $1
xcgxcg2005: posts big blind $3
*** HOLE CARDS ***
Actionni13: raises $3 to $6
xcgxcg2005: calls $3
*** FLOP *** [5h Js Ah]
xcgxcg2005: checks
Actionni13: bets $3
xcgxcg2005: folds
Uncalled bet ($3) returned to Actionni13
Actionni13 collected $11.76 from pot
Actionni13: doesn't show hand
*** SUMMARY ***
Total pot $12 | Rake $0.24
Board [5h Js Ah]
Seat 3: xcgxcg2005 (big blind) folded on the Flop
Seat 4: Actionni13 (button) (small blind) collected ($11.76)


PokerStars Hand #168654929974:  Hold'em Limit ($3/$6 USD) - 2017/04/06 9:37:59 ET
Table 'Watsonia' 6-max Seat #3 is the button
Seat 3: xcgxcg2005 ($157.44 in chips)
Seat 4: Actionni13 ($189.54 in chips)
xcgxcg2005: posts small blind $1
Actionni13: posts big blind $3
*** HOLE CARDS ***
xcgxcg2005: raises $3 to $6
Actionni13: calls $3
*** FLOP *** [9d Td 8c]
Actionni13: bets $3
xcgxcg2005: raises $3 to $6
Actionni13: raises $3 to $9
xcgxcg2005: calls $3
*** TURN *** [9d Td 8c] [Kd]
Actionni13: bets $6
xcgxcg2005: folds
Uncalled bet ($6) returned to Actionni13
Actionni13 collected $29.50 from pot
Actionni13: doesn't show hand
*** SUMMARY ***
Total pot $30 | Rake $0.50
Board [9d Td 8c Kd]
Seat 3: xcgxcg2005 (button) (small blind) folded on the Turn
Seat 4: Actionni13 (big blind) collected ($29.50)


PokerStars Hand #168654921584:  Hold'em Limit ($3/$6 USD) - 2017/04/06 9:37:45 ET
Table 'Watsonia' 6-max Seat #3 is the button
Seat 3: xcgxcg2005 ($149.80 in chips)
Seat 4: Actionni13 ($197.54 in chips)
xcgxcg2005: posts small blind $1
Actionni13: posts big blind $3
*** HOLE CARDS ***
xcgxcg2005: folds
Uncalled bet ($2) returned to Actionni13
Actionni13 collected $2 from pot
Actionni13: doesn't show hand
*** SUMMARY ***
Total pot $2 | Rake $0
Seat 3: xcgxcg2005 (button) (small blind) folded before Flop
Seat 4: Actionni13 (big blind) collected ($2)


PokerStars Hand #168654944186:  Hold'em Limit ($3/$6 USD) - 2017/04/06 9:38:24 ET
Table 'Watsonia' 6-max Seat #3 is the button
Seat 3: xcgxcg2005 ($151.08 in chips)
Seat 4: Actionni13 ($195.04 in chips)
xcgxcg2005: posts small blind $1
Actionni13: posts big blind $3
*** HOLE CARDS ***
xcgxcg2005: raises $3 to $6
Actionni13: folds
Uncalled bet ($3) returned to xcgxcg2005
xcgxcg2005 collected $6 from pot
xcgxcg2005: doesn't show hand
*** SUMMARY ***
Total pot $6 | Rake $0
Seat 3: xcgxcg2005 (button) (small blind) collected ($6)
Seat 4: Actionni13 (big blind) folded before Flop


PokerStars Hand #168654938027:  Hold'em Limit ($3/$6 USD) - 2017/04/06 9:38:14 ET
Table 'Watsonia' 6-max Seat #4 is the button
Seat 3: xcgxcg2005 ($142.44 in chips)
Seat 4: Actionni13 ($204.04 in chips)
Actionni13: posts small blind $1
xcgxcg2005: posts big blind $3
*** HOLE CARDS ***
Actionni13: raises $3 to $6
xcgxcg2005: raises $3 to $9
Actionni13: calls $3
*** FLOP *** [Jc Ts As]
xcgxcg2005: bets $3
Actionni13: folds
Uncalled bet ($3) returned to xcgxcg2005
xcgxcg2005 collected $17.64 from pot
xcgxcg2005: doesn't show hand
*** SUMMARY ***
Total pot $18 | Rake $0.36
Board [Jc Ts As]
Seat 3: xcgxcg2005 (big blind) collected ($17.64)
Seat 4: Actionni13 (button) (small blind) folded on the Flop


PokerStars Hand #168654973720:  Hold'em Limit ($3/$6 USD) - 2017/04/06 9:39:15 ET
Table 'Watsonia' 6-max Seat #3 is the button
Seat 3: xcgxcg2005 ($128.08 in chips)
Seat 4: Actionni13 ($217.06 in chips)
xcgxcg2005: posts small blind $1
Actionni13: posts big blind $3
*** HOLE CARDS ***
xcgxcg2005: folds
Uncalled bet ($2) returned to Actionni13
Actionni13 collected $2 from pot
Actionni13: doesn't show hand
*** SUMMARY ***
Total pot $2 | Rake $0
Seat 3: xcgxcg2005 (button) (small blind) folded before Flop
Seat 4: Actionni13 (big blind) collected ($2)


PokerStars Hand #168654971271:  Hold'em Limit ($3/$6 USD) - 2017/04/06 9:39:11 ET
Table 'Watsonia' 6-max Seat #4 is the button
Seat 3: xcgxcg2005 ($127.08 in chips)
Seat 4: Actionni13 ($218.06 in chips)
Actionni13: posts small blind $1
xcgxcg2005: posts big blind $3
*** HOLE CARDS ***
Actionni13: folds
Uncalled bet ($2) returned to xcgxcg2005
xcgxcg2005 collected $2 from pot
xcgxcg2005: doesn't show hand
*** SUMMARY ***
Total pot $2 | Rake $0
Seat 3: xcgxcg2005 (big blind) collected ($2)
Seat 4: Actionni13 (button) (small blind) folded before Flop


PokerStars Hand #168654962678:  Hold'em Limit ($3/$6 USD) - 2017/04/06 9:38:56 ET
Table 'Watsonia' 6-max Seat #3 is the button
Seat 3: xcgxcg2005 ($142.08 in chips)
Seat 4: Actionni13 ($203.56 in chips)
xcgxcg2005: posts small blind $1
Actionni13: posts big blind $3
*** HOLE CARDS ***
xcgxcg2005: raises $3 to $6
Actionni13: raises $3 to $9
xcgxcg2005: raises $3 to $12
Betting is capped
Actionni13: calls $3
*** FLOP *** [8c 2d Ac]
Actionni13: bets $3
xcgxcg2005: calls $3
*** TURN *** [8c 2d Ac] [Ks]
Actionni13: bets $6
xcgxcg2005: folds
Uncalled bet ($6) returned to Actionni13
Actionni13 collected $29.50 from pot
Actionni13: doesn't show hand
*** SUMMARY ***
Total pot $30 | Rake $0.50
Board [8c 2d Ac Ks]
Seat 3: xcgxcg2005 (button) (small blind) folded on the Turn
Seat 4: Actionni13 (big blind) collected ($29.50)


PokerStars Hand #168654960185:  Hold'em Limit ($3/$6 USD) - 2017/04/06 9:38:52 ET
Table 'Watsonia' 6-max Seat #4 is the button
Seat 3: xcgxcg2005 ($141.08 in chips)
Seat 4: Actionni13 ($204.56 in chips)
Actionni13: posts small blind $1
xcgxcg2005: posts big blind $3
*** HOLE CARDS ***
Actionni13: folds
Uncalled bet ($2) returned to xcgxcg2005
xcgxcg2005 collected $2 from pot
xcgxcg2005: doesn't show hand
*** SUMMARY ***
Total pot $2 | Rake $0
Seat 3: xcgxcg2005 (big blind) collected ($2)
Seat 4: Actionni13 (button) (small blind) folded before Flop


PokerStars Hand #168654957441:  Hold'em Limit ($3/$6 USD) - 2017/04/06 9:38:47 ET
Table 'Watsonia' 6-max Seat #3 is the button
Seat 3: xcgxcg2005 ($142.08 in chips)
Seat 4: Actionni13 ($203.56 in chips)
xcgxcg2005: posts small blind $1
Actionni13: posts big blind $3
*** HOLE CARDS ***
xcgxcg2005: folds
Uncalled bet ($2) returned to Actionni13
Actionni13 collected $2 from pot
Actionni13: doesn't show hand
*** SUMMARY ***
Total pot $2 | Rake $0
Seat 3: xcgxcg2005 (button) (small blind) folded before Flop
Seat 4: Actionni13 (big blind) collected ($2)


PokerStars Hand #168654947456:  Hold'em Limit ($3/$6 USD) - 2017/04/06 9:38:30 ET
Table 'Watsonia' 6-max Seat #4 is the button
Seat 3: xcgxcg2005 ($154.08 in chips)
Seat 4: Actionni13 ($192.04 in chips)
Actionni13: posts small blind $1
xcgxcg2005: posts big blind $3
*** HOLE CARDS ***
Actionni13: raises $3 to $6
xcgxcg2005: raises $3 to $9
Actionni13: calls $3
*** FLOP *** [Jh Ts 9c]
xcgxcg2005: checks
Actionni13: bets $3
xcgxcg2005: calls $3
*** TURN *** [Jh Ts 9c] [2d]
xcgxcg2005: checks
Actionni13: bets $6
xcgxcg2005: folds
Uncalled bet ($6) returned to Actionni13
Actionni13 collected $23.52 from pot
Actionni13: doesn't show hand
*** SUMMARY ***
Total pot $24 | Rake $0.48
Board [Jh Ts 9c 2d]
Seat 3: xcgxcg2005 (big blind) folded on the Turn
Seat 4: Actionni13 (button) (small blind) collected ($23.52)


PokerStars Hand #168655014406:  Hold'em Limit ($3/$6 USD) - 2017/04/06 9:40:25 ET
Table 'Watsonia' 6-max Seat #3 is the button
Seat 3: xcgxcg2005 ($63.08 in chips)
Seat 4: Actionni13 ($280.60 in chips)
xcgxcg2005: posts small blind $1
Actionni13: posts big blind $3
*** HOLE CARDS ***
xcgxcg2005: folds
Uncalled bet ($2) returned to Actionni13
Actionni13 collected $2 from pot
Actionni13: doesn't show hand
*** SUMMARY ***
Total pot $2 | Rake $0
Seat 3: xcgxcg2005 (button) (small blind) folded before Flop
Seat 4: Actionni13 (big blind) collected ($2)


PokerStars Hand #168655005819:  Hold'em Limit ($3/$6 USD) - 2017/04/06 9:40:11 ET
Table 'Watsonia' 6-max Seat #4 is the button
Seat 3: xcgxcg2005 ($75.08 in chips)
Seat 4: Actionni13 ($269.08 in chips)
Actionni13: posts small blind $1
xcgxcg2005: posts big blind $3
*** HOLE CARDS ***
Actionni13: raises $3 to $6
xcgxcg2005: raises $3 to $9
Actionni13: calls $3
*** FLOP *** [9c Ad 4s]
xcgxcg2005: bets $3
Actionni13: raises $3 to $6
xcgxcg2005: folds
Uncalled bet ($3) returned to Actionni13
Actionni13 collected $23.52 from pot
Actionni13: doesn't show hand
*** SUMMARY ***
Total pot $24 | Rake $0.48
Board [9c Ad 4s]
Seat 3: xcgxcg2005 (big blind) folded on the Flop
Seat 4: Actionni13 (button) (small blind) collected ($23.52)


PokerStars Hand #168654989108:  Hold'em Limit ($3/$6 USD) - 2017/04/06 9:39:42 ET
Table 'Watsonia' 6-max Seat #3 is the button
Seat 3: xcgxcg2005 ($115.08 in chips)
Seat 4: Actionni13 ($229.58 in chips)
xcgxcg2005: posts small blind $1
Actionni13: posts big blind $3
*** HOLE CARDS ***
xcgxcg2005: folds
Uncalled bet ($2) returned to Actionni13
Actionni13 collected $2 from pot
Actionni13: doesn't show hand
*** SUMMARY ***
Total pot $2 | Rake $0
Seat 3: xcgxcg2005 (button) (small blind) folded before Flop
Seat 4: Actionni13 (big blind) collected ($2)


PokerStars Hand #168654976363:  Hold'em Limit ($3/$6 USD) - 2017/04/06 9:39:20 ET
Table 'Watsonia' 6-max Seat #4 is the button
Seat 3: xcgxcg2005 ($127.08 in chips)
Seat 4: Actionni13 ($218.06 in chips)
Actionni13: posts small blind $1
xcgxcg2005: posts big blind $3
*** HOLE CARDS ***
Actionni13: raises $3 to $6
xcgxcg2005: calls $3
*** FLOP *** [7d 4c 8h]
xcgxcg2005: checks
Actionni13: checks
*** TURN *** [7d 4c 8h] [Js]
xcgxcg2005: checks
Actionni13: bets $6
xcgxcg2005: calls $6
*** RIVER *** [7d 4c 8h Js] [Qc]
xcgxcg2005: checks
Actionni13: bets $6
xcgxcg2005: folds
Uncalled bet ($6) returned to Actionni13
Actionni13 collected $23.52 from pot
Actionni13: doesn't show hand
*** SUMMARY ***
Total pot $24 | Rake $0.48
Board [7d 4c 8h Js Qc]
Seat 3: xcgxcg2005 (big blind) folded on the River
Seat 4: Actionni13 (button) (small blind) collected ($23.52)


PokerStars Hand #168654995161:  Hold'em Limit ($3/$6 USD) - 2017/04/06 9:39:52 ET
Table 'Watsonia' 6-max Seat #3 is the button
Seat 3: xcgxcg2005 ($111.08 in chips)
Seat 4: Actionni13 ($233.58 in chips)
xcgxcg2005: posts small blind $1
Actionni13: posts big blind $3
*** HOLE CARDS ***
xcgxcg2005: raises $3 to $6
Actionni13: calls $3
*** FLOP *** [7h 2s 9d]
Actionni13: checks
xcgxcg2005: bets $3
Actionni13: raises $3 to $6
xcgxcg2005: calls $3
*** TURN *** [7h 2s 9d] [9s]
Actionni13: bets $6
xcgxcg2005: raises $6 to $12
Actionni13: raises $6 to $18
xcgxcg2005: calls $6
*** RIVER *** [7h 2s 9d 9s] [4d]
Actionni13: bets $6
xcgxcg2005: calls $6
*** SHOW DOWN ***
Actionni13: shows [Kd 9c] (three of a kind, Nines)
xcgxcg2005: mucks hand
Actionni13 collected $71.50 from pot
*** SUMMARY ***
Total pot $72 | Rake $0.50
Board [7h 2s 9d 9s 4d]
Seat 3: xcgxcg2005 (button) (small blind) mucked
Seat 4: Actionni13 (big blind) showed [Kd 9c] and won ($71.50) with three of a kind, Nines


PokerStars Hand #168654992145:  Hold'em Limit ($3/$6 USD) - 2017/04/06 9:39:47 ET
Table 'Watsonia' 6-max Seat #4 is the button
Seat 3: xcgxcg2005 ($114.08 in chips)
Seat 4: Actionni13 ($230.58 in chips)
Actionni13: posts small blind $1
xcgxcg2005: posts big blind $3
*** HOLE CARDS ***
Actionni13: raises $3 to $6
xcgxcg2005: folds
Uncalled bet ($3) returned to Actionni13
Actionni13 collected $6 from pot
Actionni13: doesn't show hand
*** SUMMARY ***
Total pot $6 | Rake $0
Seat 3: xcgxcg2005 (big blind) folded before Flop
Seat 4: Actionni13 (button) (small blind) collected ($6)


PokerStars Hand #168655017478:  Hold'em Limit ($3/$6 USD) - 2017/04/06 9:40:31 ET
Table 'Watsonia' 6-max Seat #4 is the button
Seat 3: xcgxcg2005 ($62.08 in chips)
Seat 4: Actionni13 ($281.60 in chips)
Actionni13: posts small blind $1
xcgxcg2005: posts big blind $3
*** HOLE CARDS ***
Actionni13: raises $3 to $6
xcgxcg2005: raises $3 to $9
Actionni13: calls $3
*** FLOP *** [8s 7s Th]
xcgxcg2005: bets $3
Actionni13: raises $3 to $6
xcgxcg2005: raises $3 to $9
Actionni13: calls $3
*** TURN *** [8s 7s Th] [2d]
xcgxcg2005: bets $6
Actionni13: calls $6
*** RIVER *** [8s 7s Th 2d] [Td]
xcgxcg2005: bets $6
Actionni13: calls $6
*** SHOW DOWN ***
xcgxcg2005: shows [9h Jd] (a straight, Seven to Jack)
Actionni13: mucks hand
xcgxcg2005 collected $59.50 from pot
*** SUMMARY ***
Total pot $60 | Rake $0.50
Board [8s 7s Th 2d Td]
Seat 3: xcgxcg2005 (big blind) showed [9h Jd] and won ($59.50) with a straight, Seven to Jack
Seat 4: Actionni13 (button) (small blind) mucked


PokerStars Hand #168655038057:  Hold'em Limit ($3/$6 USD) - 2017/04/06 9:41:07 ET
Table 'Watsonia' 6-max Seat #3 is the button
Seat 3: xcgxcg2005 ($91.58 in chips)
Seat 4: Actionni13 ($251.60 in chips)
xcgxcg2005: posts small blind $1
Actionni13: posts big blind $3
*** HOLE CARDS ***
xcgxcg2005: raises $3 to $6
Actionni13: folds
Uncalled bet ($3) returned to xcgxcg2005
xcgxcg2005 collected $6 from pot
xcgxcg2005: doesn't show hand
*** SUMMARY ***
Total pot $6 | Rake $0
Seat 3: xcgxcg2005 (button) (small blind) collected ($6)
Seat 4: Actionni13 (big blind) folded before Flop


PokerStars Hand #168655035111:  Hold'em Limit ($3/$6 USD) - 2017/04/06 9:41:01 ET
Table 'Watsonia' 6-max Seat #4 is the button
Seat 3: xcgxcg2005 ($90.58 in chips)
Seat 4: Actionni13 ($252.60 in chips)
Actionni13: posts small blind $1
xcgxcg2005: posts big blind $3
*** HOLE CARDS ***
Actionni13: folds
Uncalled bet ($2) returned to xcgxcg2005
xcgxcg2005 collected $2 from pot
xcgxcg2005: doesn't show hand
*** SUMMARY ***
Total pot $2 | Rake $0
Seat 3: xcgxcg2005 (big blind) collected ($2)
Seat 4: Actionni13 (button) (small blind) folded before Flop


PokerStars Hand #168655032097:  Hold'em Limit ($3/$6 USD) - 2017/04/06 9:40:56 ET
Table 'Watsonia' 6-max Seat #3 is the button
Seat 3: xcgxcg2005 ($91.58 in chips)
Seat 4: Actionni13 ($251.60 in chips)
xcgxcg2005: posts small blind $1
Actionni13: posts big blind $3
*** HOLE CARDS ***
xcgxcg2005: folds
Uncalled bet ($2) returned to Actionni13
Actionni13 collected $2 from pot
Actionni13: doesn't show hand
*** SUMMARY ***
Total pot $2 | Rake $0
Seat 3: xcgxcg2005 (button) (small blind) folded before Flop
Seat 4: Actionni13 (big blind) collected ($2)


PokerStars Hand #168655053761:  Hold'em Limit ($3/$6 USD) - 2017/04/06 9:41:34 ET
Table 'Watsonia' 6-max Seat #3 is the button
Seat 3: xcgxcg2005 ($124.08 in chips)
Seat 4: Actionni13 ($218.60 in chips)
xcgxcg2005: posts small blind $1
Actionni13: posts big blind $3
*** HOLE CARDS ***
xcgxcg2005: raises $3 to $6
Actionni13: folds
Uncalled bet ($3) returned to xcgxcg2005
xcgxcg2005 collected $6 from pot
xcgxcg2005: doesn't show hand
*** SUMMARY ***
Total pot $6 | Rake $0
Seat 3: xcgxcg2005 (button) (small blind) collected ($6)
Seat 4: Actionni13 (big blind) folded before Flop


PokerStars Hand #168655042959:  Hold'em Limit ($3/$6 USD) - 2017/04/06 9:41:15 ET
Table 'Watsonia' 6-max Seat #4 is the button
Seat 3: xcgxcg2005 ($94.58 in chips)
Seat 4: Actionni13 ($248.60 in chips)
Actionni13: posts small blind $1
xcgxcg2005: posts big blind $3
*** HOLE CARDS ***
ermolov1 joins the table at seat #5
Actionni13: raises $3 to $6
xcgxcg2005: raises $3 to $9
Actionni13: calls $3
*** FLOP *** [6d 5s 4c]
xcgxcg2005: bets $3
Actionni13: raises $3 to $6
xcgxcg2005: raises $3 to $9
Actionni13: calls $3
*** TURN *** [6d 5s 4c] [5c]
xcgxcg2005: bets $6
Actionni13: raises $6 to $12
xcgxcg2005: calls $6
*** RIVER *** [6d 5s 4c 5c] [Jc]
xcgxcg2005: checks
Actionni13: checks
*** SHOW DOWN ***
xcgxcg2005: shows [3s 6s] (two pair, Sixes and Fives)
Actionni13: mucks hand
xcgxcg2005 collected $59.50 from pot
*** SUMMARY ***
Total pot $60 | Rake $0.50
Board [6d 5s 4c 5c Jc]
Seat 3: xcgxcg2005 (big blind) showed [3s 6s] and won ($59.50) with two pair, Sixes and Fives
Seat 4: Actionni13 (button) (small blind) mucked


PokerStars Hand #168656101256:  Hold'em Limit ($3/$6 USD) - 2017/04/06 10:12:07 ET
Table 'Watsonia' 6-max Seat #2 is the button
Seat 1: Agniosius ($195.58 in chips)
Seat 2: aade1ante ($157.68 in chips)
aade1ante: posts small blind $1
B_loJkl: is sitting out
Rus29APX: is sitting out
belik555: is sitting out
Agniosius: posts big blind $3
*** HOLE CARDS ***
aade1ante: folds
Uncalled bet ($2) returned to Agniosius
Rus29APX leaves the table
Agniosius collected $2 from pot
belik555 leaves the table
B_loJkl leaves the table
*** SUMMARY ***
Total pot $2 | Rake $0
Seat 1: Agniosius (big blind) collected ($2)
Seat 2: aade1ante (button) (small blind) folded before Flop


PokerStars Hand #168656105732:  Hold'em Limit ($3/$6 USD) - 2017/04/06 10:12:15 ET
Table 'Watsonia' 6-max Seat #1 is the button
Seat 1: Agniosius ($196.58 in chips)
Seat 2: aade1ante ($156.68 in chips)
Agniosius: posts small blind $1
aade1ante: posts big blind $3
*** HOLE CARDS ***
Agniosius: calls $2
B_loJkl joins the table at seat #3
aade1ante: raises $3 to $6
Agniosius: calls $3
*** FLOP *** [Ks 2c 4h]
aade1ante: bets $3
Agniosius: calls $3
*** TURN *** [Ks 2c 4h] [Kd]
aade1ante: bets $6
Agniosius: calls $6
*** RIVER *** [Ks 2c 4h Kd] [6h]
aade1ante: bets $6
Agniosius: calls $6
*** SHOW DOWN ***
aade1ante: shows [Ah 4s] (two pair, Kings and Fours)
Agniosius: mucks hand
aade1ante collected $41.50 from pot
*** SUMMARY ***
Total pot $42 | Rake $0.50
Board [Ks 2c 4h Kd 6h]
Seat 1: Agniosius (button) (small blind) mucked
Seat 2: aade1ante (big blind) showed [Ah 4s] and won ($41.50) with two pair, Kings and Fours


PokerStars Hand #168656205818:  Hold'em Limit ($3/$6 USD) - 2017/04/06 10:15:00 ET
Table 'Watsonia' 6-max Seat #3 is the button
Seat 1: Agniosius ($158.22 in chips)
Seat 3: B_loJkl ($173.35 in chips)
B_loJkl: posts small blind $1
Agniosius: posts big blind $3
*** HOLE CARDS ***
B_loJkl: raises $3 to $6
Agniosius: calls $3
*** FLOP *** [7c 7s Kc]
Agniosius: checks
B_loJkl: bets $3
Agniosius: folds
Uncalled bet ($3) returned to B_loJkl
B_loJkl collected $11.76 from pot
B_loJkl: doesn't show hand
*** SUMMARY ***
Total pot $12 | Rake $0.24
Board [7c 7s Kc]
Seat 1: Agniosius (big blind) folded on the Flop
Seat 3: B_loJkl (button) (small blind) collected ($11.76)


PokerStars Hand #168656216348:  Hold'em Limit ($3/$6 USD) - 2017/04/06 10:15:17 ET
Table 'Watsonia' 6-max Seat #1 is the button
Seat 1: Agniosius ($152.22 in chips)
Seat 3: B_loJkl ($179.11 in chips)
Agniosius: posts small blind $1
B_loJkl: posts big blind $3
*** HOLE CARDS ***
Agniosius: folds
Uncalled bet ($2) returned to B_loJkl
B_loJkl collected $2 from pot
B_loJkl: doesn't show hand
*** SUMMARY ***
Total pot $2 | Rake $0
Seat 1: Agniosius (button) (small blind) folded before Flop
Seat 3: B_loJkl (big blind) collected ($2)


PokerStars Hand #168656202875:  Hold'em Limit ($3/$6 USD) - 2017/04/06 10:14:55 ET
Table 'Watsonia' 6-max Seat #1 is the button
Seat 1: Agniosius ($159.22 in chips)
Seat 3: B_loJkl ($172.35 in chips)
Agniosius: posts small blind $1
aade1ante: is sitting out
B_loJkl: posts big blind $3
*** HOLE CARDS ***
Agniosius: folds
Uncalled bet ($2) returned to B_loJkl
B_loJkl collected $2 from pot
B_loJkl: doesn't show hand
*** SUMMARY ***
Total pot $2 | Rake $0
Seat 1: Agniosius (button) (small blind) folded before Flop
Seat 3: B_loJkl (big blind) collected ($2)


PokerStars Hand #168656219172:  Hold'em Limit ($3/$6 USD) - 2017/04/06 10:15:21 ET
Table 'Watsonia' 6-max Seat #3 is the button
Seat 1: Agniosius ($151.22 in chips)
Seat 3: B_loJkl ($180.11 in chips)
B_loJkl: posts small blind $1
Agniosius: posts big blind $3
*** HOLE CARDS ***
B_loJkl: raises $3 to $6
Agniosius: calls $3
*** FLOP *** [8d 5h 7h]
Agniosius: checks
B_loJkl: checks
*** TURN *** [8d 5h 7h] [5s]
Agniosius: bets $6
B_loJkl: calls $6
*** RIVER *** [8d 5h 7h 5s] [8h]
Agniosius: bets $6
B_loJkl: calls $6
*** SHOW DOWN ***
Agniosius: shows [6c 9s] (a straight, Five to Nine)
B_loJkl: mucks hand
Agniosius collected $35.50 from pot
*** SUMMARY ***
Total pot $36 | Rake $0.50
Board [8d 5h 7h 5s 8h]
Seat 1: Agniosius (big blind) showed [6c 9s] and won ($35.50) with a straight, Five to Nine
Seat 3: B_loJkl (button) (small blind) mucked


PokerStars Hand #168656239326:  Hold'em Limit ($3/$6 USD) - 2017/04/06 10:15:55 ET
Table 'Watsonia' 6-max Seat #3 is the button
Seat 1: Agniosius ($167.72 in chips)
Seat 3: B_loJkl ($163.11 in chips)
B_loJkl: posts small blind $1
Agniosius: posts big blind $3
*** HOLE CARDS ***
B_loJkl: raises $3 to $6
Agniosius: calls $3
*** FLOP *** [3h 2h Jd]
Agniosius: checks
B_loJkl: checks
*** TURN *** [3h 2h Jd] [6s]
Agniosius: checks
B_loJkl: bets $6
Agniosius: folds
Uncalled bet ($6) returned to B_loJkl
B_loJkl collected $11.76 from pot
B_loJkl: doesn't show hand
*** SUMMARY ***
Total pot $12 | Rake $0.24
Board [3h 2h Jd 6s]
Seat 1: Agniosius (big blind) folded on the Turn
Seat 3: B_loJkl (button) (small blind) collected ($11.76)


PokerStars Hand #168656236508:  Hold'em Limit ($3/$6 USD) - 2017/04/06 10:15:50 ET
Table 'Watsonia' 6-max Seat #1 is the button
Seat 1: Agniosius ($168.72 in chips)
Seat 3: B_loJkl ($162.11 in chips)
Agniosius: posts small blind $1
B_loJkl: posts big blind $3
*** HOLE CARDS ***
Agniosius: folds
Uncalled bet ($2) returned to B_loJkl
B_loJkl collected $2 from pot
B_loJkl: doesn't show hand
*** SUMMARY ***
Total pot $2 | Rake $0
Seat 1: Agniosius (button) (small blind) folded before Flop
Seat 3: B_loJkl (big blind) collected ($2)


PokerStars Hand #168656252936:  Hold'em Limit ($3/$6 USD) - 2017/04/06 10:16:17 ET
Table 'Watsonia' 6-max Seat #1 is the button
Seat 1: Agniosius ($161.72 in chips)
Seat 3: B_loJkl ($168.87 in chips)
Agniosius: posts small blind $1
B_loJkl: posts big blind $3
*** HOLE CARDS ***
Agniosius: folds
Uncalled bet ($2) returned to B_loJkl
B_loJkl collected $2 from pot
B_loJkl: doesn't show hand
*** SUMMARY ***
Total pot $2 | Rake $0
Seat 1: Agniosius (button) (small blind) folded before Flop
Seat 3: B_loJkl (big blind) collected ($2)


PokerStars Hand #168656255948:  Hold'em Limit ($3/$6 USD) - 2017/04/06 10:16:22 ET
Table 'Watsonia' 6-max Seat #3 is the button
Seat 1: Agniosius ($160.72 in chips)
Seat 3: B_loJkl ($169.87 in chips)
B_loJkl: posts small blind $1
Agniosius: posts big blind $3
*** HOLE CARDS ***
B_loJkl: raises $3 to $6
Agniosius: calls $3
*** FLOP *** [Ks Jc 4d]
Agniosius: checks
B_loJkl: bets $3
Agniosius: folds
Uncalled bet ($3) returned to B_loJkl
B_loJkl collected $11.76 from pot
B_loJkl: doesn't show hand
*** SUMMARY ***
Total pot $12 | Rake $0.24
Board [Ks Jc 4d]
Seat 1: Agniosius (big blind) folded on the Flop
Seat 3: B_loJkl (button) (small blind) collected ($11.76)


PokerStars Hand #168656263496:  Hold'em Limit ($3/$6 USD) - 2017/04/06 10:16:34 ET
Table 'Watsonia' 6-max Seat #1 is the button
Seat 1: Agniosius ($154.72 in chips)
Seat 3: B_loJkl ($175.63 in chips)
Agniosius: posts small blind $1
B_loJkl: posts big blind $3
*** HOLE CARDS ***
Agniosius: raises $3 to $6
B_loJkl: calls $3
*** FLOP *** [Kh Th Js]
B_loJkl: checks
Agniosius: bets $3
B_loJkl: calls $3
*** TURN *** [Kh Th Js] [7h]
B_loJkl: checks
Agniosius: bets $6
B_loJkl: calls $6
*** RIVER *** [Kh Th Js 7h] [3h]
B_loJkl: checks
Agniosius: bets $6
B_loJkl: folds
Uncalled bet ($6) returned to Agniosius
Agniosius collected $29.50 from pot
*** SUMMARY ***
Total pot $30 | Rake $0.50
Board [Kh Th Js 7h 3h]
Seat 1: Agniosius (button) (small blind) collected ($29.50)
Seat 3: B_loJkl (big blind) folded on the River


PokerStars Hand #168656279767:  Hold'em Limit ($3/$6 USD) - 2017/04/06 10:17:01 ET
Table 'Watsonia' 6-max Seat #3 is the button
Seat 1: Agniosius ($169.22 in chips)
Seat 3: B_loJkl ($160.63 in chips)
B_loJkl: posts small blind $1
Agniosius: posts big blind $3
*** HOLE CARDS ***
B_loJkl: raises $3 to $6
Agniosius: calls $3
*** FLOP *** [2s 6c As]
Agniosius: checks
B_loJkl: bets $3
Agniosius: calls $3
*** TURN *** [2s 6c As] [4s]
Agniosius: checks
B_loJkl: checks
*** RIVER *** [2s 6c As 4s] [Td]
Agniosius: bets $6
B_loJkl: folds
Uncalled bet ($6) returned to Agniosius
Agniosius collected $17.64 from pot
*** SUMMARY ***
Total pot $18 | Rake $0.36
Board [2s 6c As 4s Td]
Seat 1: Agniosius (big blind) collected ($17.64)
Seat 3: B_loJkl (button) (small blind) folded on the River


PokerStars Hand #168656293311:  Hold'em Limit ($3/$6 USD) - 2017/04/06 10:17:23 ET
Table 'Watsonia' 6-max Seat #1 is the button
Seat 1: Agniosius ($177.86 in chips)
Seat 3: B_loJkl ($151.63 in chips)
Agniosius: posts small blind $1
B_loJkl: posts big blind $3
*** HOLE CARDS ***
Agniosius: raises $3 to $6
B_loJkl: calls $3
*** FLOP *** [4s Qd 6d]
B_loJkl: checks
Agniosius: checks
*** TURN *** [4s Qd 6d] [4h]
B_loJkl: bets $6
Agniosius: calls $6
*** RIVER *** [4s Qd 6d 4h] [9s]
B_loJkl: bets $6
Agniosius: folds
Uncalled bet ($6) returned to B_loJkl
B_loJkl collected $23.52 from pot
B_loJkl: doesn't show hand
*** SUMMARY ***
Total pot $24 | Rake $0.48
Board [4s Qd 6d 4h 9s]
Seat 1: Agniosius (button) (small blind) folded on the River
Seat 3: B_loJkl (big blind) collected ($23.52)


PokerStars Hand #168656309941:  Hold'em Limit ($3/$6 USD) - 2017/04/06 10:17:50 ET
Table 'Watsonia' 6-max Seat #3 is the button
Seat 1: Agniosius ($165.86 in chips)
Seat 3: B_loJkl ($163.15 in chips)
B_loJkl: posts small blind $1
Agniosius: posts big blind $3
*** HOLE CARDS ***
B_loJkl: raises $3 to $6
Agniosius: calls $3
*** FLOP *** [7s 5d 8h]
Agniosius: checks
B_loJkl: bets $3
Agniosius: raises $3 to $6
B_loJkl: folds
Uncalled bet ($3) returned to Agniosius
Agniosius collected $17.64 from pot
*** SUMMARY ***
Total pot $18 | Rake $0.36
Board [7s 5d 8h]
Seat 1: Agniosius (big blind) collected ($17.64)
Seat 3: B_loJkl (button) (small blind) folded on the Flop


PokerStars Hand #168656320254:  Hold'em Limit ($3/$6 USD) - 2017/04/06 10:18:07 ET
Table 'Watsonia' 6-max Seat #1 is the button
Seat 1: Agniosius ($174.50 in chips)
Seat 3: B_loJkl ($154.15 in chips)
Agniosius: posts small blind $1
B_loJkl: posts big blind $3
*** HOLE CARDS ***
Agniosius: folds
Uncalled bet ($2) returned to B_loJkl
B_loJkl collected $2 from pot
B_loJkl: doesn't show hand
*** SUMMARY ***
Total pot $2 | Rake $0
Seat 1: Agniosius (button) (small blind) folded before Flop
Seat 3: B_loJkl (big blind) collected ($2)


PokerStars Hand #168656322979:  Hold'em Limit ($3/$6 USD) - 2017/04/06 10:18:11 ET
Table 'Watsonia' 6-max Seat #3 is the button
Seat 1: Agniosius ($173.50 in chips)
Seat 3: B_loJkl ($155.15 in chips)
B_loJkl: posts small blind $1
Agniosius: posts big blind $3
*** HOLE CARDS ***
B_loJkl: raises $3 to $6
Agniosius: calls $3
*** FLOP *** [3h 4s As]
Agniosius: checks
B_loJkl: checks
*** TURN *** [3h 4s As] [Qc]
Agniosius: bets $6
B_loJkl: calls $6
*** RIVER *** [3h 4s As Qc] [Ts]
Agniosius: bets $6
B_loJkl: calls $6
*** SHOW DOWN ***
Agniosius: shows [Qd 4h] (two pair, Queens and Fours)
B_loJkl: mucks hand
Agniosius collected $35.50 from pot
*** SUMMARY ***
Total pot $36 | Rake $0.50
Board [3h 4s As Qc Ts]
Seat 1: Agniosius (big blind) showed [Qd 4h] and won ($35.50) with two pair, Queens and Fours
Seat 3: B_loJkl (button) (small blind) mucked


PokerStars Hand #168656338786:  Hold'em Limit ($3/$6 USD) - 2017/04/06 10:18:37 ET
Table 'Watsonia' 6-max Seat #1 is the button
Seat 1: Agniosius ($191 in chips)
Seat 3: B_loJkl ($137.15 in chips)
Agniosius: posts small blind $1
B_loJkl: posts big blind $3
*** HOLE CARDS ***
Agniosius: raises $3 to $6
B_loJkl: calls $3
*** FLOP *** [2s Jh 6s]
B_loJkl: checks
Agniosius: bets $3
B_loJkl: calls $3
*** TURN *** [2s Jh 6s] [Kh]
B_loJkl: checks
Agniosius: checks
*** RIVER *** [2s Jh 6s Kh] [2d]
B_loJkl: checks
Agniosius: checks
*** SHOW DOWN ***
B_loJkl: shows [3d Qs] (a pair of Deuces)
Agniosius: shows [5h Ad] (a pair of Deuces - Ace kicker)
Agniosius collected $17.64 from pot
*** SUMMARY ***
Total pot $18 | Rake $0.36
Board [2s Jh 6s Kh 2d]
Seat 1: Agniosius (button) (small blind) showed [5h Ad] and won ($17.64) with a pair of Deuces
Seat 3: B_loJkl (big blind) showed [3d Qs] and lost with a pair of Deuces


PokerStars Hand #168656384625:  Hold'em Limit ($3/$6 USD) - 2017/04/06 10:19:52 ET
Table 'Watsonia' 6-max Seat #3 is the button
Seat 1: Agniosius ($184.64 in chips)
Seat 3: B_loJkl ($142.55 in chips)
B_loJkl: posts small blind $1
Agniosius: posts big blind $3
*** HOLE CARDS ***
B_loJkl: raises $3 to $6
Agniosius: calls $3
*** FLOP *** [Ts 6c 5c]
Agniosius: checks
Rus29APX joins the table at seat #5
B_loJkl: bets $3
Agniosius: calls $3
*** TURN *** [Ts 6c 5c] [9h]
Agniosius: checks
B_loJkl: bets $6
Agniosius: folds
Uncalled bet ($6) returned to B_loJkl
B_loJkl collected $17.64 from pot
B_loJkl: doesn't show hand
*** SUMMARY ***
Total pot $18 | Rake $0.36
Board [Ts 6c 5c 9h]
Seat 1: Agniosius (big blind) folded on the Turn
Seat 3: B_loJkl (button) (small blind) collected ($17.64)


PokerStars Hand #168656368335:  Hold'em Limit ($3/$6 USD) - 2017/04/06 10:19:25 ET
Table 'Watsonia' 6-max Seat #1 is the button
Seat 1: Agniosius ($193.64 in chips)
Seat 3: B_loJkl ($133.91 in chips)
Agniosius: posts small blind $1
B_loJkl: posts big blind $3
*** HOLE CARDS ***
Agniosius: raises $3 to $6
B_loJkl: calls $3
*** FLOP *** [Th Qd 9d]
B_loJkl: checks
Agniosius: bets $3
B_loJkl: calls $3
*** TURN *** [Th Qd 9d] [Js]
B_loJkl: checks
Agniosius: checks
*** RIVER *** [Th Qd 9d Js] [7d]
B_loJkl: bets $6
Agniosius: folds
Uncalled bet ($6) returned to B_loJkl
B_loJkl collected $17.64 from pot
B_loJkl: doesn't show hand
*** SUMMARY ***
Total pot $18 | Rake $0.36
Board [Th Qd 9d Js 7d]
Seat 1: Agniosius (button) (small blind) folded on the River
Seat 3: B_loJkl (big blind) collected ($17.64)


PokerStars Hand #168656395380:  Hold'em Limit ($3/$6 USD) - 2017/04/06 10:20:10 ET
Table 'Watsonia' 6-max Seat #1 is the button
Seat 1: Agniosius ($175.64 in chips)
Seat 3: B_loJkl ($151.19 in chips)
Agniosius: posts small blind $1
B_loJkl: posts big blind $3
*** HOLE CARDS ***
Agniosius: raises $3 to $6
B_loJkl: calls $3
*** FLOP *** [4d 2s 9s]
B_loJkl: checks
Agniosius: bets $3
B_loJkl: raises $3 to $6
Agniosius: calls $3
*** TURN *** [4d 2s 9s] [9d]
B_loJkl: bets $6
Agniosius: calls $6
*** RIVER *** [4d 2s 9s 9d] [6h]
B_loJkl: bets $6
Agniosius: folds
Uncalled bet ($6) returned to B_loJkl
B_loJkl collected $35.50 from pot
B_loJkl: doesn't show hand
*** SUMMARY ***
Total pot $36 | Rake $0.50
Board [4d 2s 9s 9d 6h]
Seat 1: Agniosius (button) (small blind) folded on the River
Seat 3: B_loJkl (big blind) collected ($35.50)


PokerStars Hand #168658547822:  Hold'em Limit ($3/$6 USD) - 2017/04/06 11:17:38 ET
Table 'Watsonia' 6-max Seat #6 is the button
Seat 4: WillemDuit ($65.63 in chips)
Seat 6: flynny1111 ($107.75 in chips)
flynny1111: posts small blind $1
TbIP-TbIP 88: is sitting out
B_loJkl: is sitting out
WillemDuit: posts big blind $3
*** HOLE CARDS ***
B_loJkl leaves the table
flynny1111: folds
Uncalled bet ($2) returned to WillemDuit
WillemDuit collected $2 from pot
WillemDuit: doesn't show hand
*** SUMMARY ***
Total pot $2 | Rake $0
Seat 4: WillemDuit (big blind) collected ($2)
Seat 6: flynny1111 (button) (small blind) folded before Flop


PokerStars Hand #168658567975:  Hold'em Limit ($3/$6 USD) - 2017/04/06 11:18:09 ET
Table 'Watsonia' 6-max Seat #4 is the button
Seat 4: WillemDuit ($66.63 in chips)
Seat 6: B_loJkl ($150 in chips)
WillemDuit: posts small blind $1
B_loJkl: posts big blind $3
*** HOLE CARDS ***
WillemDuit: calls $2
B_loJkl: checks
*** FLOP *** [2s 3s Ad]
B_loJkl: bets $3
WillemDuit: folds
Uncalled bet ($3) returned to B_loJkl
B_loJkl collected $5.88 from pot
B_loJkl: doesn't show hand
*** SUMMARY ***
Total pot $6 | Rake $0.12
Board [2s 3s Ad]
Seat 4: WillemDuit (button) (small blind) folded on the Flop
Seat 6: B_loJkl (big blind) collected ($5.88)


PokerStars Hand #168658610050:  Hold'em Limit ($3/$6 USD) - 2017/04/06 11:19:12 ET
Table 'Watsonia' 6-max Seat #4 is the button
Seat 4: WillemDuit ($87.13 in chips)
Seat 6: B_loJkl ($128.88 in chips)
WillemDuit: posts small blind $1
Pelurile was removed from the table for failing to post
B_loJkl: posts big blind $3
*** HOLE CARDS ***
WillemDuit: calls $2
B_loJkl: raises $3 to $6
WillemDuit: calls $3
*** FLOP *** [Qd Qc 3d]
B_loJkl: bets $3
WillemDuit: calls $3
*** TURN *** [Qd Qc 3d] [5s]
B_loJkl: bets $6
WillemDuit: folds
Uncalled bet ($6) returned to B_loJkl
B_loJkl collected $17.64 from pot
B_loJkl: doesn't show hand
*** SUMMARY ***
Total pot $18 | Rake $0.36
Board [Qd Qc 3d 5s]
Seat 4: WillemDuit (button) (small blind) folded on the Turn
Seat 6: B_loJkl (big blind) collected ($17.64)


PokerStars Hand #168658587973:  Hold'em Limit ($3/$6 USD) - 2017/04/06 11:18:39 ET
Table 'Watsonia' 6-max Seat #6 is the button
Seat 4: WillemDuit ($63.63 in chips)
Seat 6: B_loJkl ($152.88 in chips)
B_loJkl: posts small blind $1
WillemDuit: posts big blind $3
*** HOLE CARDS ***
B_loJkl: raises $3 to $6
TbIP-TbIP 88 leaves the table
WillemDuit: raises $3 to $9
B_loJkl: calls $3
*** FLOP *** [2c 7c 4c]
WillemDuit: bets $3
B_loJkl: calls $3
*** TURN *** [2c 7c 4c] [5d]
WillemDuit: bets $6
B_loJkl: calls $6
*** RIVER *** [2c 7c 4c 5d] [Jd]
WillemDuit: bets $6
B_loJkl: calls $6
*** SHOW DOWN ***
WillemDuit: shows [Ac Kc] (a flush, Ace high)
B_loJkl: mucks hand
WillemDuit collected $47.50 from pot
*** SUMMARY ***
Total pot $48 | Rake $0.50
Board [2c 7c 4c 5d Jd]
Seat 4: WillemDuit (big blind) showed [Ac Kc] and won ($47.50) with a flush, Ace high
Seat 6: B_loJkl (button) (small blind) mucked


PokerStars Hand #168658642442:  Hold'em Limit ($3/$6 USD) - 2017/04/06 11:20:01 ET
Table 'Watsonia' 6-max Seat #4 is the button
Seat 4: WillemDuit ($63.13 in chips)
Seat 6: B_loJkl ($152.02 in chips)
WillemDuit: posts small blind $1
B_loJkl: posts big blind $3
*** HOLE CARDS ***
WillemDuit: raises $3 to $6
B_loJkl: calls $3
*** FLOP *** [9s 4c Td]
B_loJkl: checks
WillemDuit: bets $3
B_loJkl: folds
Uncalled bet ($3) returned to WillemDuit
WillemDuit collected $11.76 from pot
WillemDuit: doesn't show hand
*** SUMMARY ***
Total pot $12 | Rake $0.24
Board [9s 4c Td]
Seat 4: WillemDuit (button) (small blind) collected ($11.76)
Seat 6: B_loJkl (big blind) folded on the Flop


PokerStars Hand #168658663122:  Hold'em Limit ($3/$6 USD) - 2017/04/06 11:20:32 ET
Table 'Watsonia' 6-max Seat #4 is the button
Seat 4: WillemDuit ($69.89 in chips)
Seat 6: B_loJkl ($145.02 in chips)
WillemDuit: posts small blind $1
B_loJkl: posts big blind $3
*** HOLE CARDS ***
WillemDuit: folds
Uncalled bet ($2) returned to B_loJkl
B_loJkl collected $2 from pot
B_loJkl: doesn't show hand
*** SUMMARY ***
Total pot $2 | Rake $0
Seat 4: WillemDuit (button) (small blind) folded before Flop
Seat 6: B_loJkl (big blind) collected ($2)


PokerStars Hand #168658653719:  Hold'em Limit ($3/$6 USD) - 2017/04/06 11:20:18 ET
Table 'Watsonia' 6-max Seat #6 is the button
Seat 4: WillemDuit ($68.89 in chips)
Seat 6: B_loJkl ($146.02 in chips)
B_loJkl: posts small blind $1
WillemDuit: posts big blind $3
*** HOLE CARDS ***
B_loJkl: folds
Uncalled bet ($2) returned to WillemDuit
WillemDuit collected $2 from pot
WillemDuit: doesn't show hand
*** SUMMARY ***
Total pot $2 | Rake $0
Seat 4: WillemDuit (big blind) collected ($2)
Seat 6: B_loJkl (button) (small blind) folded before Flop


PokerStars Hand #168658624357:  Hold'em Limit ($3/$6 USD) - 2017/04/06 11:19:34 ET
Table 'Watsonia' 6-max Seat #6 is the button
Seat 4: WillemDuit ($78.13 in chips)
Seat 6: B_loJkl ($137.52 in chips)
B_loJkl: posts small blind $1
WillemDuit: posts big blind $3
*** HOLE CARDS ***
B_loJkl: raises $3 to $6
WillemDuit: calls $3
*** FLOP *** [6d 3c Qh]
WillemDuit: checks
B_loJkl: bets $3
WillemDuit: calls $3
*** TURN *** [6d 3c Qh] [Jh]
WillemDuit: checks
B_loJkl: bets $6
WillemDuit: calls $6
*** RIVER *** [6d 3c Qh Jh] [5s]
WillemDuit: checks
B_loJkl: bets $6
WillemDuit: folds
Uncalled bet ($6) returned to B_loJkl
B_loJkl collected $29.50 from pot
B_loJkl: doesn't show hand
*** SUMMARY ***
Total pot $30 | Rake $0.50
Board [6d 3c Qh Jh 5s]
Seat 4: WillemDuit (big blind) folded on the River
Seat 6: B_loJkl (button) (small blind) collected ($29.50)


PokerStars Hand #168658666576:  Hold'em Limit ($3/$6 USD) - 2017/04/06 11:20:37 ET
Table 'Watsonia' 6-max Seat #6 is the button
Seat 4: WillemDuit ($68.89 in chips)
Seat 6: B_loJkl ($146.02 in chips)
B_loJkl: posts small blind $1
WillemDuit: posts big blind $3
*** HOLE CARDS ***
B_loJkl: raises $3 to $6
WillemDuit: raises $3 to $9
B_loJkl: calls $3
*** FLOP *** [7d 3c 2d]
WillemDuit: bets $3
tttzzz joins the table at seat #2
B_loJkl: calls $3
*** TURN *** [7d 3c 2d] [4h]
WillemDuit: bets $6
B_loJkl: calls $6
*** RIVER *** [7d 3c 2d 4h] [8s]
WillemDuit: bets $6
B_loJkl: folds
Uncalled bet ($6) returned to WillemDuit
WillemDuit collected $35.50 from pot
WillemDuit: doesn't show hand
*** SUMMARY ***
Total pot $36 | Rake $0.50
Board [7d 3c 2d 4h 8s]
Seat 4: WillemDuit (big blind) collected ($35.50)
Seat 6: B_loJkl (button) (small blind) folded on the River


PokerStars Hand #168661497855:  Hold'em Limit ($3/$6 USD) - 2017/04/06 12:29:39 ET
Table 'Watsonia' 6-max Seat #6 is the button
Seat 5: B_loJkl ($140.94 in chips)
Seat 6: Chessnok ($113.65 in chips)
Chessnok: posts small blind $1
shawnm20: is sitting out
B_loJkl: posts big blind $3
*** HOLE CARDS ***
Chessnok: raises $3 to $6
B_loJkl: folds
Uncalled bet ($3) returned to Chessnok
Chessnok collected $6 from pot
Chessnok: doesn't show hand
*** SUMMARY ***
Total pot $6 | Rake $0
Seat 5: B_loJkl (big blind) folded before Flop
Seat 6: Chessnok (button) (small blind) collected ($6)


