PokerStars Hand #150019580386:  Hold'em Limit ($3/$6 USD) - 2016/03/08 2:00:33 ET
Table 'Watsonia II' 6-max Seat #6 is the button
Seat 1: LifeisagameX ($45 in chips)
Seat 6: Helseløs ($105.33 in chips)
Helseløs: posts small blind $1
LifeisagameX: posts big blind $3
*** HOLE CARDS ***
Helseløs: raises $3 to $6
LifeisagameX: raises $3 to $9
Helseløs: calls $3
*** FLOP *** [7s Kc 3h]
LifeisagameX: bets $3
Helseløs: calls $3
*** TURN *** [7s Kc 3h] [As]
LifeisagameX: checks
Helseløs: bets $6
LifeisagameX: calls $6
*** RIVER *** [7s Kc 3h As] [4s]
LifeisagameX: checks
Helseløs: bets $6
LifeisagameX: calls $6
*** SHOW DOWN ***
Helseløs: shows [Th Ad] (a pair of Aces)
LifeisagameX: mucks hand
Helseløs collected $47.50 from pot
*** SUMMARY ***
Total pot $48 | Rake $0.50
Board [7s Kc 3h As 4s]
Seat 1: LifeisagameX (big blind) mucked
Seat 6: Helseløs (button) (small blind) showed [Th Ad] and won ($47.50) with a pair of Aces


PokerStars Hand #150019574112:  Hold'em Limit ($3/$6 USD) - 2016/03/08 2:00:06 ET
Table 'Watsonia II' 6-max Seat #1 is the button
Seat 1: LifeisagameX ($54 in chips)
Seat 6: Helseløs ($96.69 in chips)
LifeisagameX: posts small blind $1
Helseløs: posts big blind $3
*** HOLE CARDS ***
LifeisagameX: raises $3 to $6
Helseløs: calls $3
*** FLOP *** [7h Kc 5d]
Helseløs: checks
LifeisagameX: bets $3
Helseløs: calls $3
*** TURN *** [7h Kc 5d] [8h]
Helseløs: checks
LifeisagameX: checks
*** RIVER *** [7h Kc 5d 8h] [Tc]
Helseløs: bets $6
AzureCaper joins the table at seat #2
LifeisagameX: folds
Uncalled bet ($6) returned to Helseløs
Helseløs collected $17.64 from pot
Helseløs: doesn't show hand
*** SUMMARY ***
Total pot $18 | Rake $0.36
Board [7h Kc 5d 8h Tc]
Seat 1: LifeisagameX (button) (small blind) folded on the River
Seat 6: Helseløs (big blind) collected ($17.64)


PokerStars Hand #150019567599:  Hold'em Limit ($3/$6 USD) - 2016/03/08 1:59:38 ET
Table 'Watsonia II' 6-max Seat #6 is the button
Seat 1: LifeisagameX ($60 in chips)
Seat 6: Helseløs ($90.93 in chips)
Helseløs: posts small blind $1
LifeisagameX: posts big blind $3
*** HOLE CARDS ***
Helseløs: raises $3 to $6
LifeisagameX: calls $3
*** FLOP *** [8d As 6d]
LifeisagameX: checks
Helseløs: bets $3
LifeisagameX: folds
Uncalled bet ($3) returned to Helseløs
Helseløs collected $11.76 from pot
Helseløs: doesn't show hand
*** SUMMARY ***
Total pot $12 | Rake $0.24
Board [8d As 6d]
Seat 1: LifeisagameX (big blind) folded on the Flop
Seat 6: Helseløs (button) (small blind) collected ($11.76)


PokerStars Hand #150026552817:  Hold'em Limit ($3/$6 USD) - 2016/03/08 7:10:02 ET
Table 'Watsonia II' 6-max Seat #5 is the button
Seat 4: supersjakie ($116.36 in chips)
Seat 5: 72bestcard ($106.11 in chips)
72bestcard: posts small blind $1
PikkuHUMPPA: is sitting out
supersjakie: posts big blind $3
*** HOLE CARDS ***
PikkuHUMPPA leaves the table
72bestcard: raises $3 to $6
B_loJkl leaves the table
supersjakie: calls $3
*** FLOP *** [6s 3d Th]
supersjakie: checks
72bestcard: checks
*** TURN *** [6s 3d Th] [7c]
supersjakie: checks
72bestcard: bets $6
supersjakie: folds
Uncalled bet ($6) returned to 72bestcard
72bestcard collected $11.76 from pot
72bestcard: doesn't show hand
*** SUMMARY ***
Total pot $12 | Rake $0.24
Board [6s 3d Th 7c]
Seat 4: supersjakie (big blind) folded on the Turn
Seat 5: 72bestcard (button) (small blind) collected ($11.76)


