PokerStars Hand #164354197838:  Hold'em Limit ($3/$6 USD) - 2017/01/10 12:25:34 ET
Table 'Watts II' 6-max Seat #1 is the button
Seat 1: LifeisagameX ($84 in chips)
Seat 3: edcmscorpio ($120 in chips)
LifeisagameX: posts small blind $1
edcmscorpio: posts big blind $3
*** HOLE CARDS ***
LifeisagameX: raises $3 to $6
edcmscorpio: calls $3
*** FLOP *** [Qh 9h 7c]
edcmscorpio: bets $3
LifeisagameX: raises $3 to $6
edcmscorpio: calls $3
*** TURN *** [Qh 9h 7c] [5h]
edcmscorpio: checks
LifeisagameX: bets $6
edcmscorpio: calls $6
*** RIVER *** [Qh 9h 7c 5h] [8c]
edcmscorpio: checks
LifeisagameX: checks
*** SHOW DOWN ***
edcmscorpio: shows [Kd 9d] (a pair of Nines)
LifeisagameX: mucks hand
edcmscorpio collected $35.50 from pot
*** SUMMARY ***
Total pot $36 | Rake $0.50
Board [Qh 9h 7c 5h 8c]
Seat 1: LifeisagameX (button) (small blind) mucked
Seat 3: edcmscorpio (big blind) showed [Kd 9d] and won ($35.50) with a pair of Nines


PokerStars Hand #164354245314:  Hold'em Limit ($3/$6 USD) - 2017/01/10 12:26:28 ET
Table 'Watts II' 6-max Seat #3 is the button
Seat 1: LifeisagameX ($84 in chips)
Seat 3: edcmscorpio ($137.50 in chips)
edcmscorpio: posts small blind $1
LifeisagameX: posts big blind $3
*** HOLE CARDS ***
edcmscorpio: calls $2
LifeisagameX: checks
*** FLOP *** [Jc 8c 6d]
LifeisagameX: checks
edcmscorpio: bets $3
LifeisagameX: calls $3
*** TURN *** [Jc 8c 6d] [Js]
LifeisagameX: checks
edcmscorpio: checks
*** RIVER *** [Jc 8c 6d Js] [9c]
kolaz03 joins the table at seat #4
LifeisagameX: bets $6
edcmscorpio: raises $6 to $12
LifeisagameX: folds
Uncalled bet ($6) returned to edcmscorpio
edcmscorpio collected $23.52 from pot
edcmscorpio: doesn't show hand
*** SUMMARY ***
Total pot $24 | Rake $0.48
Board [Jc 8c 6d Js 9c]
Seat 1: LifeisagameX (big blind) folded on the River
Seat 3: edcmscorpio (button) (small blind) collected ($23.52)


PokerStars Hand #164354290999:  Hold'em Limit ($3/$6 USD) - 2017/01/10 12:27:20 ET
Table 'Watts II' 6-max Seat #1 is the button
Seat 1: LifeisagameX ($84 in chips)
Seat 3: edcmscorpio ($149.02 in chips)
LifeisagameX: posts small blind $1
edcmscorpio: posts big blind $3
*** HOLE CARDS ***
Zooshark joins the table at seat #6
LifeisagameX: raises $3 to $6
edcmscorpio: calls $3
*** FLOP *** [4h Ts 5c]
edcmscorpio: bets $3
LifeisagameX: raises $3 to $6
edcmscorpio: calls $3
*** TURN *** [4h Ts 5c] [Kd]
edcmscorpio: checks
LifeisagameX: bets $6
edcmscorpio: calls $6
*** RIVER *** [4h Ts 5c Kd] [2d]
edcmscorpio: checks
LifeisagameX: bets $6
astonvilla87 joins the table at seat #5
edcmscorpio: calls $6
*** SHOW DOWN ***
LifeisagameX: shows [Kh Js] (a pair of Kings)
edcmscorpio: mucks hand
LifeisagameX collected $47.50 from pot
*** SUMMARY ***
Total pot $48 | Rake $0.50
Board [4h Ts 5c Kd 2d]
Seat 1: LifeisagameX (button) (small blind) showed [Kh Js] and won ($47.50) with a pair of Kings
Seat 3: edcmscorpio (big blind) mucked


PokerStars Hand #164355813096:  Hold'em Limit ($3/$6 USD) - 2017/01/10 12:55:36 ET
Table 'Watts II' 6-max Seat #1 is the button
Seat 1: B_loJkl ($117.97 in chips)
Seat 6: Zooshark ($189.20 in chips)
B_loJkl: posts small blind $1
Zooshark: posts big blind $3
*** HOLE CARDS ***
B_loJkl: raises $3 to $6
Zooshark: calls $3
*** FLOP *** [Ks Qs 8s]
Zooshark: checks
B_loJkl: bets $3
Zooshark: calls $3
*** TURN *** [Ks Qs 8s] [4d]
Zooshark: checks
B_loJkl: checks
*** RIVER *** [Ks Qs 8s 4d] [7s]
Zooshark: bets $6
B_loJkl: folds
Uncalled bet ($6) returned to Zooshark
Zooshark collected $17.64 from pot
Zooshark: doesn't show hand
*** SUMMARY ***
Total pot $18 | Rake $0.36
Board [Ks Qs 8s 4d 7s]
Seat 1: B_loJkl (button) (small blind) folded on the River
Seat 6: Zooshark (big blind) collected ($17.64)


PokerStars Hand #164355829748:  Hold'em Limit ($3/$6 USD) - 2017/01/10 12:55:58 ET
Table 'Watts II' 6-max Seat #6 is the button
Seat 1: B_loJkl ($108.97 in chips)
Seat 6: Zooshark ($197.84 in chips)
Zooshark: posts small blind $1
B_loJkl: posts big blind $3
*** HOLE CARDS ***
Zooshark: folds
Uncalled bet ($2) returned to B_loJkl
B_loJkl collected $2 from pot
B_loJkl: doesn't show hand
*** SUMMARY ***
Total pot $2 | Rake $0
Seat 1: B_loJkl (big blind) collected ($2)
Seat 6: Zooshark (button) (small blind) folded before Flop


