PokerStars Hand #167772810665:  Hold'em Limit ($3/$6 USD) - 2017/03/18 16:55:26 ET
Table 'Watts' 10-max Seat #8 is the button
Seat 8: Don_Alling ($69.59 in chips)
Seat 9: GoliafUa ($142.26 in chips)
Don_Alling: posts small blind $1
GoliafUa: posts big blind $3
*** HOLE CARDS ***
Don_Alling: folds
Uncalled bet ($2) returned to GoliafUa
GoliafUa collected $2 from pot
GoliafUa: doesn't show hand
*** SUMMARY ***
Total pot $2 | Rake $0
Seat 8: Don_Alling (button) (small blind) folded before Flop
Seat 9: GoliafUa (big blind) collected ($2)


PokerStars Hand #167772807631:  Hold'em Limit ($3/$6 USD) - 2017/03/18 16:55:22 ET
Table 'Watts' 10-max Seat #9 is the button
Seat 8: Don_Alling ($68.59 in chips)
Seat 9: GoliafUa ($143.26 in chips)
GoliafUa: posts small blind $1
Don_Alling: posts big blind $3
*** HOLE CARDS ***
GoliafUa: folds
Uncalled bet ($2) returned to Don_Alling
Don_Alling collected $2 from pot
Don_Alling: doesn't show hand
*** SUMMARY ***
Total pot $2 | Rake $0
Seat 8: Don_Alling (big blind) collected ($2)
Seat 9: GoliafUa (button) (small blind) folded before Flop


PokerStars Hand #167772803060:  Hold'em Limit ($3/$6 USD) - 2017/03/18 16:55:15 ET
Table 'Watts' 10-max Seat #8 is the button
Seat 8: Don_Alling ($65.59 in chips)
Seat 9: GoliafUa ($146.26 in chips)
Don_Alling: posts small blind $1
GoliafUa: posts big blind $3
*** HOLE CARDS ***
Don_Alling: raises $3 to $6
GoliafUa: folds
Uncalled bet ($3) returned to Don_Alling
Don_Alling collected $6 from pot
Don_Alling: doesn't show hand
*** SUMMARY ***
Total pot $6 | Rake $0
Seat 8: Don_Alling (button) (small blind) collected ($6)
Seat 9: GoliafUa (big blind) folded before Flop


PokerStars Hand #167772791778:  Hold'em Limit ($3/$6 USD) - 2017/03/18 16:54:59 ET
Table 'Watts' 10-max Seat #9 is the button
Seat 8: Don_Alling ($86.59 in chips)
Seat 9: GoliafUa ($125.76 in chips)
GoliafUa: posts small blind $1
Don_Alling: posts big blind $3
*** HOLE CARDS ***
GoliafUa: raises $3 to $6
Don_Alling: calls $3
*** FLOP *** [2h 9s 4d]
Don_Alling: bets $3
GoliafUa: calls $3
*** TURN *** [2h 9s 4d] [9d]
Don_Alling: checks
GoliafUa: bets $6
Don_Alling: calls $6
*** RIVER *** [2h 9s 4d 9d] [Ad]
Don_Alling: checks
GoliafUa: bets $6
Don_Alling: calls $6
*** SHOW DOWN ***
GoliafUa: shows [Qc Qd] (two pair, Queens and Nines)
Don_Alling: mucks hand
GoliafUa collected $41.50 from pot
*** SUMMARY ***
Total pot $42 | Rake $0.50
Board [2h 9s 4d 9d Ad]
Seat 8: Don_Alling (big blind) mucked
Seat 9: GoliafUa (button) (small blind) showed [Qc Qd] and won ($41.50) with two pair, Queens and Nines


PokerStars Hand #167772775307:  Hold'em Limit ($3/$6 USD) - 2017/03/18 16:54:39 ET
Table 'Watts' 10-max Seat #8 is the button
Seat 8: Don_Alling ($92.59 in chips)
Seat 9: GoliafUa ($120 in chips)
Don_Alling: posts small blind $1
GoliafUa: posts big blind $3
*** HOLE CARDS ***
Don_Alling: raises $3 to $6
GoliafUa: calls $3
*** FLOP *** [7s Jc 2s]
GoliafUa: checks
Don_Alling: checks
*** TURN *** [7s Jc 2s] [Qs]
GoliafUa: checks
Don_Alling: checks
*** RIVER *** [7s Jc 2s Qs] [8s]
GoliafUa: checks
Don_Alling: checks
*** SHOW DOWN ***
GoliafUa: shows [4h 8h] (a pair of Eights)
Don_Alling: mucks hand
GoliafUa collected $11.76 from pot
*** SUMMARY ***
Total pot $12 | Rake $0.24
Board [7s Jc 2s Qs 8s]
Seat 8: Don_Alling (button) (small blind) mucked
Seat 9: GoliafUa (big blind) showed [4h 8h] and won ($11.76) with a pair of Eights


PokerStars Hand #167772838584:  Hold'em Limit ($3/$6 USD) - 2017/03/18 16:56:08 ET
Table 'Watts' 10-max Seat #9 is the button
Seat 8: Don_Alling ($47.23 in chips)
Seat 9: GoliafUa ($163.76 in chips)
GoliafUa: posts small blind $1
Don_Alling: posts big blind $3
*** HOLE CARDS ***
GoliafUa: raises $3 to $6
Don_Alling: calls $3
*** FLOP *** [9s Kh 3h]
Don_Alling: checks
GoliafUa: bets $3
Don_Alling: folds
Uncalled bet ($3) returned to GoliafUa
GoliafUa collected $11.76 from pot
GoliafUa: doesn't show hand
*** SUMMARY ***
Total pot $12 | Rake $0.24
Board [9s Kh 3h]
Seat 8: Don_Alling (big blind) folded on the Flop
Seat 9: GoliafUa (button) (small blind) collected ($11.76)


PokerStars Hand #167772826325:  Hold'em Limit ($3/$6 USD) - 2017/03/18 16:55:50 ET
Table 'Watts' 10-max Seat #8 is the button
Seat 8: Don_Alling ($77.23 in chips)
Seat 9: GoliafUa ($134.26 in chips)
Don_Alling: posts small blind $1
GoliafUa: posts big blind $3
*** HOLE CARDS ***
Don_Alling: raises $3 to $6
GoliafUa: raises $3 to $9
Don_Alling: raises $3 to $12
Betting is capped
GoliafUa: calls $3
*** FLOP *** [7c Qs Qh]
GoliafUa: checks
Don_Alling: bets $3
GoliafUa: raises $3 to $6
Don_Alling: calls $3
*** TURN *** [7c Qs Qh] [7d]
GoliafUa: bets $6
Don_Alling: calls $6
*** RIVER *** [7c Qs Qh 7d] [Jh]
GoliafUa: bets $6
Don_Alling: calls $6
*** SHOW DOWN ***
GoliafUa: shows [7h Ah] (a full house, Sevens full of Queens)
Don_Alling: mucks hand
GoliafUa collected $59.50 from pot
*** SUMMARY ***
Total pot $60 | Rake $0.50
Board [7c Qs Qh 7d Jh]
Seat 8: Don_Alling (button) (small blind) mucked
Seat 9: GoliafUa (big blind) showed [7h Ah] and won ($59.50) with a full house, Sevens full of Queens


PokerStars Hand #167772820600:  Hold'em Limit ($3/$6 USD) - 2017/03/18 16:55:41 ET
Table 'Watts' 10-max Seat #9 is the button
Seat 8: Don_Alling ($68.59 in chips)
Seat 9: GoliafUa ($143.26 in chips)
GoliafUa: posts small blind $1
Don_Alling: posts big blind $3
*** HOLE CARDS ***
GoliafUa: raises $3 to $6
Don_Alling: raises $3 to $9
GoliafUa: calls $3
*** FLOP *** [Jc Qs 5d]
Don_Alling: bets $3
GoliafUa: folds
Uncalled bet ($3) returned to Don_Alling
Don_Alling collected $17.64 from pot
Don_Alling: doesn't show hand
*** SUMMARY ***
Total pot $18 | Rake $0.36
Board [Jc Qs 5d]
Seat 8: Don_Alling (big blind) collected ($17.64)
Seat 9: GoliafUa (button) (small blind) folded on the Flop


PokerStars Hand #167772817198:  Hold'em Limit ($3/$6 USD) - 2017/03/18 16:55:36 ET
Table 'Watts' 10-max Seat #8 is the button
Seat 8: Don_Alling ($69.59 in chips)
Seat 9: GoliafUa ($142.26 in chips)
Don_Alling: posts small blind $1
GoliafUa: posts big blind $3
*** HOLE CARDS ***
Don_Alling: folds
Uncalled bet ($2) returned to GoliafUa
GoliafUa collected $2 from pot
GoliafUa: doesn't show hand
*** SUMMARY ***
Total pot $2 | Rake $0
Seat 8: Don_Alling (button) (small blind) folded before Flop
Seat 9: GoliafUa (big blind) collected ($2)


PokerStars Hand #167772813604:  Hold'em Limit ($3/$6 USD) - 2017/03/18 16:55:31 ET
Table 'Watts' 10-max Seat #9 is the button
Seat 8: Don_Alling ($68.59 in chips)
Seat 9: GoliafUa ($143.26 in chips)
GoliafUa: posts small blind $1
Don_Alling: posts big blind $3
*** HOLE CARDS ***
GoliafUa: folds
Uncalled bet ($2) returned to Don_Alling
Don_Alling collected $2 from pot
Don_Alling: doesn't show hand
*** SUMMARY ***
Total pot $2 | Rake $0
Seat 8: Don_Alling (big blind) collected ($2)
Seat 9: GoliafUa (button) (small blind) folded before Flop


