PokerStars Hand #167889468875:  Hold'em Limit ($3/$6 USD) - 2017/03/21 3:18:20 ET
Table 'Wazn' 6-max Seat #2 is the button
Seat 2: Agrotait ($72 in chips)
Seat 4: luxsheriff ($106 in chips)
Agrotait: posts small blind $1
luxsheriff: posts big blind $3
*** HOLE CARDS ***
Agrotait: raises $3 to $6
luxsheriff: calls $3
*** FLOP *** [2d 2s 5c]
luxsheriff: checks
LifeisagameX was removed from the table for failing to post
Agrotait: bets $3
luxsheriff: calls $3
*** TURN *** [2d 2s 5c] [8s]
luxsheriff: checks
Agrotait: bets $6
luxsheriff: calls $6
*** RIVER *** [2d 2s 5c 8s] [As]
luxsheriff: checks
Agrotait: checks
*** SHOW DOWN ***
luxsheriff: shows [3s 3c] (two pair, Threes and Deuces)
Agrotait: shows [8c 7d] (two pair, Eights and Deuces)
Agrotait collected $29.50 from pot
*** SUMMARY ***
Total pot $30 | Rake $0.50
Board [2d 2s 5c 8s As]
Seat 2: Agrotait (button) (small blind) showed [8c 7d] and won ($29.50) with two pair, Eights and Deuces
Seat 4: luxsheriff (big blind) showed [3s 3c] and lost with two pair, Threes and Deuces


PokerStars Hand #167889476773:  Hold'em Limit ($3/$6 USD) - 2017/03/21 3:18:51 ET
Table 'Wazn' 6-max Seat #4 is the button
Seat 2: Agrotait ($86.50 in chips)
Seat 4: luxsheriff ($91 in chips)
luxsheriff: posts small blind $1
Agrotait: posts big blind $3
*** HOLE CARDS ***
TbIP-TbIP 88 joins the table at seat #5
luxsheriff: folds
Uncalled bet ($2) returned to Agrotait
Agrotait collected $2 from pot
Agrotait: doesn't show hand
*** SUMMARY ***
Total pot $2 | Rake $0
Seat 2: Agrotait (big blind) collected ($2)
Seat 4: luxsheriff (button) (small blind) folded before Flop


PokerStars Hand #167889478742:  Hold'em Limit ($3/$6 USD) - 2017/03/21 3:18:59 ET
Table 'Wazn' 6-max Seat #2 is the button
Seat 2: Agrotait ($87.50 in chips)
Seat 4: luxsheriff ($90 in chips)
Agrotait: posts small blind $1
luxsheriff: posts big blind $3
*** HOLE CARDS ***
Agrotait: raises $3 to $6
luxsheriff: calls $3
*** FLOP *** [5h Th Kd]
luxsheriff: checks
Agrotait: bets $3
luxsheriff: calls $3
*** TURN *** [5h Th Kd] [3d]
luxsheriff: checks
Agrotait: bets $6
luxsheriff: calls $6
*** RIVER *** [5h Th Kd 3d] [Tc]
luxsheriff: bets $6
Agrotait: calls $6
*** SHOW DOWN ***
luxsheriff: shows [4d Td] (three of a kind, Tens)
Agrotait: mucks hand
luxsheriff collected $41.50 from pot
*** SUMMARY ***
Total pot $42 | Rake $0.50
Board [5h Th Kd 3d Tc]
Seat 2: Agrotait (button) (small blind) mucked
Seat 4: luxsheriff (big blind) showed [4d Td] and won ($41.50) with three of a kind, Tens


PokerStars Hand #167889581295:  Hold'em Limit ($3/$6 USD) - 2017/03/21 3:25:46 ET
Table 'Wazn' 6-max Seat #5 is the button
Seat 4: luxsheriff ($95.43 in chips)
Seat 5: TbIP-TbIP 88 ($72 in chips)
TbIP-TbIP 88: posts small blind $1
luxsheriff: posts big blind $3
*** HOLE CARDS ***
TbIP-TbIP 88: raises $3 to $6
luxsheriff: calls $3
*** FLOP *** [5c 3h 2s]
luxsheriff: checks
TbIP-TbIP 88: bets $3
luxsheriff: calls $3
*** TURN *** [5c 3h 2s] [8h]
luxsheriff: checks
TbIP-TbIP 88: checks
*** RIVER *** [5c 3h 2s 8h] [2c]
luxsheriff: checks
TbIP-TbIP 88: checks
*** SHOW DOWN ***
luxsheriff: shows [Th Qs] (a pair of Deuces)
TbIP-TbIP 88: mucks hand
luxsheriff collected $17.64 from pot
*** SUMMARY ***
Total pot $18 | Rake $0.36
Board [5c 3h 2s 8h 2c]
Seat 4: luxsheriff (big blind) showed [Th Qs] and won ($17.64) with a pair of Deuces
Seat 5: TbIP-TbIP 88 (button) (small blind) mucked


PokerStars Hand #167889570487:  Hold'em Limit ($3/$6 USD) - 2017/03/21 3:25:04 ET
Table 'Wazn' 6-max Seat #5 is the button
Seat 4: luxsheriff ($85.79 in chips)
Seat 5: TbIP-TbIP 88 ($81.43 in chips)
TbIP-TbIP 88: posts small blind $1
Agrotait: is sitting out
luxsheriff: posts big blind $3
*** HOLE CARDS ***
Agrotait leaves the table
TbIP-TbIP 88: folds
Uncalled bet ($2) returned to luxsheriff
luxsheriff collected $2 from pot
luxsheriff: doesn't show hand
*** SUMMARY ***
Total pot $2 | Rake $0
Seat 4: luxsheriff (big blind) collected ($2)
Seat 5: TbIP-TbIP 88 (button) (small blind) folded before Flop


PokerStars Hand #167889572849:  Hold'em Limit ($3/$6 USD) - 2017/03/21 3:25:13 ET
Table 'Wazn' 6-max Seat #4 is the button
Seat 4: luxsheriff ($86.79 in chips)
Seat 5: TbIP-TbIP 88 ($80.43 in chips)
luxsheriff: posts small blind $1
TbIP-TbIP 88: posts big blind $3
*** HOLE CARDS ***
luxsheriff: calls $2
TbIP-TbIP 88: raises $3 to $6
luxsheriff: calls $3
*** FLOP *** [3h Ks Qd]
TbIP-TbIP 88: bets $3
luxsheriff: calls $3
*** TURN *** [3h Ks Qd] [4h]
TbIP-TbIP 88: checks
luxsheriff: bets $6
TbIP-TbIP 88: folds
Uncalled bet ($6) returned to luxsheriff
luxsheriff collected $17.64 from pot
luxsheriff: doesn't show hand
*** SUMMARY ***
Total pot $18 | Rake $0.36
Board [3h Ks Qd 4h]
Seat 4: luxsheriff (button) (small blind) collected ($17.64)
Seat 5: TbIP-TbIP 88 (big blind) folded on the Turn


PokerStars Hand #167889589612:  Hold'em Limit ($3/$6 USD) - 2017/03/21 3:26:18 ET
Table 'Wazn' 6-max Seat #5 is the button
Seat 4: luxsheriff ($95.07 in chips)
Seat 5: TbIP-TbIP 88 ($80.64 in chips)
TbIP-TbIP 88: posts small blind $1
luxsheriff: posts big blind $3
*** HOLE CARDS ***
TbIP-TbIP 88: raises $3 to $6
luxsheriff: raises $3 to $9
TbIP-TbIP 88: calls $3
*** FLOP *** [2s Ks 3h]
luxsheriff: bets $3
TbIP-TbIP 88: calls $3
*** TURN *** [2s Ks 3h] [Td]
luxsheriff: bets $6
TbIP-TbIP 88: calls $6
*** RIVER *** [2s Ks 3h Td] [As]
luxsheriff: bets $6
TbIP-TbIP 88: raises $6 to $12
luxsheriff: calls $6
*** SHOW DOWN ***
TbIP-TbIP 88: shows [Qd Jd] (a straight, Ten to Ace)
luxsheriff: mucks hand
TbIP-TbIP 88 collected $59.50 from pot
*** SUMMARY ***
Total pot $60 | Rake $0.50
Board [2s Ks 3h Td As]
Seat 4: luxsheriff (big blind) mucked
Seat 5: TbIP-TbIP 88 (button) (small blind) showed [Qd Jd] and won ($59.50) with a straight, Ten to Ace


PokerStars Hand #167889585622:  Hold'em Limit ($3/$6 USD) - 2017/03/21 3:26:03 ET
Table 'Wazn' 6-max Seat #4 is the button
Seat 4: luxsheriff ($104.07 in chips)
Seat 5: TbIP-TbIP 88 ($72 in chips)
luxsheriff: posts small blind $1
TbIP-TbIP 88: posts big blind $3
*** HOLE CARDS ***
luxsheriff: raises $3 to $6
TbIP-TbIP 88: calls $3
*** FLOP *** [9c 8d 6s]
TbIP-TbIP 88: checks
luxsheriff: bets $3
TbIP-TbIP 88: calls $3
*** TURN *** [9c 8d 6s] [Jh]
TbIP-TbIP 88: checks
luxsheriff: checks
*** RIVER *** [9c 8d 6s Jh] [3d]
TbIP-TbIP 88: bets $6
luxsheriff: folds
Uncalled bet ($6) returned to TbIP-TbIP 88
TbIP-TbIP 88 collected $17.64 from pot
TbIP-TbIP 88: doesn't show hand
*** SUMMARY ***
Total pot $18 | Rake $0.36
Board [9c 8d 6s Jh 3d]
Seat 4: luxsheriff (button) (small blind) folded on the River
Seat 5: TbIP-TbIP 88 (big blind) collected ($17.64)


PokerStars Hand #167889608791:  Hold'em Limit ($3/$6 USD) - 2017/03/21 3:27:33 ET
Table 'Wazn' 6-max Seat #4 is the button
Seat 4: luxsheriff ($71.83 in chips)
Seat 5: TbIP-TbIP 88 ($103.14 in chips)
luxsheriff: posts small blind $1
TbIP-TbIP 88: posts big blind $3
*** HOLE CARDS ***
luxsheriff: raises $3 to $6
TbIP-TbIP 88: calls $3
*** FLOP *** [Kh 2c 3d]
TbIP-TbIP 88: checks
luxsheriff: bets $3
TbIP-TbIP 88: raises $3 to $6
luxsheriff: folds
Uncalled bet ($3) returned to TbIP-TbIP 88
TbIP-TbIP 88 collected $17.64 from pot
TbIP-TbIP 88: doesn't show hand
*** SUMMARY ***
Total pot $18 | Rake $0.36
Board [Kh 2c 3d]
Seat 4: luxsheriff (button) (small blind) folded on the Flop
Seat 5: TbIP-TbIP 88 (big blind) collected ($17.64)


PokerStars Hand #167889603833:  Hold'em Limit ($3/$6 USD) - 2017/03/21 3:27:13 ET
Table 'Wazn' 6-max Seat #5 is the button
Seat 4: luxsheriff ($70.83 in chips)
Seat 5: TbIP-TbIP 88 ($104.14 in chips)
TbIP-TbIP 88: posts small blind $1
luxsheriff: posts big blind $3
*** HOLE CARDS ***
TbIP-TbIP 88: folds
Uncalled bet ($2) returned to luxsheriff
luxsheriff collected $2 from pot
luxsheriff: doesn't show hand
*** SUMMARY ***
Total pot $2 | Rake $0
Seat 4: luxsheriff (big blind) collected ($2)
Seat 5: TbIP-TbIP 88 (button) (small blind) folded before Flop


PokerStars Hand #167889594555:  Hold'em Limit ($3/$6 USD) - 2017/03/21 3:26:37 ET
Table 'Wazn' 6-max Seat #4 is the button
Seat 4: luxsheriff ($65.07 in chips)
Seat 5: TbIP-TbIP 88 ($110.14 in chips)
luxsheriff: posts small blind $1
TbIP-TbIP 88: posts big blind $3
*** HOLE CARDS ***
luxsheriff: raises $3 to $6
TbIP-TbIP 88: calls $3
*** FLOP *** [8c 8d 7s]
TbIP-TbIP 88: checks
luxsheriff: bets $3
TbIP-TbIP 88: folds
Uncalled bet ($3) returned to luxsheriff
luxsheriff collected $11.76 from pot
luxsheriff: doesn't show hand
*** SUMMARY ***
Total pot $12 | Rake $0.24
Board [8c 8d 7s]
Seat 4: luxsheriff (button) (small blind) collected ($11.76)
Seat 5: TbIP-TbIP 88 (big blind) folded on the Flop


PokerStars Hand #167889613353:  Hold'em Limit ($3/$6 USD) - 2017/03/21 3:27:51 ET
Table 'Wazn' 6-max Seat #5 is the button
Seat 4: luxsheriff ($62.83 in chips)
Seat 5: TbIP-TbIP 88 ($111.78 in chips)
TbIP-TbIP 88: posts small blind $1
luxsheriff: posts big blind $3
*** HOLE CARDS ***
TbIP-TbIP 88: raises $3 to $6
luxsheriff: calls $3
*** FLOP *** [8h 3s 9h]
luxsheriff: checks
TbIP-TbIP 88: bets $3
luxsheriff: folds
Uncalled bet ($3) returned to TbIP-TbIP 88
TbIP-TbIP 88 collected $11.76 from pot
TbIP-TbIP 88: doesn't show hand
*** SUMMARY ***
Total pot $12 | Rake $0.24
Board [8h 3s 9h]
Seat 4: luxsheriff (big blind) folded on the Flop
Seat 5: TbIP-TbIP 88 (button) (small blind) collected ($11.76)


PokerStars Hand #167889622554:  Hold'em Limit ($3/$6 USD) - 2017/03/21 3:28:26 ET
Table 'Wazn' 6-max Seat #5 is the button
Seat 4: luxsheriff ($35.83 in chips)
Seat 5: TbIP-TbIP 88 ($138.04 in chips)
TbIP-TbIP 88: posts small blind $1
luxsheriff: posts big blind $3
*** HOLE CARDS ***
TbIP-TbIP 88: raises $3 to $6
luxsheriff: calls $3
*** FLOP *** [9h 8d 5c]
luxsheriff: checks
TbIP-TbIP 88: bets $3
luxsheriff: calls $3
*** TURN *** [9h 8d 5c] [6d]
luxsheriff: checks
TbIP-TbIP 88: checks
*** RIVER *** [9h 8d 5c 6d] [2c]
luxsheriff: checks
TbIP-TbIP 88: bets $6
luxsheriff: folds
Uncalled bet ($6) returned to TbIP-TbIP 88
TbIP-TbIP 88 collected $17.64 from pot
TbIP-TbIP 88: doesn't show hand
*** SUMMARY ***
Total pot $18 | Rake $0.36
Board [9h 8d 5c 6d 2c]
Seat 4: luxsheriff (big blind) folded on the River
Seat 5: TbIP-TbIP 88 (button) (small blind) collected ($17.64)


PokerStars Hand #167889618085:  Hold'em Limit ($3/$6 USD) - 2017/03/21 3:28:08 ET
Table 'Wazn' 6-max Seat #4 is the button
Seat 4: luxsheriff ($56.83 in chips)
Seat 5: TbIP-TbIP 88 ($117.54 in chips)
luxsheriff: posts small blind $1
TbIP-TbIP 88: posts big blind $3
*** HOLE CARDS ***
luxsheriff: raises $3 to $6
TbIP-TbIP 88: calls $3
*** FLOP *** [4d 9h Kd]
TbIP-TbIP 88: checks
luxsheriff: bets $3
TbIP-TbIP 88: calls $3
*** TURN *** [4d 9h Kd] [9s]
TbIP-TbIP 88: checks
luxsheriff: checks
*** RIVER *** [4d 9h Kd 9s] [3h]
TbIP-TbIP 88: bets $6
luxsheriff: raises $6 to $12
TbIP-TbIP 88: calls $6
*** SHOW DOWN ***
luxsheriff: shows [7s Td] (a pair of Nines)
TbIP-TbIP 88: shows [Kc Jh] (two pair, Kings and Nines)
TbIP-TbIP 88 collected $41.50 from pot
*** SUMMARY ***
Total pot $42 | Rake $0.50
Board [4d 9h Kd 9s 3h]
Seat 4: luxsheriff (button) (small blind) showed [7s Td] and lost with a pair of Nines
Seat 5: TbIP-TbIP 88 (big blind) showed [Kc Jh] and won ($41.50) with two pair, Kings and Nines


PokerStars Hand #167889627620:  Hold'em Limit ($3/$6 USD) - 2017/03/21 3:28:45 ET
Table 'Wazn' 6-max Seat #4 is the button
Seat 4: luxsheriff ($26.83 in chips)
Seat 5: TbIP-TbIP 88 ($146.68 in chips)
luxsheriff: posts small blind $1
TbIP-TbIP 88: posts big blind $3
*** HOLE CARDS ***
luxsheriff: raises $3 to $6
TbIP-TbIP 88: calls $3
*** FLOP *** [2s 4c Ts]
TbIP-TbIP 88: checks
luxsheriff: bets $3
TbIP-TbIP 88: raises $3 to $6
luxsheriff: calls $3
*** TURN *** [2s 4c Ts] [4s]
TbIP-TbIP 88: bets $6
luxsheriff: calls $6
*** RIVER *** [2s 4c Ts 4s] [Jh]
TbIP-TbIP 88: bets $6
luxsheriff: calls $6
*** SHOW DOWN ***
TbIP-TbIP 88: shows [Th 8c] (two pair, Tens and Fours)
luxsheriff: mucks hand
TbIP-TbIP 88 collected $47.50 from pot
*** SUMMARY ***
Total pot $48 | Rake $0.50
Board [2s 4c Ts 4s Jh]
Seat 4: luxsheriff (button) (small blind) mucked
Seat 5: TbIP-TbIP 88 (big blind) showed [Th 8c] and won ($47.50) with two pair, Tens and Fours


PokerStars Hand #167889657326:  Hold'em Limit ($3/$6 USD) - 2017/03/21 3:30:40 ET
Table 'Wazn' 6-max Seat #4 is the button
Seat 4: luxsheriff ($122.46 in chips)
Seat 5: TbIP-TbIP 88 ($155.18 in chips)
luxsheriff: posts small blind $1
TbIP-TbIP 88: posts big blind $3
*** HOLE CARDS ***
luxsheriff: raises $3 to $6
TbIP-TbIP 88: calls $3
*** FLOP *** [Jc 8s Jd]
TbIP-TbIP 88: checks
luxsheriff: bets $3
TbIP-TbIP 88: folds
Uncalled bet ($3) returned to luxsheriff
luxsheriff collected $11.76 from pot
luxsheriff: doesn't show hand
*** SUMMARY ***
Total pot $12 | Rake $0.24
Board [Jc 8s Jd]
Seat 4: luxsheriff (button) (small blind) collected ($11.76)
Seat 5: TbIP-TbIP 88 (big blind) folded on the Flop


PokerStars Hand #167889660812:  Hold'em Limit ($3/$6 USD) - 2017/03/21 3:30:53 ET
Table 'Wazn' 6-max Seat #5 is the button
Seat 4: luxsheriff ($128.22 in chips)
Seat 5: TbIP-TbIP 88 ($149.18 in chips)
TbIP-TbIP 88: posts small blind $1
luxsheriff: posts big blind $3
*** HOLE CARDS ***
TbIP-TbIP 88: raises $3 to $6
luxsheriff: calls $3
*** FLOP *** [Js Tc 9h]
luxsheriff: checks
TbIP-TbIP 88: bets $3
luxsheriff: folds
Uncalled bet ($3) returned to TbIP-TbIP 88
TbIP-TbIP 88 collected $11.76 from pot
TbIP-TbIP 88: doesn't show hand
*** SUMMARY ***
Total pot $12 | Rake $0.24
Board [Js Tc 9h]
Seat 4: luxsheriff (big blind) folded on the Flop
Seat 5: TbIP-TbIP 88 (button) (small blind) collected ($11.76)


PokerStars Hand #167889645481:  Hold'em Limit ($3/$6 USD) - 2017/03/21 3:29:54 ET
Table 'Wazn' 6-max Seat #5 is the button
Seat 4: luxsheriff ($107.96 in chips)
Seat 5: TbIP-TbIP 88 ($170.18 in chips)
TbIP-TbIP 88: posts small blind $1
luxsheriff: posts big blind $3
*** HOLE CARDS ***
TbIP-TbIP 88: raises $3 to $6
luxsheriff: calls $3
*** FLOP *** [8h 5d 2h]
luxsheriff: checks
TbIP-TbIP 88: bets $3
luxsheriff: calls $3
*** TURN *** [8h 5d 2h] [Ac]
luxsheriff: checks
TbIP-TbIP 88: bets $6
luxsheriff: calls $6
*** RIVER *** [8h 5d 2h Ac] [8c]
luxsheriff: bets $6
TbIP-TbIP 88: folds
Uncalled bet ($6) returned to luxsheriff
luxsheriff collected $29.50 from pot
luxsheriff: doesn't show hand
*** SUMMARY ***
Total pot $30 | Rake $0.50
Board [8h 5d 2h Ac 8c]
Seat 4: luxsheriff (big blind) collected ($29.50)
Seat 5: TbIP-TbIP 88 (button) (small blind) folded on the River


PokerStars Hand #167889663755:  Hold'em Limit ($3/$6 USD) - 2017/03/21 3:31:04 ET
Table 'Wazn' 6-max Seat #4 is the button
Seat 4: luxsheriff ($122.22 in chips)
Seat 5: TbIP-TbIP 88 ($154.94 in chips)
luxsheriff: posts small blind $1
TbIP-TbIP 88: posts big blind $3
*** HOLE CARDS ***
luxsheriff: raises $3 to $6
TbIP-TbIP 88: calls $3
*** FLOP *** [3s 5s 9s]
TbIP-TbIP 88: checks
luxsheriff: bets $3
TbIP-TbIP 88: folds
Uncalled bet ($3) returned to luxsheriff
luxsheriff collected $11.76 from pot
luxsheriff: doesn't show hand
*** SUMMARY ***
Total pot $12 | Rake $0.24
Board [3s 5s 9s]
Seat 4: luxsheriff (button) (small blind) collected ($11.76)
Seat 5: TbIP-TbIP 88 (big blind) folded on the Flop


PokerStars Hand #167889672305:  Hold'em Limit ($3/$6 USD) - 2017/03/21 3:31:37 ET
Table 'Wazn' 6-max Seat #4 is the button
Seat 4: luxsheriff ($136.62 in chips)
Seat 5: TbIP-TbIP 88 ($139.94 in chips)
luxsheriff: posts small blind $1
TbIP-TbIP 88: posts big blind $3
*** HOLE CARDS ***
luxsheriff: folds
Uncalled bet ($2) returned to TbIP-TbIP 88
TbIP-TbIP 88 collected $2 from pot
TbIP-TbIP 88: doesn't show hand
*** SUMMARY ***
Total pot $2 | Rake $0
Seat 4: luxsheriff (button) (small blind) folded before Flop
Seat 5: TbIP-TbIP 88 (big blind) collected ($2)


PokerStars Hand #167889673713:  Hold'em Limit ($3/$6 USD) - 2017/03/21 3:31:42 ET
Table 'Wazn' 6-max Seat #5 is the button
Seat 4: luxsheriff ($135.62 in chips)
Seat 5: TbIP-TbIP 88 ($140.94 in chips)
TbIP-TbIP 88: posts small blind $1
luxsheriff: posts big blind $3
*** HOLE CARDS ***
TbIP-TbIP 88: raises $3 to $6
luxsheriff: raises $3 to $9
TbIP-TbIP 88: calls $3
*** FLOP *** [Jh Jd 5c]
luxsheriff: bets $3
TbIP-TbIP 88: calls $3
*** TURN *** [Jh Jd 5c] [7h]
luxsheriff: bets $6
TbIP-TbIP 88: calls $6
*** RIVER *** [Jh Jd 5c 7h] [9c]
luxsheriff: bets $6
TbIP-TbIP 88: folds
Uncalled bet ($6) returned to luxsheriff
luxsheriff collected $35.50 from pot
luxsheriff: doesn't show hand
*** SUMMARY ***
Total pot $36 | Rake $0.50
Board [Jh Jd 5c 7h 9c]
Seat 4: luxsheriff (big blind) collected ($35.50)
Seat 5: TbIP-TbIP 88 (button) (small blind) folded on the River


PokerStars Hand #167889690550:  Hold'em Limit ($3/$6 USD) - 2017/03/21 3:32:46 ET
Table 'Wazn' 6-max Seat #5 is the button
Seat 4: luxsheriff ($138.88 in chips)
Seat 5: TbIP-TbIP 88 ($136.44 in chips)
TbIP-TbIP 88: posts small blind $1
luxsheriff: posts big blind $3
*** HOLE CARDS ***
TbIP-TbIP 88: raises $3 to $6
luxsheriff: calls $3
*** FLOP *** [3d 4s 4d]
luxsheriff: checks
TbIP-TbIP 88: bets $3
luxsheriff: calls $3
*** TURN *** [3d 4s 4d] [Jd]
luxsheriff: checks
TbIP-TbIP 88: checks
*** RIVER *** [3d 4s 4d Jd] [Qh]
luxsheriff: checks
TbIP-TbIP 88: bets $6
luxsheriff: folds
Uncalled bet ($6) returned to TbIP-TbIP 88
TbIP-TbIP 88 collected $17.64 from pot
TbIP-TbIP 88: doesn't show hand
*** SUMMARY ***
Total pot $18 | Rake $0.36
Board [3d 4s 4d Jd Qh]
Seat 4: luxsheriff (big blind) folded on the River
Seat 5: TbIP-TbIP 88 (button) (small blind) collected ($17.64)


PokerStars Hand #167889684204:  Hold'em Limit ($3/$6 USD) - 2017/03/21 3:32:22 ET
Table 'Wazn' 6-max Seat #5 is the button
Seat 4: luxsheriff ($132.12 in chips)
Seat 5: TbIP-TbIP 88 ($143.44 in chips)
TbIP-TbIP 88: posts small blind $1
luxsheriff: posts big blind $3
*** HOLE CARDS ***
TbIP-TbIP 88: folds
Uncalled bet ($2) returned to luxsheriff
luxsheriff collected $2 from pot
luxsheriff: doesn't show hand
*** SUMMARY ***
Total pot $2 | Rake $0
Seat 4: luxsheriff (big blind) collected ($2)
Seat 5: TbIP-TbIP 88 (button) (small blind) folded before Flop


PokerStars Hand #167889680005:  Hold'em Limit ($3/$6 USD) - 2017/03/21 3:32:06 ET
Table 'Wazn' 6-max Seat #4 is the button
Seat 4: luxsheriff ($153.12 in chips)
Seat 5: TbIP-TbIP 88 ($122.94 in chips)
luxsheriff: posts small blind $1
TbIP-TbIP 88: posts big blind $3
*** HOLE CARDS ***
luxsheriff: raises $3 to $6
TbIP-TbIP 88: calls $3
*** FLOP *** [4s 5c 2h]
TbIP-TbIP 88: checks
luxsheriff: bets $3
TbIP-TbIP 88: calls $3
*** TURN *** [4s 5c 2h] [2s]
TbIP-TbIP 88: checks
luxsheriff: bets $6
TbIP-TbIP 88: calls $6
*** RIVER *** [4s 5c 2h 2s] [Ks]
TbIP-TbIP 88: bets $6
luxsheriff: calls $6
*** SHOW DOWN ***
TbIP-TbIP 88: shows [Qc Kc] (two pair, Kings and Deuces)
luxsheriff: mucks hand
TbIP-TbIP 88 collected $41.50 from pot
*** SUMMARY ***
Total pot $42 | Rake $0.50
Board [4s 5c 2h 2s Ks]
Seat 4: luxsheriff (button) (small blind) mucked
Seat 5: TbIP-TbIP 88 (big blind) showed [Qc Kc] and won ($41.50) with two pair, Kings and Deuces


PokerStars Hand #167889685524:  Hold'em Limit ($3/$6 USD) - 2017/03/21 3:32:27 ET
Table 'Wazn' 6-max Seat #4 is the button
Seat 4: luxsheriff ($133.12 in chips)
Seat 5: TbIP-TbIP 88 ($142.44 in chips)
luxsheriff: posts small blind $1
TbIP-TbIP 88: posts big blind $3
*** HOLE CARDS ***
luxsheriff: raises $3 to $6
TbIP-TbIP 88: calls $3
*** FLOP *** [2h Js 5s]
TbIP-TbIP 88: checks
luxsheriff: bets $3
TbIP-TbIP 88: folds
Uncalled bet ($3) returned to luxsheriff
luxsheriff collected $11.76 from pot
luxsheriff: doesn't show hand
*** SUMMARY ***
Total pot $12 | Rake $0.24
Board [2h Js 5s]
Seat 4: luxsheriff (button) (small blind) collected ($11.76)
Seat 5: TbIP-TbIP 88 (big blind) folded on the Flop


PokerStars Hand #167889700205:  Hold'em Limit ($3/$6 USD) - 2017/03/21 3:33:23 ET
Table 'Wazn' 6-max Seat #4 is the button
Seat 4: luxsheriff ($136.64 in chips)
Seat 5: TbIP-TbIP 88 ($138.08 in chips)
luxsheriff: posts small blind $1
TbIP-TbIP 88: posts big blind $3
*** HOLE CARDS ***
luxsheriff: raises $3 to $6
TbIP-TbIP 88: folds
Uncalled bet ($3) returned to luxsheriff
luxsheriff collected $6 from pot
luxsheriff: doesn't show hand
*** SUMMARY ***
Total pot $6 | Rake $0
Seat 4: luxsheriff (button) (small blind) collected ($6)
Seat 5: TbIP-TbIP 88 (big blind) folded before Flop


PokerStars Hand #167889703342:  Hold'em Limit ($3/$6 USD) - 2017/03/21 3:33:35 ET
Table 'Wazn' 6-max Seat #5 is the button
Seat 4: luxsheriff ($139.64 in chips)
Seat 5: TbIP-TbIP 88 ($135.08 in chips)
TbIP-TbIP 88: posts small blind $1
luxsheriff: posts big blind $3
*** HOLE CARDS ***
TbIP-TbIP 88: folds
Uncalled bet ($2) returned to luxsheriff
luxsheriff collected $2 from pot
luxsheriff: doesn't show hand
*** SUMMARY ***
Total pot $2 | Rake $0
Seat 4: luxsheriff (big blind) collected ($2)
Seat 5: TbIP-TbIP 88 (button) (small blind) folded before Flop


PokerStars Hand #167889706973:  Hold'em Limit ($3/$6 USD) - 2017/03/21 3:33:49 ET
Table 'Wazn' 6-max Seat #4 is the button
Seat 4: luxsheriff ($140.64 in chips)
Seat 5: TbIP-TbIP 88 ($134.08 in chips)
luxsheriff: posts small blind $1
TbIP-TbIP 88: posts big blind $3
*** HOLE CARDS ***
luxsheriff: folds
Uncalled bet ($2) returned to TbIP-TbIP 88
TbIP-TbIP 88 collected $2 from pot
TbIP-TbIP 88: doesn't show hand
*** SUMMARY ***
Total pot $2 | Rake $0
Seat 4: luxsheriff (button) (small blind) folded before Flop
Seat 5: TbIP-TbIP 88 (big blind) collected ($2)


PokerStars Hand #167889708277:  Hold'em Limit ($3/$6 USD) - 2017/03/21 3:33:54 ET
Table 'Wazn' 6-max Seat #5 is the button
Seat 4: luxsheriff ($139.64 in chips)
Seat 5: TbIP-TbIP 88 ($135.08 in chips)
TbIP-TbIP 88: posts small blind $1
luxsheriff: posts big blind $3
*** HOLE CARDS ***
TbIP-TbIP 88: raises $3 to $6
luxsheriff: calls $3
*** FLOP *** [3c Ac 6c]
luxsheriff: checks
TbIP-TbIP 88: bets $3
luxsheriff: folds
Uncalled bet ($3) returned to TbIP-TbIP 88
TbIP-TbIP 88 collected $11.76 from pot
TbIP-TbIP 88: doesn't show hand
*** SUMMARY ***
Total pot $12 | Rake $0.24
Board [3c Ac 6c]
Seat 4: luxsheriff (big blind) folded on the Flop
Seat 5: TbIP-TbIP 88 (button) (small blind) collected ($11.76)


PokerStars Hand #167889694758:  Hold'em Limit ($3/$6 USD) - 2017/03/21 3:33:02 ET
Table 'Wazn' 6-max Seat #4 is the button
Seat 4: luxsheriff ($129.88 in chips)
Seat 5: TbIP-TbIP 88 ($145.08 in chips)
luxsheriff: posts small blind $1
TbIP-TbIP 88: posts big blind $3
*** HOLE CARDS ***
luxsheriff: raises $3 to $6
TbIP-TbIP 88: calls $3
*** FLOP *** [Qs Ah 7d]
TbIP-TbIP 88: checks
luxsheriff: bets $3
TbIP-TbIP 88: folds
Uncalled bet ($3) returned to luxsheriff
luxsheriff collected $11.76 from pot
luxsheriff: doesn't show hand
*** SUMMARY ***
Total pot $12 | Rake $0.24
Board [Qs Ah 7d]
Seat 4: luxsheriff (button) (small blind) collected ($11.76)
Seat 5: TbIP-TbIP 88 (big blind) folded on the Flop


PokerStars Hand #167889698914:  Hold'em Limit ($3/$6 USD) - 2017/03/21 3:33:18 ET
Table 'Wazn' 6-max Seat #5 is the button
Seat 4: luxsheriff ($135.64 in chips)
Seat 5: TbIP-TbIP 88 ($139.08 in chips)
TbIP-TbIP 88: posts small blind $1
luxsheriff: posts big blind $3
*** HOLE CARDS ***
TbIP-TbIP 88: folds
Uncalled bet ($2) returned to luxsheriff
luxsheriff collected $2 from pot
luxsheriff: doesn't show hand
*** SUMMARY ***
Total pot $2 | Rake $0
Seat 4: luxsheriff (big blind) collected ($2)
Seat 5: TbIP-TbIP 88 (button) (small blind) folded before Flop


PokerStars Hand #167889710682:  Hold'em Limit ($3/$6 USD) - 2017/03/21 3:34:03 ET
Table 'Wazn' 6-max Seat #4 is the button
Seat 4: luxsheriff ($133.64 in chips)
Seat 5: TbIP-TbIP 88 ($140.84 in chips)
luxsheriff: posts small blind $1
TbIP-TbIP 88: posts big blind $3
*** HOLE CARDS ***
luxsheriff: raises $3 to $6
TbIP-TbIP 88: folds
Uncalled bet ($3) returned to luxsheriff
luxsheriff collected $6 from pot
luxsheriff: doesn't show hand
*** SUMMARY ***
Total pot $6 | Rake $0
Seat 4: luxsheriff (button) (small blind) collected ($6)
Seat 5: TbIP-TbIP 88 (big blind) folded before Flop


PokerStars Hand #167889713771:  Hold'em Limit ($3/$6 USD) - 2017/03/21 3:34:15 ET
Table 'Wazn' 6-max Seat #5 is the button
Seat 4: luxsheriff ($136.64 in chips)
Seat 5: TbIP-TbIP 88 ($137.84 in chips)
TbIP-TbIP 88: posts small blind $1
luxsheriff: posts big blind $3
*** HOLE CARDS ***
TbIP-TbIP 88: raises $3 to $6
luxsheriff: calls $3
*** FLOP *** [4d 8d 5c]
luxsheriff: checks
TbIP-TbIP 88: bets $3
luxsheriff: calls $3
*** TURN *** [4d 8d 5c] [Jc]
luxsheriff: checks
TbIP-TbIP 88: checks
*** RIVER *** [4d 8d 5c Jc] [7d]
luxsheriff: bets $6
TbIP-TbIP 88: raises $6 to $12
luxsheriff: folds
Uncalled bet ($6) returned to TbIP-TbIP 88
TbIP-TbIP 88 collected $29.50 from pot
TbIP-TbIP 88: doesn't show hand
*** SUMMARY ***
Total pot $30 | Rake $0.50
Board [4d 8d 5c Jc 7d]
Seat 4: luxsheriff (big blind) folded on the River
Seat 5: TbIP-TbIP 88 (button) (small blind) collected ($29.50)


PokerStars Hand #167889718457:  Hold'em Limit ($3/$6 USD) - 2017/03/21 3:34:33 ET
Table 'Wazn' 6-max Seat #4 is the button
Seat 4: luxsheriff ($121.64 in chips)
Seat 5: TbIP-TbIP 88 ($152.34 in chips)
luxsheriff: posts small blind $1
TbIP-TbIP 88: posts big blind $3
*** HOLE CARDS ***
luxsheriff: raises $3 to $6
TbIP-TbIP 88: calls $3
*** FLOP *** [Ad 6d Ah]
TbIP-TbIP 88: checks
luxsheriff: bets $3
TbIP-TbIP 88: calls $3
*** TURN *** [Ad 6d Ah] [7c]
TbIP-TbIP 88: checks
luxsheriff: bets $6
TbIP-TbIP 88: calls $6
*** RIVER *** [Ad 6d Ah 7c] [2h]
TbIP-TbIP 88: checks
luxsheriff: bets $6
TbIP-TbIP 88: calls $6
*** SHOW DOWN ***
luxsheriff: shows [4s 4h] (two pair, Aces and Fours)
TbIP-TbIP 88: mucks hand
luxsheriff collected $41.50 from pot
*** SUMMARY ***
Total pot $42 | Rake $0.50
Board [Ad 6d Ah 7c 2h]
Seat 4: luxsheriff (button) (small blind) showed [4s 4h] and won ($41.50) with two pair, Aces and Fours
Seat 5: TbIP-TbIP 88 (big blind) mucked


PokerStars Hand #167889722395:  Hold'em Limit ($3/$6 USD) - 2017/03/21 3:34:48 ET
Table 'Wazn' 6-max Seat #5 is the button
Seat 4: luxsheriff ($142.14 in chips)
Seat 5: TbIP-TbIP 88 ($131.34 in chips)
TbIP-TbIP 88: posts small blind $1
luxsheriff: posts big blind $3
*** HOLE CARDS ***
TbIP-TbIP 88: raises $3 to $6
luxsheriff: raises $3 to $9
TbIP-TbIP 88: calls $3
*** FLOP *** [4h 5h 3h]
luxsheriff: bets $3
TbIP-TbIP 88: calls $3
*** TURN *** [4h 5h 3h] [7c]
luxsheriff: bets $6
TbIP-TbIP 88: raises $6 to $12
luxsheriff: raises $6 to $18
TbIP-TbIP 88: raises $6 to $24
Betting is capped
luxsheriff: calls $6
*** RIVER *** [4h 5h 3h 7c] [Qc]
luxsheriff: checks
TbIP-TbIP 88: bets $6
luxsheriff: folds
Uncalled bet ($6) returned to TbIP-TbIP 88
TbIP-TbIP 88 collected $71.50 from pot
TbIP-TbIP 88: doesn't show hand
*** SUMMARY ***
Total pot $72 | Rake $0.50
Board [4h 5h 3h 7c Qc]
Seat 4: luxsheriff (big blind) folded on the River
Seat 5: TbIP-TbIP 88 (button) (small blind) collected ($71.50)


PokerStars Hand #167889730778:  Hold'em Limit ($3/$6 USD) - 2017/03/21 3:35:20 ET
Table 'Wazn' 6-max Seat #4 is the button
Seat 4: luxsheriff ($106.14 in chips)
Seat 5: TbIP-TbIP 88 ($166.84 in chips)
luxsheriff: posts small blind $1
TbIP-TbIP 88: posts big blind $3
*** HOLE CARDS ***
luxsheriff: raises $3 to $6
TbIP-TbIP 88: calls $3
*** FLOP *** [Ah 9h 7c]
TbIP-TbIP 88: checks
luxsheriff: bets $3
TbIP-TbIP 88: folds
Uncalled bet ($3) returned to luxsheriff
luxsheriff collected $11.76 from pot
luxsheriff: doesn't show hand
*** SUMMARY ***
Total pot $12 | Rake $0.24
Board [Ah 9h 7c]
Seat 4: luxsheriff (button) (small blind) collected ($11.76)
Seat 5: TbIP-TbIP 88 (big blind) folded on the Flop


PokerStars Hand #167889733678:  Hold'em Limit ($3/$6 USD) - 2017/03/21 3:35:31 ET
Table 'Wazn' 6-max Seat #5 is the button
Seat 4: luxsheriff ($111.90 in chips)
Seat 5: TbIP-TbIP 88 ($160.84 in chips)
TbIP-TbIP 88: posts small blind $1
luxsheriff: posts big blind $3
*** HOLE CARDS ***
TbIP-TbIP 88: raises $3 to $6
luxsheriff: raises $3 to $9
TbIP-TbIP 88: calls $3
*** FLOP *** [Ah 9s Qd]
luxsheriff: bets $3
TbIP-TbIP 88: calls $3
*** TURN *** [Ah 9s Qd] [6c]
luxsheriff: bets $6
TbIP-TbIP 88: calls $6
*** RIVER *** [Ah 9s Qd 6c] [7h]
luxsheriff: bets $6
TbIP-TbIP 88: calls $6
*** SHOW DOWN ***
luxsheriff: shows [9c Ad] (two pair, Aces and Nines)
TbIP-TbIP 88: mucks hand
luxsheriff collected $47.50 from pot
*** SUMMARY ***
Total pot $48 | Rake $0.50
Board [Ah 9s Qd 6c 7h]
Seat 4: luxsheriff (big blind) showed [9c Ad] and won ($47.50) with two pair, Aces and Nines
Seat 5: TbIP-TbIP 88 (button) (small blind) mucked


PokerStars Hand #167889737563:  Hold'em Limit ($3/$6 USD) - 2017/03/21 3:35:46 ET
Table 'Wazn' 6-max Seat #4 is the button
Seat 4: luxsheriff ($135.40 in chips)
Seat 5: TbIP-TbIP 88 ($136.84 in chips)
luxsheriff: posts small blind $1
TbIP-TbIP 88: posts big blind $3
*** HOLE CARDS ***
luxsheriff: raises $3 to $6
TbIP-TbIP 88: calls $3
*** FLOP *** [5d 2c 7s]
TbIP-TbIP 88: checks
luxsheriff: bets $3
TbIP-TbIP 88: calls $3
*** TURN *** [5d 2c 7s] [4h]
TbIP-TbIP 88: checks
luxsheriff: bets $6
TbIP-TbIP 88: calls $6
*** RIVER *** [5d 2c 7s 4h] [2s]
TbIP-TbIP 88: checks
luxsheriff: checks
*** SHOW DOWN ***
TbIP-TbIP 88: shows [5s 6h] (two pair, Fives and Deuces)
luxsheriff: mucks hand
TbIP-TbIP 88 collected $29.50 from pot
*** SUMMARY ***
Total pot $30 | Rake $0.50
Board [5d 2c 7s 4h 2s]
Seat 4: luxsheriff (button) (small blind) mucked
Seat 5: TbIP-TbIP 88 (big blind) showed [5s 6h] and won ($29.50) with two pair, Fives and Deuces


PokerStars Hand #167889745725:  Hold'em Limit ($3/$6 USD) - 2017/03/21 3:36:17 ET
Table 'Wazn' 6-max Seat #4 is the button
Seat 4: luxsheriff ($134.90 in chips)
Seat 5: TbIP-TbIP 88 ($136.34 in chips)
luxsheriff: posts small blind $1
TbIP-TbIP 88: posts big blind $3
*** HOLE CARDS ***
luxsheriff: raises $3 to $6
TbIP-TbIP 88: calls $3
*** FLOP *** [Kd 5s 9s]
TbIP-TbIP 88: checks
luxsheriff: bets $3
TbIP-TbIP 88: calls $3
*** TURN *** [Kd 5s 9s] [7s]
TbIP-TbIP 88: checks
luxsheriff: bets $6
TbIP-TbIP 88: calls $6
*** RIVER *** [Kd 5s 9s 7s] [Kh]
TbIP-TbIP 88: checks
luxsheriff: bets $6
TbIP-TbIP 88: calls $6
*** SHOW DOWN ***
luxsheriff: shows [Qs Ks] (a flush, King high)
TbIP-TbIP 88: mucks hand
luxsheriff collected $41.50 from pot
*** SUMMARY ***
Total pot $42 | Rake $0.50
Board [Kd 5s 9s 7s Kh]
Seat 4: luxsheriff (button) (small blind) showed [Qs Ks] and won ($41.50) with a flush, King high
Seat 5: TbIP-TbIP 88 (big blind) mucked


PokerStars Hand #167889741877:  Hold'em Limit ($3/$6 USD) - 2017/03/21 3:36:02 ET
Table 'Wazn' 6-max Seat #5 is the button
Seat 4: luxsheriff ($120.40 in chips)
Seat 5: TbIP-TbIP 88 ($151.34 in chips)
TbIP-TbIP 88: posts small blind $1
luxsheriff: posts big blind $3
*** HOLE CARDS ***
TbIP-TbIP 88: raises $3 to $6
luxsheriff: calls $3
*** FLOP *** [5c Jh Kd]
luxsheriff: checks
TbIP-TbIP 88: bets $3
luxsheriff: calls $3
*** TURN *** [5c Jh Kd] [6d]
luxsheriff: checks
TbIP-TbIP 88: checks
*** RIVER *** [5c Jh Kd 6d] [5h]
luxsheriff: bets $6
TbIP-TbIP 88: calls $6
*** SHOW DOWN ***
luxsheriff: shows [Qh 5s] (three of a kind, Fives)
TbIP-TbIP 88: mucks hand
luxsheriff collected $29.50 from pot
*** SUMMARY ***
Total pot $30 | Rake $0.50
Board [5c Jh Kd 6d 5h]
Seat 4: luxsheriff (big blind) showed [Qh 5s] and won ($29.50) with three of a kind, Fives
Seat 5: TbIP-TbIP 88 (button) (small blind) mucked


PokerStars Hand #167889753134:  Hold'em Limit ($3/$6 USD) - 2017/03/21 3:36:46 ET
Table 'Wazn' 6-max Seat #5 is the button
Seat 4: luxsheriff ($155.40 in chips)
Seat 5: TbIP-TbIP 88 ($115.34 in chips)
TbIP-TbIP 88: posts small blind $1
luxsheriff: posts big blind $3
*** HOLE CARDS ***
TbIP-TbIP 88: raises $3 to $6
luxsheriff: calls $3
*** FLOP *** [8h 3s 3c]
luxsheriff: checks
TbIP-TbIP 88: bets $3
luxsheriff: calls $3
*** TURN *** [8h 3s 3c] [7s]
luxsheriff: checks
TbIP-TbIP 88: checks
*** RIVER *** [8h 3s 3c 7s] [9h]
luxsheriff: bets $6
TbIP-TbIP 88: calls $6
*** SHOW DOWN ***
luxsheriff: shows [Tc 6s] (a straight, Six to Ten)
TbIP-TbIP 88: mucks hand
luxsheriff collected $29.50 from pot
*** SUMMARY ***
Total pot $30 | Rake $0.50
Board [8h 3s 3c 7s 9h]
Seat 4: luxsheriff (big blind) showed [Tc 6s] and won ($29.50) with a straight, Six to Ten
Seat 5: TbIP-TbIP 88 (button) (small blind) mucked


PokerStars Hand #167889757075:  Hold'em Limit ($3/$6 USD) - 2017/03/21 3:37:01 ET
Table 'Wazn' 6-max Seat #4 is the button
Seat 4: luxsheriff ($169.90 in chips)
Seat 5: TbIP-TbIP 88 ($100.34 in chips)
luxsheriff: posts small blind $1
TbIP-TbIP 88: posts big blind $3
*** HOLE CARDS ***
luxsheriff: raises $3 to $6
TbIP-TbIP 88: calls $3
*** FLOP *** [5s 3c Qh]
TbIP-TbIP 88: checks
luxsheriff: bets $3
TbIP-TbIP 88: calls $3
*** TURN *** [5s 3c Qh] [Kh]
TbIP-TbIP 88: checks
luxsheriff: checks
*** RIVER *** [5s 3c Qh Kh] [Ad]
TbIP-TbIP 88: checks
luxsheriff: bets $6
TbIP-TbIP 88: raises $6 to $12
luxsheriff: calls $6
*** SHOW DOWN ***
TbIP-TbIP 88: shows [As 5h] (two pair, Aces and Fives)
luxsheriff: mucks hand
TbIP-TbIP 88 collected $41.50 from pot
*** SUMMARY ***
Total pot $42 | Rake $0.50
Board [5s 3c Qh Kh Ad]
Seat 4: luxsheriff (button) (small blind) mucked
Seat 5: TbIP-TbIP 88 (big blind) showed [As 5h] and won ($41.50) with two pair, Aces and Fives


PokerStars Hand #167889761870:  Hold'em Limit ($3/$6 USD) - 2017/03/21 3:37:19 ET
Table 'Wazn' 6-max Seat #5 is the button
Seat 4: luxsheriff ($148.90 in chips)
Seat 5: TbIP-TbIP 88 ($120.84 in chips)
TbIP-TbIP 88: posts small blind $1
luxsheriff: posts big blind $3
*** HOLE CARDS ***
TbIP-TbIP 88: raises $3 to $6
luxsheriff: calls $3
*** FLOP *** [Qh 5c Ad]
luxsheriff: checks
TbIP-TbIP 88: bets $3
luxsheriff: calls $3
*** TURN *** [Qh 5c Ad] [9d]
luxsheriff: checks
TbIP-TbIP 88: bets $6
luxsheriff: calls $6
*** RIVER *** [Qh 5c Ad 9d] [Kd]
luxsheriff: checks
TbIP-TbIP 88: bets $6
luxsheriff: calls $6
*** SHOW DOWN ***
TbIP-TbIP 88: shows [Th As] (a pair of Aces)
luxsheriff: mucks hand
TbIP-TbIP 88 collected $41.50 from pot
*** SUMMARY ***
Total pot $42 | Rake $0.50
Board [Qh 5c Ad 9d Kd]
Seat 4: luxsheriff (big blind) mucked
Seat 5: TbIP-TbIP 88 (button) (small blind) showed [Th As] and won ($41.50) with a pair of Aces


PokerStars Hand #167889771542:  Hold'em Limit ($3/$6 USD) - 2017/03/21 3:37:57 ET
Table 'Wazn' 6-max Seat #4 is the button
Seat 4: luxsheriff ($127.90 in chips)
Seat 5: TbIP-TbIP 88 ($141.34 in chips)
luxsheriff: posts small blind $1
TbIP-TbIP 88: posts big blind $3
*** HOLE CARDS ***
luxsheriff: folds
Uncalled bet ($2) returned to TbIP-TbIP 88
TbIP-TbIP 88 collected $2 from pot
TbIP-TbIP 88: doesn't show hand
*** SUMMARY ***
Total pot $2 | Rake $0
Seat 4: luxsheriff (button) (small blind) folded before Flop
Seat 5: TbIP-TbIP 88 (big blind) collected ($2)


PokerStars Hand #167889784296:  Hold'em Limit ($3/$6 USD) - 2017/03/21 3:38:47 ET
Table 'Wazn' 6-max Seat #4 is the button
Seat 4: luxsheriff ($114.90 in chips)
Seat 5: TbIP-TbIP 88 ($153.86 in chips)
luxsheriff: posts small blind $1
TbIP-TbIP 88: posts big blind $3
*** HOLE CARDS ***
luxsheriff: raises $3 to $6
TbIP-TbIP 88: calls $3
*** FLOP *** [9d Jh Tc]
TbIP-TbIP 88: checks
luxsheriff: bets $3
TbIP-TbIP 88: raises $3 to $6
luxsheriff: raises $3 to $9
TbIP-TbIP 88: calls $3
*** TURN *** [9d Jh Tc] [6c]
TbIP-TbIP 88: checks
luxsheriff: bets $6
TbIP-TbIP 88: calls $6
*** RIVER *** [9d Jh Tc 6c] [7d]
TbIP-TbIP 88: checks
luxsheriff: bets $6
TbIP-TbIP 88: calls $6
*** SHOW DOWN ***
luxsheriff: shows [6h 8c] (a straight, Seven to Jack)
TbIP-TbIP 88: mucks hand
luxsheriff collected $53.50 from pot
*** SUMMARY ***
Total pot $54 | Rake $0.50
Board [9d Jh Tc 6c 7d]
Seat 4: luxsheriff (button) (small blind) showed [6h 8c] and won ($53.50) with a straight, Seven to Jack
Seat 5: TbIP-TbIP 88 (big blind) mucked


PokerStars Hand #167889781877:  Hold'em Limit ($3/$6 USD) - 2017/03/21 3:38:37 ET
Table 'Wazn' 6-max Seat #5 is the button
Seat 4: luxsheriff ($113.90 in chips)
Seat 5: TbIP-TbIP 88 ($154.86 in chips)
TbIP-TbIP 88: posts small blind $1
luxsheriff: posts big blind $3
*** HOLE CARDS ***
TbIP-TbIP 88: folds
Uncalled bet ($2) returned to luxsheriff
luxsheriff collected $2 from pot
luxsheriff: doesn't show hand
*** SUMMARY ***
Total pot $2 | Rake $0
Seat 4: luxsheriff (big blind) collected ($2)
Seat 5: TbIP-TbIP 88 (button) (small blind) folded before Flop


PokerStars Hand #167889772874:  Hold'em Limit ($3/$6 USD) - 2017/03/21 3:38:02 ET
Table 'Wazn' 6-max Seat #5 is the button
Seat 4: luxsheriff ($126.90 in chips)
Seat 5: TbIP-TbIP 88 ($142.34 in chips)
TbIP-TbIP 88: posts small blind $1
luxsheriff: posts big blind $3
*** HOLE CARDS ***
TbIP-TbIP 88: raises $3 to $6
luxsheriff: raises $3 to $9
TbIP-TbIP 88: calls $3
*** FLOP *** [Qc Jh 9h]
luxsheriff: bets $3
TbIP-TbIP 88: raises $3 to $6
luxsheriff: folds
Uncalled bet ($3) returned to TbIP-TbIP 88
TbIP-TbIP 88 collected $23.52 from pot
TbIP-TbIP 88: doesn't show hand
*** SUMMARY ***
Total pot $24 | Rake $0.48
Board [Qc Jh 9h]
Seat 4: luxsheriff (big blind) folded on the Flop
Seat 5: TbIP-TbIP 88 (button) (small blind) collected ($23.52)


PokerStars Hand #167889780496:  Hold'em Limit ($3/$6 USD) - 2017/03/21 3:38:32 ET
Table 'Wazn' 6-max Seat #4 is the button
Seat 4: luxsheriff ($114.90 in chips)
Seat 5: TbIP-TbIP 88 ($153.86 in chips)
luxsheriff: posts small blind $1
TbIP-TbIP 88: posts big blind $3
*** HOLE CARDS ***
luxsheriff: folds
Uncalled bet ($2) returned to TbIP-TbIP 88
TbIP-TbIP 88 collected $2 from pot
TbIP-TbIP 88: doesn't show hand
*** SUMMARY ***
Total pot $2 | Rake $0
Seat 4: luxsheriff (button) (small blind) folded before Flop
Seat 5: TbIP-TbIP 88 (big blind) collected ($2)


PokerStars Hand #167889790384:  Hold'em Limit ($3/$6 USD) - 2017/03/21 3:39:10 ET
Table 'Wazn' 6-max Seat #5 is the button
Seat 4: luxsheriff ($141.40 in chips)
Seat 5: TbIP-TbIP 88 ($126.86 in chips)
TbIP-TbIP 88: posts small blind $1
luxsheriff: posts big blind $3
*** HOLE CARDS ***
TbIP-TbIP 88: raises $3 to $6
luxsheriff: raises $3 to $9
TbIP-TbIP 88: calls $3
*** FLOP *** [Td Kc Kd]
luxsheriff: bets $3
TbIP-TbIP 88: folds
Uncalled bet ($3) returned to luxsheriff
luxsheriff collected $17.64 from pot
luxsheriff: doesn't show hand
*** SUMMARY ***
Total pot $18 | Rake $0.36
Board [Td Kc Kd]
Seat 4: luxsheriff (big blind) collected ($17.64)
Seat 5: TbIP-TbIP 88 (button) (small blind) folded on the Flop


PokerStars Hand #167889797332:  Hold'em Limit ($3/$6 USD) - 2017/03/21 3:39:36 ET
Table 'Wazn' 6-max Seat #4 is the button
Seat 4: luxsheriff ($150.04 in chips)
Seat 5: TbIP-TbIP 88 ($117.86 in chips)
luxsheriff: posts small blind $1
TbIP-TbIP 88: posts big blind $3
*** HOLE CARDS ***
luxsheriff: raises $3 to $6
TbIP-TbIP 88: calls $3
*** FLOP *** [Th As 3s]
TbIP-TbIP 88: checks
luxsheriff: bets $3
TbIP-TbIP 88: raises $3 to $6
luxsheriff: calls $3
*** TURN *** [Th As 3s] [6s]
TbIP-TbIP 88: checks
luxsheriff: checks
*** RIVER *** [Th As 3s 6s] [7d]
TbIP-TbIP 88: bets $6
luxsheriff: folds
Uncalled bet ($6) returned to TbIP-TbIP 88
TbIP-TbIP 88 collected $23.52 from pot
TbIP-TbIP 88: doesn't show hand
*** SUMMARY ***
Total pot $24 | Rake $0.48
Board [Th As 3s 6s 7d]
Seat 4: luxsheriff (button) (small blind) folded on the River
Seat 5: TbIP-TbIP 88 (big blind) collected ($23.52)


PokerStars Hand #167889802439:  Hold'em Limit ($3/$6 USD) - 2017/03/21 3:39:56 ET
Table 'Wazn' 6-max Seat #5 is the button
Seat 4: luxsheriff ($138.04 in chips)
Seat 5: TbIP-TbIP 88 ($129.38 in chips)
TbIP-TbIP 88: posts small blind $1
luxsheriff: posts big blind $3
*** HOLE CARDS ***
TbIP-TbIP 88: raises $3 to $6
luxsheriff: raises $3 to $9
TbIP-TbIP 88: calls $3
*** FLOP *** [2c 6s Ks]
luxsheriff: bets $3
TbIP-TbIP 88: calls $3
*** TURN *** [2c 6s Ks] [5c]
luxsheriff: bets $6
TbIP-TbIP 88: calls $6
*** RIVER *** [2c 6s Ks 5c] [9c]
luxsheriff: bets $6
TbIP-TbIP 88: calls $6
*** SHOW DOWN ***
luxsheriff: shows [3c 3h] (a pair of Threes)
TbIP-TbIP 88: shows [4c 4h] (a pair of Fours)
TbIP-TbIP 88 collected $47.50 from pot
*** SUMMARY ***
Total pot $48 | Rake $0.50
Board [2c 6s Ks 5c 9c]
Seat 4: luxsheriff (big blind) showed [3c 3h] and lost with a pair of Threes
Seat 5: TbIP-TbIP 88 (button) (small blind) showed [4c 4h] and won ($47.50) with a pair of Fours


PokerStars Hand #167889814207:  Hold'em Limit ($3/$6 USD) - 2017/03/21 3:40:41 ET
Table 'Wazn' 6-max Seat #5 is the button
Seat 4: luxsheriff ($90.04 in chips)
Seat 5: TbIP-TbIP 88 ($176.38 in chips)
TbIP-TbIP 88: posts small blind $1
luxsheriff: posts big blind $3
*** HOLE CARDS ***
TbIP-TbIP 88: raises $3 to $6
luxsheriff: raises $3 to $9
TbIP-TbIP 88: calls $3
*** FLOP *** [9s 4c 6d]
luxsheriff: bets $3
TbIP-TbIP 88: calls $3
*** TURN *** [9s 4c 6d] [2s]
luxsheriff: bets $6
TbIP-TbIP 88: raises $6 to $12
luxsheriff: raises $6 to $18
TbIP-TbIP 88: raises $6 to $24
Betting is capped
luxsheriff: calls $6
*** RIVER *** [9s 4c 6d 2s] [Ah]
luxsheriff: checks
TbIP-TbIP 88: bets $6
luxsheriff: calls $6
*** SHOW DOWN ***
TbIP-TbIP 88: shows [6s 6h] (three of a kind, Sixes)
luxsheriff: mucks hand
TbIP-TbIP 88 collected $83.50 from pot
*** SUMMARY ***
Total pot $84 | Rake $0.50
Board [9s 4c 6d 2s Ah]
Seat 4: luxsheriff (big blind) mucked
Seat 5: TbIP-TbIP 88 (button) (small blind) showed [6s 6h] and won ($83.50) with three of a kind, Sixes


PokerStars Hand #167889805995:  Hold'em Limit ($3/$6 USD) - 2017/03/21 3:40:10 ET
Table 'Wazn' 6-max Seat #4 is the button
Seat 4: luxsheriff ($114.04 in chips)
Seat 5: TbIP-TbIP 88 ($152.88 in chips)
luxsheriff: posts small blind $1
TbIP-TbIP 88: posts big blind $3
*** HOLE CARDS ***
luxsheriff: raises $3 to $6
TbIP-TbIP 88: calls $3
*** FLOP *** [8d 3s Ac]
TbIP-TbIP 88: checks
luxsheriff: bets $3
TbIP-TbIP 88: raises $3 to $6
luxsheriff: calls $3
*** TURN *** [8d 3s Ac] [As]
TbIP-TbIP 88: bets $6
luxsheriff: calls $6
*** RIVER *** [8d 3s Ac As] [5d]
TbIP-TbIP 88: bets $6
luxsheriff: calls $6
*** SHOW DOWN ***
TbIP-TbIP 88: shows [5h Ah] (a full house, Aces full of Fives)
luxsheriff: mucks hand
TbIP-TbIP 88 collected $47.50 from pot
*** SUMMARY ***
Total pot $48 | Rake $0.50
Board [8d 3s Ac As 5d]
Seat 4: luxsheriff (button) (small blind) mucked
Seat 5: TbIP-TbIP 88 (big blind) showed [5h Ah] and won ($47.50) with a full house, Aces full of Fives


PokerStars Hand #167889821114:  Hold'em Limit ($3/$6 USD) - 2017/03/21 3:41:08 ET
Table 'Wazn' 6-max Seat #4 is the button
Seat 4: luxsheriff ($48.04 in chips)
Seat 5: TbIP-TbIP 88 ($217.88 in chips)
luxsheriff: posts small blind $1
TbIP-TbIP 88: posts big blind $3
*** HOLE CARDS ***
luxsheriff: raises $3 to $6
TbIP-TbIP 88: calls $3
*** FLOP *** [Kd 5c 6s]
TbIP-TbIP 88: checks
luxsheriff: bets $3
TbIP-TbIP 88: calls $3
*** TURN *** [Kd 5c 6s] [5s]
TbIP-TbIP 88: checks
luxsheriff: bets $6
TbIP-TbIP 88: raises $6 to $12
luxsheriff: calls $6
*** RIVER *** [Kd 5c 6s 5s] [Qd]
TbIP-TbIP 88: bets $6
luxsheriff: folds
Uncalled bet ($6) returned to TbIP-TbIP 88
TbIP-TbIP 88 collected $41.50 from pot
TbIP-TbIP 88: doesn't show hand
*** SUMMARY ***
Total pot $42 | Rake $0.50
Board [Kd 5c 6s 5s Qd]
Seat 4: luxsheriff (button) (small blind) folded on the River
Seat 5: TbIP-TbIP 88 (big blind) collected ($41.50)


PokerStars Hand #167889826549:  Hold'em Limit ($3/$6 USD) - 2017/03/21 3:41:29 ET
Table 'Wazn' 6-max Seat #5 is the button
Seat 4: luxsheriff ($27.04 in chips)
Seat 5: TbIP-TbIP 88 ($238.38 in chips)
TbIP-TbIP 88: posts small blind $1
luxsheriff: posts big blind $3
*** HOLE CARDS ***
TbIP-TbIP 88: raises $3 to $6
luxsheriff: calls $3
*** FLOP *** [5h Td 2d]
luxsheriff: checks
TbIP-TbIP 88: bets $3
luxsheriff: calls $3
*** TURN *** [5h Td 2d] [Ad]
luxsheriff: checks
TbIP-TbIP 88: checks
*** RIVER *** [5h Td 2d Ad] [Qh]
luxsheriff: bets $6
TbIP-TbIP 88: raises $6 to $12
luxsheriff: raises $6 to $18
TbIP-TbIP 88: raises $6 to $24
Betting is capped
luxsheriff: calls $0.04 and is all-in
Uncalled bet ($5.96) returned to TbIP-TbIP 88
*** SHOW DOWN ***
TbIP-TbIP 88: shows [Kd Js] (a straight, Ten to Ace)
luxsheriff: shows [6d As] (a pair of Aces)
TbIP-TbIP 88 collected $53.58 from pot
*** SUMMARY ***
Total pot $54.08 | Rake $0.50
Board [5h Td 2d Ad Qh]
Seat 4: luxsheriff (big blind) showed [6d As] and lost with a pair of Aces
Seat 5: TbIP-TbIP 88 (button) (small blind) showed [Kd Js] and won ($53.58) with a straight, Ten to Ace


PokerStars Hand #167889840607:  Hold'em Limit ($3/$6 USD) - 2017/03/21 3:42:23 ET
Table 'Wazn' 6-max Seat #4 is the button
Seat 4: luxsheriff ($105.12 in chips)
Seat 5: TbIP-TbIP 88 ($264.92 in chips)
luxsheriff: posts small blind $1
TbIP-TbIP 88: posts big blind $3
*** HOLE CARDS ***
luxsheriff: raises $3 to $6
TbIP-TbIP 88: calls $3
*** FLOP *** [9d 4h Qc]
TbIP-TbIP 88: checks
luxsheriff: bets $3
TbIP-TbIP 88: calls $3
*** TURN *** [9d 4h Qc] [8c]
TbIP-TbIP 88: checks
luxsheriff: bets $6
TbIP-TbIP 88: calls $6
*** RIVER *** [9d 4h Qc 8c] [3h]
TbIP-TbIP 88: checks
luxsheriff: bets $6
TbIP-TbIP 88: calls $6
*** SHOW DOWN ***
luxsheriff: shows [6c 6s] (a pair of Sixes)
TbIP-TbIP 88: mucks hand
luxsheriff collected $41.50 from pot
*** SUMMARY ***
Total pot $42 | Rake $0.50
Board [9d 4h Qc 8c 3h]
Seat 4: luxsheriff (button) (small blind) showed [6c 6s] and won ($41.50) with a pair of Sixes
Seat 5: TbIP-TbIP 88 (big blind) mucked


PokerStars Hand #167889845234:  Hold'em Limit ($3/$6 USD) - 2017/03/21 3:42:41 ET
Table 'Wazn' 6-max Seat #5 is the button
Seat 4: luxsheriff ($125.62 in chips)
Seat 5: TbIP-TbIP 88 ($243.92 in chips)
TbIP-TbIP 88: posts small blind $1
luxsheriff: posts big blind $3
*** HOLE CARDS ***
TbIP-TbIP 88: folds
Uncalled bet ($2) returned to luxsheriff
luxsheriff collected $2 from pot
luxsheriff: doesn't show hand
*** SUMMARY ***
Total pot $2 | Rake $0
Seat 4: luxsheriff (big blind) collected ($2)
Seat 5: TbIP-TbIP 88 (button) (small blind) folded before Flop


PokerStars Hand #167889846654:  Hold'em Limit ($3/$6 USD) - 2017/03/21 3:42:46 ET
Table 'Wazn' 6-max Seat #4 is the button
Seat 4: luxsheriff ($126.62 in chips)
Seat 5: TbIP-TbIP 88 ($242.92 in chips)
luxsheriff: posts small blind $1
TbIP-TbIP 88: posts big blind $3
*** HOLE CARDS ***
luxsheriff: raises $3 to $6
TbIP-TbIP 88: calls $3
*** FLOP *** [Jh Qc Kh]
TbIP-TbIP 88: checks
luxsheriff: bets $3
TbIP-TbIP 88: calls $3
*** TURN *** [Jh Qc Kh] [Ac]
TbIP-TbIP 88: checks
luxsheriff: bets $6
TbIP-TbIP 88: calls $6
*** RIVER *** [Jh Qc Kh Ac] [6d]
TbIP-TbIP 88: checks
luxsheriff: bets $6
TbIP-TbIP 88: calls $6
*** SHOW DOWN ***
luxsheriff: shows [Qh 9h] (a pair of Queens)
TbIP-TbIP 88: shows [Ad 4c] (a pair of Aces)
TbIP-TbIP 88 collected $41.50 from pot
*** SUMMARY ***
Total pot $42 | Rake $0.50
Board [Jh Qc Kh Ac 6d]
Seat 4: luxsheriff (button) (small blind) showed [Qh 9h] and lost with a pair of Queens
Seat 5: TbIP-TbIP 88 (big blind) showed [Ad 4c] and won ($41.50) with a pair of Aces


PokerStars Hand #167889852835:  Hold'em Limit ($3/$6 USD) - 2017/03/21 3:43:10 ET
Table 'Wazn' 6-max Seat #5 is the button
Seat 4: luxsheriff ($105.62 in chips)
Seat 5: TbIP-TbIP 88 ($263.42 in chips)
TbIP-TbIP 88: posts small blind $1
luxsheriff: posts big blind $3
*** HOLE CARDS ***
TbIP-TbIP 88: raises $3 to $6
luxsheriff: raises $3 to $9
TbIP-TbIP 88: calls $3
*** FLOP *** [3h 3s Kc]
luxsheriff: bets $3
TbIP-TbIP 88: calls $3
*** TURN *** [3h 3s Kc] [6d]
luxsheriff: bets $6
TbIP-TbIP 88: calls $6
*** RIVER *** [3h 3s Kc 6d] [Kh]
luxsheriff: bets $6
TbIP-TbIP 88: folds
Uncalled bet ($6) returned to luxsheriff
luxsheriff collected $35.50 from pot
luxsheriff: doesn't show hand
*** SUMMARY ***
Total pot $36 | Rake $0.50
Board [3h 3s Kc 6d Kh]
Seat 4: luxsheriff (big blind) collected ($35.50)
Seat 5: TbIP-TbIP 88 (button) (small blind) folded on the River


PokerStars Hand #167889860963:  Hold'em Limit ($3/$6 USD) - 2017/03/21 3:43:41 ET
Table 'Wazn' 6-max Seat #4 is the button
Seat 4: luxsheriff ($123.12 in chips)
Seat 5: TbIP-TbIP 88 ($245.42 in chips)
luxsheriff: posts small blind $1
TbIP-TbIP 88: posts big blind $3
*** HOLE CARDS ***
luxsheriff: raises $3 to $6
TbIP-TbIP 88: calls $3
*** FLOP *** [4s 6d 9h]
TbIP-TbIP 88: checks
luxsheriff: bets $3
TbIP-TbIP 88: calls $3
*** TURN *** [4s 6d 9h] [Kd]
TbIP-TbIP 88: checks
luxsheriff: checks
*** RIVER *** [4s 6d 9h Kd] [Qs]
TbIP-TbIP 88: checks
luxsheriff: checks
*** SHOW DOWN ***
TbIP-TbIP 88: shows [7d 6h] (a pair of Sixes)
luxsheriff: mucks hand
TbIP-TbIP 88 collected $17.64 from pot
*** SUMMARY ***
Total pot $18 | Rake $0.36
Board [4s 6d 9h Kd Qs]
Seat 4: luxsheriff (button) (small blind) mucked
Seat 5: TbIP-TbIP 88 (big blind) showed [7d 6h] and won ($17.64) with a pair of Sixes


PokerStars Hand #167889879949:  Hold'em Limit ($3/$6 USD) - 2017/03/21 3:44:52 ET
Table 'Wazn' 6-max Seat #5 is the button
Seat 4: luxsheriff ($123.52 in chips)
Seat 5: TbIP-TbIP 88 ($243.82 in chips)
TbIP-TbIP 88: posts small blind $1
luxsheriff: posts big blind $3
*** HOLE CARDS ***
TbIP-TbIP 88: raises $3 to $6
luxsheriff: calls $3
*** FLOP *** [3c 8s 5h]
luxsheriff: checks
TbIP-TbIP 88: bets $3
luxsheriff: calls $3
*** TURN *** [3c 8s 5h] [Ts]
luxsheriff: checks
TbIP-TbIP 88: checks
*** RIVER *** [3c 8s 5h Ts] [Qs]
luxsheriff: checks
TbIP-TbIP 88: checks
*** SHOW DOWN ***
luxsheriff: shows [As 3d] (a pair of Threes)
TbIP-TbIP 88: mucks hand
luxsheriff collected $17.64 from pot
*** SUMMARY ***
Total pot $18 | Rake $0.36
Board [3c 8s 5h Ts Qs]
Seat 4: luxsheriff (big blind) showed [As 3d] and won ($17.64) with a pair of Threes
Seat 5: TbIP-TbIP 88 (button) (small blind) mucked


PokerStars Hand #167889875328:  Hold'em Limit ($3/$6 USD) - 2017/03/21 3:44:35 ET
Table 'Wazn' 6-max Seat #4 is the button
Seat 4: luxsheriff ($117.76 in chips)
Seat 5: TbIP-TbIP 88 ($249.82 in chips)
luxsheriff: posts small blind $1
TbIP-TbIP 88: posts big blind $3
*** HOLE CARDS ***
luxsheriff: raises $3 to $6
TbIP-TbIP 88: calls $3
*** FLOP *** [9s Td Ah]
TbIP-TbIP 88: checks
luxsheriff: bets $3
TbIP-TbIP 88: folds
Uncalled bet ($3) returned to luxsheriff
luxsheriff collected $11.76 from pot
luxsheriff: doesn't show hand
*** SUMMARY ***
Total pot $12 | Rake $0.24
Board [9s Td Ah]
Seat 4: luxsheriff (button) (small blind) collected ($11.76)
Seat 5: TbIP-TbIP 88 (big blind) folded on the Flop


PokerStars Hand #167889873382:  Hold'em Limit ($3/$6 USD) - 2017/03/21 3:44:27 ET
Table 'Wazn' 6-max Seat #5 is the button
Seat 4: luxsheriff ($116.76 in chips)
Seat 5: TbIP-TbIP 88 ($250.82 in chips)
TbIP-TbIP 88: posts small blind $1
luxsheriff: posts big blind $3
*** HOLE CARDS ***
TbIP-TbIP 88: folds
Uncalled bet ($2) returned to luxsheriff
luxsheriff collected $2 from pot
luxsheriff: doesn't show hand
*** SUMMARY ***
Total pot $2 | Rake $0
Seat 4: luxsheriff (big blind) collected ($2)
Seat 5: TbIP-TbIP 88 (button) (small blind) folded before Flop


PokerStars Hand #167889867387:  Hold'em Limit ($3/$6 USD) - 2017/03/21 3:44:05 ET
Table 'Wazn' 6-max Seat #4 is the button
Seat 4: luxsheriff ($108.12 in chips)
Seat 5: TbIP-TbIP 88 ($259.82 in chips)
luxsheriff: posts small blind $1
TbIP-TbIP 88: posts big blind $3
*** HOLE CARDS ***
luxsheriff: raises $3 to $6
TbIP-TbIP 88: calls $3
*** FLOP *** [2s Ts 2d]
TbIP-TbIP 88: checks
luxsheriff: bets $3
TbIP-TbIP 88: calls $3
*** TURN *** [2s Ts 2d] [9d]
TbIP-TbIP 88: checks
luxsheriff: bets $6
TbIP-TbIP 88: folds
Uncalled bet ($6) returned to luxsheriff
luxsheriff collected $17.64 from pot
luxsheriff: doesn't show hand
*** SUMMARY ***
Total pot $18 | Rake $0.36
Board [2s Ts 2d 9d]
Seat 4: luxsheriff (button) (small blind) collected ($17.64)
Seat 5: TbIP-TbIP 88 (big blind) folded on the Turn


PokerStars Hand #167889884207:  Hold'em Limit ($3/$6 USD) - 2017/03/21 3:45:08 ET
Table 'Wazn' 6-max Seat #4 is the button
Seat 4: luxsheriff ($132.16 in chips)
Seat 5: TbIP-TbIP 88 ($234.82 in chips)
luxsheriff: posts small blind $1
TbIP-TbIP 88: posts big blind $3
*** HOLE CARDS ***
luxsheriff: raises $3 to $6
TbIP-TbIP 88: calls $3
*** FLOP *** [3c Jc 2s]
TbIP-TbIP 88: checks
luxsheriff: checks
*** TURN *** [3c Jc 2s] [8s]
TbIP-TbIP 88: bets $6
luxsheriff: calls $6
*** RIVER *** [3c Jc 2s 8s] [3d]
TbIP-TbIP 88: bets $6
luxsheriff: folds
Uncalled bet ($6) returned to TbIP-TbIP 88
TbIP-TbIP 88 collected $23.52 from pot
TbIP-TbIP 88: doesn't show hand
*** SUMMARY ***
Total pot $24 | Rake $0.48
Board [3c Jc 2s 8s 3d]
Seat 4: luxsheriff (button) (small blind) folded on the River
Seat 5: TbIP-TbIP 88 (big blind) collected ($23.52)


PokerStars Hand #167889889031:  Hold'em Limit ($3/$6 USD) - 2017/03/21 3:45:26 ET
Table 'Wazn' 6-max Seat #5 is the button
Seat 4: luxsheriff ($120.16 in chips)
Seat 5: TbIP-TbIP 88 ($246.34 in chips)
TbIP-TbIP 88: posts small blind $1
luxsheriff: posts big blind $3
*** HOLE CARDS ***
TbIP-TbIP 88: raises $3 to $6
luxsheriff: raises $3 to $9
TbIP-TbIP 88: calls $3
*** FLOP *** [Ac 5s Tc]
luxsheriff: bets $3
TbIP-TbIP 88: calls $3
*** TURN *** [Ac 5s Tc] [3s]
luxsheriff: bets $6
TbIP-TbIP 88: calls $6
*** RIVER *** [Ac 5s Tc 3s] [9c]
luxsheriff: bets $6
TbIP-TbIP 88: raises $6 to $12
luxsheriff: calls $6
*** SHOW DOWN ***
TbIP-TbIP 88: shows [Th 9h] (two pair, Tens and Nines)
luxsheriff: mucks hand
TbIP-TbIP 88 collected $59.50 from pot
*** SUMMARY ***
Total pot $60 | Rake $0.50
Board [Ac 5s Tc 3s 9c]
Seat 4: luxsheriff (big blind) mucked
Seat 5: TbIP-TbIP 88 (button) (small blind) showed [Th 9h] and won ($59.50) with two pair, Tens and Nines


PokerStars Hand #167889903081:  Hold'em Limit ($3/$6 USD) - 2017/03/21 3:46:19 ET
Table 'Wazn' 6-max Seat #5 is the button
Seat 4: luxsheriff ($104.66 in chips)
Seat 5: TbIP-TbIP 88 ($260.84 in chips)
TbIP-TbIP 88: posts small blind $1
luxsheriff: posts big blind $3
*** HOLE CARDS ***
TbIP-TbIP 88: raises $3 to $6
luxsheriff: calls $3
*** FLOP *** [Qh Th Ts]
luxsheriff: bets $3
TbIP-TbIP 88: calls $3
*** TURN *** [Qh Th Ts] [Kd]
luxsheriff: bets $6
TbIP-TbIP 88: calls $6
*** RIVER *** [Qh Th Ts Kd] [Jd]
luxsheriff: bets $6
TbIP-TbIP 88: calls $6
*** SHOW DOWN ***
luxsheriff: shows [4s Kc] (two pair, Kings and Tens)
TbIP-TbIP 88: mucks hand
luxsheriff collected $41.50 from pot
*** SUMMARY ***
Total pot $42 | Rake $0.50
Board [Qh Th Ts Kd Jd]
Seat 4: luxsheriff (big blind) showed [4s Kc] and won ($41.50) with two pair, Kings and Tens
Seat 5: TbIP-TbIP 88 (button) (small blind) mucked


PokerStars Hand #167889893949:  Hold'em Limit ($3/$6 USD) - 2017/03/21 3:45:45 ET
Table 'Wazn' 6-max Seat #4 is the button
Seat 4: luxsheriff ($90.16 in chips)
Seat 5: TbIP-TbIP 88 ($275.84 in chips)
luxsheriff: posts small blind $1
TbIP-TbIP 88: posts big blind $3
*** HOLE CARDS ***
luxsheriff: raises $3 to $6
TbIP-TbIP 88: calls $3
*** FLOP *** [4s Jd 9d]
TbIP-TbIP 88: checks
luxsheriff: bets $3
TbIP-TbIP 88: calls $3
*** TURN *** [4s Jd 9d] [7d]
TbIP-TbIP 88: checks
luxsheriff: bets $6
TbIP-TbIP 88: calls $6
*** RIVER *** [4s Jd 9d 7d] [Tc]
TbIP-TbIP 88: checks
luxsheriff: bets $6
TbIP-TbIP 88: folds
Uncalled bet ($6) returned to luxsheriff
luxsheriff collected $29.50 from pot
luxsheriff: doesn't show hand
*** SUMMARY ***
Total pot $30 | Rake $0.50
Board [4s Jd 9d 7d Tc]
Seat 4: luxsheriff (button) (small blind) collected ($29.50)
Seat 5: TbIP-TbIP 88 (big blind) folded on the River


PokerStars Hand #167889913426:  Hold'em Limit ($3/$6 USD) - 2017/03/21 3:46:58 ET
Table 'Wazn' 6-max Seat #4 is the button
Seat 4: luxsheriff ($125.16 in chips)
Seat 5: TbIP-TbIP 88 ($239.84 in chips)
luxsheriff: posts small blind $1
TbIP-TbIP 88: posts big blind $3
*** HOLE CARDS ***
luxsheriff: raises $3 to $6
TbIP-TbIP 88: calls $3
*** FLOP *** [7d 4c 3d]
TbIP-TbIP 88: checks
luxsheriff: bets $3
TbIP-TbIP 88: calls $3
*** TURN *** [7d 4c 3d] [7c]
TbIP-TbIP 88: checks
luxsheriff: bets $6
TbIP-TbIP 88: calls $6
*** RIVER *** [7d 4c 3d 7c] [2d]
TbIP-TbIP 88: checks
luxsheriff: checks
*** SHOW DOWN ***
TbIP-TbIP 88: shows [Ah Qc] (a pair of Sevens)
luxsheriff: mucks hand
TbIP-TbIP 88 collected $29.50 from pot
*** SUMMARY ***
Total pot $30 | Rake $0.50
Board [7d 4c 3d 7c 2d]
Seat 4: luxsheriff (button) (small blind) mucked
Seat 5: TbIP-TbIP 88 (big blind) showed [Ah Qc] and won ($29.50) with a pair of Sevens


PokerStars Hand #167889924191:  Hold'em Limit ($3/$6 USD) - 2017/03/21 3:47:38 ET
Table 'Wazn' 6-max Seat #4 is the button
Seat 4: luxsheriff ($118.80 in chips)
Seat 5: TbIP-TbIP 88 ($245.34 in chips)
luxsheriff: posts small blind $1
TbIP-TbIP 88: posts big blind $3
*** HOLE CARDS ***
luxsheriff: folds
Uncalled bet ($2) returned to TbIP-TbIP 88
TbIP-TbIP 88 collected $2 from pot
TbIP-TbIP 88: doesn't show hand
*** SUMMARY ***
Total pot $2 | Rake $0
Seat 4: luxsheriff (button) (small blind) folded before Flop
Seat 5: TbIP-TbIP 88 (big blind) collected ($2)


PokerStars Hand #167890015869:  Hold'em Limit ($3/$6 USD) - 2017/03/21 3:53:16 ET
Table 'Wazn' 6-max Seat #5 is the button
Seat 4: luxsheriff ($72.42 in chips)
Seat 5: TbIP-TbIP 88 ($232.15 in chips)
TbIP-TbIP 88: posts small blind $1
makimaki: is sitting out
luxsheriff: posts big blind $3
*** HOLE CARDS ***
makimaki leaves the table
TbIP-TbIP 88: raises $3 to $6
luxsheriff: raises $3 to $9
TbIP-TbIP 88: calls $3
*** FLOP *** [Ks 2h Js]
luxsheriff: bets $3
TbIP-TbIP 88: calls $3
*** TURN *** [Ks 2h Js] [Td]
luxsheriff: bets $6
TbIP-TbIP 88: calls $6
*** RIVER *** [Ks 2h Js Td] [Qd]
luxsheriff: bets $6
TbIP-TbIP 88: folds
Uncalled bet ($6) returned to luxsheriff
luxsheriff collected $35.50 from pot
luxsheriff: doesn't show hand
*** SUMMARY ***
Total pot $36 | Rake $0.50
Board [Ks 2h Js Td Qd]
Seat 4: luxsheriff (big blind) collected ($35.50)
Seat 5: TbIP-TbIP 88 (button) (small blind) folded on the River


PokerStars Hand #167890045002:  Hold'em Limit ($3/$6 USD) - 2017/03/21 3:55:05 ET
Table 'Wazn' 6-max Seat #4 is the button
Seat 4: luxsheriff ($83.56 in chips)
Seat 5: TbIP-TbIP 88 ($219.65 in chips)
luxsheriff: posts small blind $1
TbIP-TbIP 88: posts big blind $3
*** HOLE CARDS ***
luxsheriff: raises $3 to $6
TbIP-TbIP 88: calls $3
*** FLOP *** [Ad 4d Ah]
TbIP-TbIP 88: checks
luxsheriff: bets $3
TbIP-TbIP 88: raises $3 to $6
luxsheriff: calls $3
*** TURN *** [Ad 4d Ah] [Qh]
TbIP-TbIP 88: checks
luxsheriff: checks
*** RIVER *** [Ad 4d Ah Qh] [3h]
TbIP-TbIP 88: checks
luxsheriff: bets $6
TbIP-TbIP 88: calls $6
*** SHOW DOWN ***
luxsheriff: shows [3c 5c] (two pair, Aces and Threes)
TbIP-TbIP 88: mucks hand
luxsheriff collected $35.50 from pot
*** SUMMARY ***
Total pot $36 | Rake $0.50
Board [Ad 4d Ah Qh 3h]
Seat 4: luxsheriff (button) (small blind) showed [3c 5c] and won ($35.50) with two pair, Aces and Threes
Seat 5: TbIP-TbIP 88 (big blind) mucked


PokerStars Hand #167890040574:  Hold'em Limit ($3/$6 USD) - 2017/03/21 3:54:48 ET
Table 'Wazn' 6-max Seat #5 is the button
Seat 4: luxsheriff ($98.56 in chips)
Seat 5: TbIP-TbIP 88 ($205.15 in chips)
TbIP-TbIP 88: posts small blind $1
luxsheriff: posts big blind $3
*** HOLE CARDS ***
TbIP-TbIP 88: raises $3 to $6
luxsheriff: calls $3
*** FLOP *** [As 8c Js]
luxsheriff: checks
TbIP-TbIP 88: bets $3
luxsheriff: calls $3
*** TURN *** [As 8c Js] [3c]
luxsheriff: checks
TbIP-TbIP 88: checks
*** RIVER *** [As 8c Js 3c] [Kc]
luxsheriff: checks
TbIP-TbIP 88: bets $6
luxsheriff: calls $6
*** SHOW DOWN ***
TbIP-TbIP 88: shows [Qs Qh] (a pair of Queens)
luxsheriff: mucks hand
TbIP-TbIP 88 collected $29.50 from pot
*** SUMMARY ***
Total pot $30 | Rake $0.50
Board [As 8c Js 3c Kc]
Seat 4: luxsheriff (big blind) mucked
Seat 5: TbIP-TbIP 88 (button) (small blind) showed [Qs Qh] and won ($29.50) with a pair of Queens


PokerStars Hand #167890028256:  Hold'em Limit ($3/$6 USD) - 2017/03/21 3:54:03 ET
Table 'Wazn' 6-max Seat #4 is the button
Seat 4: luxsheriff ($89.92 in chips)
Seat 5: TbIP-TbIP 88 ($214.15 in chips)
luxsheriff: posts small blind $1
TbIP-TbIP 88: posts big blind $3
*** HOLE CARDS ***
luxsheriff: raises $3 to $6
TbIP-TbIP 88: calls $3
*** FLOP *** [4h Qs 6h]
TbIP-TbIP 88: checks
luxsheriff: bets $3
TbIP-TbIP 88: calls $3
*** TURN *** [4h Qs 6h] [9c]
TbIP-TbIP 88: checks
luxsheriff: bets $6
TbIP-TbIP 88: folds
Uncalled bet ($6) returned to luxsheriff
luxsheriff collected $17.64 from pot
luxsheriff: doesn't show hand
*** SUMMARY ***
Total pot $18 | Rake $0.36
Board [4h Qs 6h 9c]
Seat 4: luxsheriff (button) (small blind) collected ($17.64)
Seat 5: TbIP-TbIP 88 (big blind) folded on the Turn


PokerStars Hand #167890062815:  Hold'em Limit ($3/$6 USD) - 2017/03/21 3:56:18 ET
Table 'Wazn' 6-max Seat #5 is the button
Seat 4: luxsheriff ($71.06 in chips)
Seat 5: TbIP-TbIP 88 ($230.79 in chips)
TbIP-TbIP 88: posts small blind $1
luxsheriff: posts big blind $3
*** HOLE CARDS ***
TbIP-TbIP 88: raises $3 to $6
luxsheriff: raises $3 to $9
TbIP-TbIP 88: calls $3
*** FLOP *** [3d Ts 9d]
luxsheriff: bets $3
TbIP-TbIP 88: calls $3
*** TURN *** [3d Ts 9d] [Qd]
luxsheriff: bets $6
TbIP-TbIP 88: folds
Uncalled bet ($6) returned to luxsheriff
luxsheriff collected $23.52 from pot
luxsheriff: doesn't show hand
*** SUMMARY ***
Total pot $24 | Rake $0.48
Board [3d Ts 9d Qd]
Seat 4: luxsheriff (big blind) collected ($23.52)
Seat 5: TbIP-TbIP 88 (button) (small blind) folded on the Turn


PokerStars Hand #167890058337:  Hold'em Limit ($3/$6 USD) - 2017/03/21 3:55:59 ET
Table 'Wazn' 6-max Seat #4 is the button
Seat 4: luxsheriff ($80.06 in chips)
Seat 5: TbIP-TbIP 88 ($222.15 in chips)
luxsheriff: posts small blind $1
TbIP-TbIP 88: posts big blind $3
*** HOLE CARDS ***
luxsheriff: raises $3 to $6
TbIP-TbIP 88: calls $3
*** FLOP *** [Qc 2s 3d]
TbIP-TbIP 88: checks
luxsheriff: bets $3
TbIP-TbIP 88: raises $3 to $6
luxsheriff: folds
Uncalled bet ($3) returned to TbIP-TbIP 88
TbIP-TbIP 88 collected $17.64 from pot
TbIP-TbIP 88: doesn't show hand
*** SUMMARY ***
Total pot $18 | Rake $0.36
Board [Qc 2s 3d]
Seat 4: luxsheriff (button) (small blind) folded on the Flop
Seat 5: TbIP-TbIP 88 (big blind) collected ($17.64)


PokerStars Hand #167890053701:  Hold'em Limit ($3/$6 USD) - 2017/03/21 3:55:40 ET
Table 'Wazn' 6-max Seat #5 is the button
Seat 4: luxsheriff ($101.06 in chips)
Seat 5: TbIP-TbIP 88 ($201.65 in chips)
TbIP-TbIP 88: posts small blind $1
luxsheriff: posts big blind $3
*** HOLE CARDS ***
TbIP-TbIP 88: raises $3 to $6
luxsheriff: calls $3
*** FLOP *** [6d Ad 5d]
luxsheriff: checks
TbIP-TbIP 88: bets $3
luxsheriff: calls $3
*** TURN *** [6d Ad 5d] [9d]
luxsheriff: bets $6
TbIP-TbIP 88: calls $6
*** RIVER *** [6d Ad 5d 9d] [Jh]
luxsheriff: bets $6
TbIP-TbIP 88: calls $6
*** SHOW DOWN ***
luxsheriff: shows [Jc 3d] (a flush, Ace high)
TbIP-TbIP 88: shows [Jd 2d] (a flush, Ace high - Jack higher)
TbIP-TbIP 88 collected $41.50 from pot
*** SUMMARY ***
Total pot $42 | Rake $0.50
Board [6d Ad 5d 9d Jh]
Seat 4: luxsheriff (big blind) showed [Jc 3d] and lost with a flush, Ace high
Seat 5: TbIP-TbIP 88 (button) (small blind) showed [Jd 2d] and won ($41.50) with a flush, Ace high


PokerStars Hand #167890075028:  Hold'em Limit ($3/$6 USD) - 2017/03/21 3:57:09 ET
Table 'Wazn' 6-max Seat #5 is the button
Seat 4: luxsheriff ($61.58 in chips)
Seat 5: TbIP-TbIP 88 ($239.29 in chips)
TbIP-TbIP 88: posts small blind $1
luxsheriff: posts big blind $3
*** HOLE CARDS ***
TbIP-TbIP 88: raises $3 to $6
luxsheriff: raises $3 to $9
TbIP-TbIP 88: calls $3
*** FLOP *** [4h Td 2h]
luxsheriff: bets $3
TbIP-TbIP 88: calls $3
*** TURN *** [4h Td 2h] [6d]
luxsheriff: bets $6
TbIP-TbIP 88: calls $6
*** RIVER *** [4h Td 2h 6d] [7s]
luxsheriff: bets $6
TbIP-TbIP 88: calls $6
*** SHOW DOWN ***
luxsheriff: shows [Ah 5c] (high card Ace)
TbIP-TbIP 88: shows [5d 7h] (a pair of Sevens)
TbIP-TbIP 88 collected $47.50 from pot
*** SUMMARY ***
Total pot $48 | Rake $0.50
Board [4h Td 2h 6d 7s]
Seat 4: luxsheriff (big blind) showed [Ah 5c] and lost with high card Ace
Seat 5: TbIP-TbIP 88 (button) (small blind) showed [5d 7h] and won ($47.50) with a pair of Sevens


PokerStars Hand #167890067234:  Hold'em Limit ($3/$6 USD) - 2017/03/21 3:56:36 ET
Table 'Wazn' 6-max Seat #4 is the button
Seat 4: luxsheriff ($82.58 in chips)
Seat 5: TbIP-TbIP 88 ($218.79 in chips)
luxsheriff: posts small blind $1
TbIP-TbIP 88: posts big blind $3
*** HOLE CARDS ***
luxsheriff: raises $3 to $6
TbIP-TbIP 88: calls $3
*** FLOP *** [8h 2h 9c]
TbIP-TbIP 88: checks
luxsheriff: bets $3
TbIP-TbIP 88: calls $3
*** TURN *** [8h 2h 9c] [Kd]
TbIP-TbIP 88: checks
luxsheriff: bets $6
TbIP-TbIP 88: raises $6 to $12
luxsheriff: calls $6
*** RIVER *** [8h 2h 9c Kd] [Qh]
TbIP-TbIP 88: bets $6
luxsheriff: folds
Uncalled bet ($6) returned to TbIP-TbIP 88
TbIP-TbIP 88 collected $41.50 from pot
TbIP-TbIP 88: doesn't show hand
*** SUMMARY ***
Total pot $42 | Rake $0.50
Board [8h 2h 9c Kd Qh]
Seat 4: luxsheriff (button) (small blind) folded on the River
Seat 5: TbIP-TbIP 88 (big blind) collected ($41.50)


PokerStars Hand #167890085352:  Hold'em Limit ($3/$6 USD) - 2017/03/21 3:57:51 ET
Table 'Wazn' 6-max Seat #5 is the button
Seat 4: luxsheriff ($16.58 in chips)
Seat 5: TbIP-TbIP 88 ($283.29 in chips)
TbIP-TbIP 88: posts small blind $1
luxsheriff: posts big blind $3
*** HOLE CARDS ***
TbIP-TbIP 88: raises $3 to $6
luxsheriff: raises $3 to $9
TbIP-TbIP 88: calls $3
*** FLOP *** [7d Qd Js]
luxsheriff: bets $3
TbIP-TbIP 88: calls $3
*** TURN *** [7d Qd Js] [8c]
Zooshark joins the table at seat #3
luxsheriff: bets $4.58 and is all-in
TbIP-TbIP 88: calls $4.58
*** RIVER *** [7d Qd Js 8c] [2s]
*** SHOW DOWN ***
luxsheriff: shows [2c 9c] (a pair of Deuces)
TbIP-TbIP 88: shows [Ah 9s] (high card Ace)
luxsheriff collected $32.66 from pot
*** SUMMARY ***
Total pot $33.16 | Rake $0.50
Board [7d Qd Js 8c 2s]
Seat 4: luxsheriff (big blind) showed [2c 9c] and won ($32.66) with a pair of Deuces
Seat 5: TbIP-TbIP 88 (button) (small blind) showed [Ah 9s] and lost with high card Ace


PokerStars Hand #167890080963:  Hold'em Limit ($3/$6 USD) - 2017/03/21 3:57:33 ET
Table 'Wazn' 6-max Seat #4 is the button
Seat 4: luxsheriff ($37.58 in chips)
Seat 5: TbIP-TbIP 88 ($262.79 in chips)
luxsheriff: posts small blind $1
TbIP-TbIP 88: posts big blind $3
*** HOLE CARDS ***
luxsheriff: raises $3 to $6
TbIP-TbIP 88: calls $3
*** FLOP *** [9c 2h 5h]
TbIP-TbIP 88: checks
luxsheriff: bets $3
TbIP-TbIP 88: calls $3
*** TURN *** [9c 2h 5h] [Ts]
TbIP-TbIP 88: checks
luxsheriff: bets $6
TbIP-TbIP 88: raises $6 to $12
luxsheriff: calls $6
*** RIVER *** [9c 2h 5h Ts] [Ah]
TbIP-TbIP 88: checks
luxsheriff: checks
*** SHOW DOWN ***
TbIP-TbIP 88: shows [Tc 7d] (a pair of Tens)
luxsheriff: mucks hand
TbIP-TbIP 88 collected $41.50 from pot
*** SUMMARY ***
Total pot $42 | Rake $0.50
Board [9c 2h 5h Ts Ah]
Seat 4: luxsheriff (button) (small blind) mucked
Seat 5: TbIP-TbIP 88 (big blind) showed [Tc 7d] and won ($41.50) with a pair of Tens


PokerStars Hand #167890525839:  Hold'em Limit ($3/$6 USD) - 2017/03/21 4:24:14 ET
Table 'Wazn' 6-max Seat #1 is the button
Seat 1: Qvidde ($119.10 in chips)
Seat 6: Zooshark ($201.59 in chips)
Qvidde: posts small blind $1
TbIP-TbIP 88: is sitting out
Zooshark: posts big blind $3
*** HOLE CARDS ***
Qvidde: folds
Uncalled bet ($2) returned to Zooshark
Zooshark collected $2 from pot
Zooshark: doesn't show hand
*** SUMMARY ***
Total pot $2 | Rake $0
Seat 1: Qvidde (button) (small blind) folded before Flop
Seat 6: Zooshark (big blind) collected ($2)


PokerStars Hand #167890528686:  Hold'em Limit ($3/$6 USD) - 2017/03/21 4:24:24 ET
Table 'Wazn' 6-max Seat #6 is the button
Seat 1: Qvidde ($118.10 in chips)
Seat 6: Zooshark ($202.59 in chips)
Zooshark: posts small blind $1
Qvidde: posts big blind $3
*** HOLE CARDS ***
Zooshark: calls $2
Qvidde: checks
*** FLOP *** [As 8d 3d]
Qvidde: checks
Zooshark: bets $3
Qvidde: folds
Uncalled bet ($3) returned to Zooshark
Zooshark collected $5.88 from pot
Zooshark: doesn't show hand
*** SUMMARY ***
Total pot $6 | Rake $0.12
Board [As 8d 3d]
Seat 1: Qvidde (big blind) folded on the Flop
Seat 6: Zooshark (button) (small blind) collected ($5.88)


