PokerStars Hand #159052565585:  Hold'em Limit ($3/$6 USD) - 2016/09/24 20:36:55 ET
Table 'Weber II' 6-max Seat #2 is the button
Seat 1: Velbor107 ($291 in chips)
Seat 2: enzob1988 ($64.12 in chips)
enzob1988: posts small blind $1
Velbor107: posts big blind $3
*** HOLE CARDS ***
enzob1988: calls $2
Velbor107: checks
*** FLOP *** [7s 7c Jh]
Velbor107: bets $3
enzob1988: folds
Uncalled bet ($3) returned to Velbor107
Velbor107 collected $5.88 from pot
*** SUMMARY ***
Total pot $6 | Rake $0.12
Board [7s 7c Jh]
Seat 1: Velbor107 (big blind) collected ($5.88)
Seat 2: enzob1988 (button) (small blind) folded on the Flop


PokerStars Hand #159052557611:  Hold'em Limit ($3/$6 USD) - 2016/09/24 20:36:38 ET
Table 'Weber II' 6-max Seat #1 is the button
Seat 1: Velbor107 ($300 in chips)
Seat 2: enzob1988 ($55.48 in chips)
Velbor107: posts small blind $1
enzob1988: posts big blind $3
*** HOLE CARDS ***
Velbor107: raises $3 to $6
enzob1988: raises $3 to $9
Velbor107: calls $3
*** FLOP *** [9c Js 3c]
enzob1988: bets $3
Velbor107: folds
Uncalled bet ($3) returned to enzob1988
enzob1988 collected $17.64 from pot
enzob1988: doesn't show hand
*** SUMMARY ***
Total pot $18 | Rake $0.36
Board [9c Js 3c]
Seat 1: Velbor107 (button) (small blind) folded on the Flop
Seat 2: enzob1988 (big blind) collected ($17.64)


PokerStars Hand #159052587339:  Hold'em Limit ($3/$6 USD) - 2016/09/24 20:37:44 ET
Table 'Weber II' 6-max Seat #1 is the button
Seat 1: Velbor107 ($296.64 in chips)
Seat 2: enzob1988 ($58 in chips)
Velbor107: posts small blind $1
enzob1988: posts big blind $3
*** HOLE CARDS ***
Velbor107: raises $3 to $6
enzob1988: folds
Uncalled bet ($3) returned to Velbor107
Velbor107 collected $6 from pot
*** SUMMARY ***
Total pot $6 | Rake $0
Seat 1: Velbor107 (button) (small blind) collected ($6)
Seat 2: enzob1988 (big blind) folded before Flop


PokerStars Hand #159052578681:  Hold'em Limit ($3/$6 USD) - 2016/09/24 20:37:24 ET
Table 'Weber II' 6-max Seat #2 is the button
Seat 1: Velbor107 ($299.64 in chips)
Seat 2: enzob1988 ($55.12 in chips)
enzob1988: posts small blind $1
Velbor107: posts big blind $3
*** HOLE CARDS ***
enzob1988: calls $2
Velbor107: checks
*** FLOP *** [Th 3c Jh]
Velbor107: checks
enzob1988: checks
*** TURN *** [Th 3c Jh] [9c]
Velbor107: checks
enzob1988: bets $6
Velbor107: folds
Uncalled bet ($6) returned to enzob1988
enzob1988 collected $5.88 from pot
enzob1988: doesn't show hand
*** SUMMARY ***
Total pot $6 | Rake $0.12
Board [Th 3c Jh 9c]
Seat 1: Velbor107 (big blind) folded on the Turn
Seat 2: enzob1988 (button) (small blind) collected ($5.88)


PokerStars Hand #159052570864:  Hold'em Limit ($3/$6 USD) - 2016/09/24 20:37:07 ET
Table 'Weber II' 6-max Seat #1 is the button
Seat 1: Velbor107 ($293.88 in chips)
Seat 2: enzob1988 ($61.12 in chips)
Velbor107: posts small blind $1
enzob1988: posts big blind $3
*** HOLE CARDS ***
Velbor107: raises $3 to $6
enzob1988: calls $3
*** FLOP *** [Ah 6s 7s]
enzob1988: checks
Velbor107: bets $3
enzob1988: folds
Uncalled bet ($3) returned to Velbor107
Velbor107 collected $11.76 from pot
*** SUMMARY ***
Total pot $12 | Rake $0.24
Board [Ah 6s 7s]
Seat 1: Velbor107 (button) (small blind) collected ($11.76)
Seat 2: enzob1988 (big blind) folded on the Flop


PokerStars Hand #159052646035:  Hold'em Limit ($3/$6 USD) - 2016/09/24 20:39:55 ET
Table 'Weber II' 6-max Seat #3 is the button
Seat 1: Velbor107 ($297.52 in chips)
Seat 3: IRUPlus ($124.64 in chips)
IRUPlus: posts small blind $1
Velbor107: posts big blind $3
*** HOLE CARDS ***
IRUPlus: raises $3 to $6
Velbor107: calls $3
*** FLOP *** [2h 4s Ad]
Velbor107: checks
IRUPlus: checks
*** TURN *** [2h 4s Ad] [Td]
Velbor107: checks
IRUPlus: bets $6
Velbor107: folds
Uncalled bet ($6) returned to IRUPlus
IRUPlus collected $11.76 from pot
*** SUMMARY ***
Total pot $12 | Rake $0.24
Board [2h 4s Ad Td]
Seat 1: Velbor107 (big blind) folded on the Turn
Seat 3: IRUPlus (button) (small blind) collected ($11.76)


PokerStars Hand #159052643522:  Hold'em Limit ($3/$6 USD) - 2016/09/24 20:39:50 ET
Table 'Weber II' 6-max Seat #1 is the button
Seat 1: Velbor107 ($294.52 in chips)
Seat 3: IRUPlus ($127.64 in chips)
Velbor107: posts small blind $1
IRUPlus: posts big blind $3
*** HOLE CARDS ***
Velbor107: raises $3 to $6
IRUPlus: folds
Uncalled bet ($3) returned to Velbor107
Velbor107 collected $6 from pot
*** SUMMARY ***
Total pot $6 | Rake $0
Seat 1: Velbor107 (button) (small blind) collected ($6)
Seat 3: IRUPlus (big blind) folded before Flop


PokerStars Hand #159052641653:  Hold'em Limit ($3/$6 USD) - 2016/09/24 20:39:46 ET
Table 'Weber II' 6-max Seat #3 is the button
Seat 1: Velbor107 ($293.52 in chips)
Seat 3: IRUPlus ($128.64 in chips)
IRUPlus: posts small blind $1
Velbor107: posts big blind $3
*** HOLE CARDS ***
IRUPlus: folds
Uncalled bet ($2) returned to Velbor107
Velbor107 collected $2 from pot
*** SUMMARY ***
Total pot $2 | Rake $0
Seat 1: Velbor107 (big blind) collected ($2)
Seat 3: IRUPlus (button) (small blind) folded before Flop


PokerStars Hand #159052678780:  Hold'em Limit ($3/$6 USD) - 2016/09/24 20:41:09 ET
Table 'Weber II' 6-max Seat #3 is the button
Seat 1: Velbor107 ($303.66 in chips)
Seat 3: IRUPlus ($116.68 in chips)
IRUPlus: posts small blind $1
Velbor107: posts big blind $3
*** HOLE CARDS ***
IRUPlus: folds
Uncalled bet ($2) returned to Velbor107
Velbor107 collected $2 from pot
*** SUMMARY ***
Total pot $2 | Rake $0
Seat 1: Velbor107 (big blind) collected ($2)
Seat 3: IRUPlus (button) (small blind) folded before Flop


PokerStars Hand #159052671824:  Hold'em Limit ($3/$6 USD) - 2016/09/24 20:40:54 ET
Table 'Weber II' 6-max Seat #3 is the button
Seat 1: Velbor107 ($311.66 in chips)
Seat 3: IRUPlus ($109.04 in chips)
IRUPlus: posts small blind $1
Velbor107: posts big blind $3
*** HOLE CARDS ***
IRUPlus: folds
Uncalled bet ($2) returned to Velbor107
Velbor107 collected $2 from pot
*** SUMMARY ***
Total pot $2 | Rake $0
Seat 1: Velbor107 (big blind) collected ($2)
Seat 3: IRUPlus (button) (small blind) folded before Flop


PokerStars Hand #159052666031:  Hold'em Limit ($3/$6 USD) - 2016/09/24 20:40:41 ET
Table 'Weber II' 6-max Seat #1 is the button
Seat 1: Velbor107 ($303.02 in chips)
Seat 3: IRUPlus ($118.04 in chips)
Velbor107: posts small blind $1
IRUPlus: posts big blind $3
*** HOLE CARDS ***
Velbor107: raises $3 to $6
IRUPlus: calls $3
*** FLOP *** [8d Qc 5s]
IRUPlus: checks
Velbor107: bets $3
IRUPlus: calls $3
*** TURN *** [8d Qc 5s] [As]
IRUPlus: checks
Velbor107: bets $6
IRUPlus: folds
Uncalled bet ($6) returned to Velbor107
Velbor107 collected $17.64 from pot
*** SUMMARY ***
Total pot $18 | Rake $0.36
Board [8d Qc 5s As]
Seat 1: Velbor107 (button) (small blind) collected ($17.64)
Seat 3: IRUPlus (big blind) folded on the Turn


PokerStars Hand #159052658445:  Hold'em Limit ($3/$6 USD) - 2016/09/24 20:40:23 ET
Table 'Weber II' 6-max Seat #3 is the button
Seat 1: Velbor107 ($282.52 in chips)
Seat 3: IRUPlus ($139.04 in chips)
IRUPlus: posts small blind $1
Velbor107: posts big blind $3
*** HOLE CARDS ***
IRUPlus: calls $2
Velbor107: raises $3 to $6
IRUPlus: calls $3
*** FLOP *** [4s 4c 2s]
Velbor107: bets $3
IRUPlus: calls $3
*** TURN *** [4s 4c 2s] [Kc]
Velbor107: checks
IRUPlus: checks
*** RIVER *** [4s 4c 2s Kc] [6s]
Velbor107: checks
IRUPlus: bets $6
Velbor107: raises $6 to $12
IRUPlus: calls $6
*** SHOW DOWN ***
Velbor107: shows [Ah 4d] (three of a kind, Fours)
IRUPlus: mucks hand
Velbor107 collected $41.50 from pot
*** SUMMARY ***
Total pot $42 | Rake $0.50
Board [4s 4c 2s Kc 6s]
Seat 1: Velbor107 (big blind) showed [Ah 4d] and won ($41.50) with three of a kind, Fours
Seat 3: IRUPlus (button) (small blind) mucked


PokerStars Hand #159052652300:  Hold'em Limit ($3/$6 USD) - 2016/09/24 20:40:10 ET
Table 'Weber II' 6-max Seat #1 is the button
Seat 1: Velbor107 ($291.52 in chips)
Seat 3: IRUPlus ($130.40 in chips)
Velbor107: posts small blind $1
IRUPlus: posts big blind $3
*** HOLE CARDS ***
Velbor107: raises $3 to $6
IRUPlus: calls $3
*** FLOP *** [4c Ad Ah]
IRUPlus: checks
Velbor107: bets $3
IRUPlus: calls $3
*** TURN *** [4c Ad Ah] [8h]
IRUPlus: checks
Velbor107: checks
*** RIVER *** [4c Ad Ah 8h] [7h]
IRUPlus: bets $6
Velbor107: folds
Uncalled bet ($6) returned to IRUPlus
IRUPlus collected $17.64 from pot
*** SUMMARY ***
Total pot $18 | Rake $0.36
Board [4c Ad Ah 8h 7h]
Seat 1: Velbor107 (button) (small blind) folded on the River
Seat 3: IRUPlus (big blind) collected ($17.64)


PokerStars Hand #159052683159:  Hold'em Limit ($3/$6 USD) - 2016/09/24 20:41:19 ET
Table 'Weber II' 6-max Seat #3 is the button
Seat 1: Velbor107 ($307.66 in chips)
Seat 3: IRUPlus ($112.68 in chips)
IRUPlus: posts small blind $1
Velbor107: posts big blind $3
*** HOLE CARDS ***
IRUPlus: raises $3 to $6
Velbor107: folds
Uncalled bet ($3) returned to IRUPlus
IRUPlus collected $6 from pot
*** SUMMARY ***
Total pot $6 | Rake $0
Seat 1: Velbor107 (big blind) folded before Flop
Seat 3: IRUPlus (button) (small blind) collected ($6)


PokerStars Hand #159052680590:  Hold'em Limit ($3/$6 USD) - 2016/09/24 20:41:13 ET
Table 'Weber II' 6-max Seat #1 is the button
Seat 1: Velbor107 ($304.66 in chips)
Seat 3: IRUPlus ($115.68 in chips)
Velbor107: posts small blind $1
IRUPlus: posts big blind $3
*** HOLE CARDS ***
Velbor107: raises $3 to $6
IRUPlus: folds
Uncalled bet ($3) returned to Velbor107
Velbor107 collected $6 from pot
*** SUMMARY ***
Total pot $6 | Rake $0
Seat 1: Velbor107 (button) (small blind) collected ($6)
Seat 3: IRUPlus (big blind) folded before Flop


PokerStars Hand #159052693382:  Hold'em Limit ($3/$6 USD) - 2016/09/24 20:41:42 ET
Table 'Weber II' 6-max Seat #3 is the button
Seat 1: Velbor107 ($295.66 in chips)
Seat 3: IRUPlus ($124.32 in chips)
IRUPlus: posts small blind $1
Velbor107: posts big blind $3
*** HOLE CARDS ***
IRUPlus: raises $3 to $6
Velbor107: raises $3 to $9
IRUPlus: raises $3 to $12
Betting is capped
Velbor107: calls $3
*** FLOP *** [Kd 7c Ts]
Velbor107: checks
IRUPlus: checks
*** TURN *** [Kd 7c Ts] [7h]
Velbor107: bets $6
IRUPlus: calls $6
*** RIVER *** [Kd 7c Ts 7h] [Js]
Velbor107: bets $6
IRUPlus: folds
Uncalled bet ($6) returned to Velbor107
Velbor107 collected $35.50 from pot
*** SUMMARY ***
Total pot $36 | Rake $0.50
Board [Kd 7c Ts 7h Js]
Seat 1: Velbor107 (big blind) collected ($35.50)
Seat 3: IRUPlus (button) (small blind) folded on the River


PokerStars Hand #159052685210:  Hold'em Limit ($3/$6 USD) - 2016/09/24 20:41:24 ET
Table 'Weber II' 6-max Seat #1 is the button
Seat 1: Velbor107 ($304.66 in chips)
Seat 3: IRUPlus ($115.68 in chips)
Velbor107: posts small blind $1
IRUPlus: posts big blind $3
*** HOLE CARDS ***
Velbor107: raises $3 to $6
IRUPlus: raises $3 to $9
Velbor107: calls $3
*** FLOP *** [6s 6h 7h]
IRUPlus: checks
Velbor107: checks
*** TURN *** [6s 6h 7h] [3s]
IRUPlus: checks
Velbor107: checks
*** RIVER *** [6s 6h 7h 3s] [Qc]
IRUPlus: checks
Velbor107: checks
*** SHOW DOWN ***
IRUPlus: shows [Jc 9c] (a pair of Sixes)
Velbor107: mucks hand
IRUPlus collected $17.64 from pot
*** SUMMARY ***
Total pot $18 | Rake $0.36
Board [6s 6h 7h 3s Qc]
Seat 1: Velbor107 (button) (small blind) mucked
Seat 3: IRUPlus (big blind) showed [Jc 9c] and won ($17.64) with a pair of Sixes


PokerStars Hand #159052720444:  Hold'em Limit ($3/$6 USD) - 2016/09/24 20:42:44 ET
Table 'Weber II' 6-max Seat #3 is the button
Seat 1: Velbor107 ($289.16 in chips)
Seat 3: IRUPlus ($129.48 in chips)
IRUPlus: posts small blind $1
Velbor107: posts big blind $3
*** HOLE CARDS ***
IRUPlus: raises $3 to $6
Velbor107: calls $3
*** FLOP *** [Ac 7c Td]
Velbor107: checks
IRUPlus: bets $3
Velbor107: folds
Uncalled bet ($3) returned to IRUPlus
IRUPlus collected $11.76 from pot
*** SUMMARY ***
Total pot $12 | Rake $0.24
Board [Ac 7c Td]
Seat 1: Velbor107 (big blind) folded on the Flop
Seat 3: IRUPlus (button) (small blind) collected ($11.76)


PokerStars Hand #159052713062:  Hold'em Limit ($3/$6 USD) - 2016/09/24 20:42:27 ET
Table 'Weber II' 6-max Seat #1 is the button
Seat 1: Velbor107 ($298.16 in chips)
Seat 3: IRUPlus ($120.84 in chips)
Velbor107: posts small blind $1
IRUPlus: posts big blind $3
*** HOLE CARDS ***
Velbor107: raises $3 to $6
IRUPlus: calls $3
*** FLOP *** [Th 3h 8s]
IRUPlus: checks
Velbor107: bets $3
IRUPlus: calls $3
*** TURN *** [Th 3h 8s] [3s]
IRUPlus: checks
Velbor107: checks
*** RIVER *** [Th 3h 8s 3s] [6c]
IRUPlus: checks
Velbor107: checks
*** SHOW DOWN ***
IRUPlus: shows [Kd 9h] (a pair of Threes)
Velbor107: mucks hand
IRUPlus collected $17.64 from pot
*** SUMMARY ***
Total pot $18 | Rake $0.36
Board [Th 3h 8s 3s 6c]
Seat 1: Velbor107 (button) (small blind) mucked
Seat 3: IRUPlus (big blind) showed [Kd 9h] and won ($17.64) with a pair of Threes


PokerStars Hand #159052710559:  Hold'em Limit ($3/$6 USD) - 2016/09/24 20:42:21 ET
Table 'Weber II' 6-max Seat #3 is the button
Seat 1: Velbor107 ($301.16 in chips)
Seat 3: IRUPlus ($117.84 in chips)
IRUPlus: posts small blind $1
Velbor107: posts big blind $3
*** HOLE CARDS ***
IRUPlus: raises $3 to $6
Velbor107: folds
Uncalled bet ($3) returned to IRUPlus
IRUPlus collected $6 from pot
*** SUMMARY ***
Total pot $6 | Rake $0
Seat 1: Velbor107 (big blind) folded before Flop
Seat 3: IRUPlus (button) (small blind) collected ($6)


PokerStars Hand #159052701440:  Hold'em Limit ($3/$6 USD) - 2016/09/24 20:42:01 ET
Table 'Weber II' 6-max Seat #1 is the button
Seat 1: Velbor107 ($313.16 in chips)
Seat 3: IRUPlus ($106.32 in chips)
Velbor107: posts small blind $1
IRUPlus: posts big blind $3
*** HOLE CARDS ***
Velbor107: raises $3 to $6
IRUPlus: calls $3
*** FLOP *** [2h 5h Qs]
IRUPlus: checks
Velbor107: bets $3
IRUPlus: raises $3 to $6
Velbor107: calls $3
*** TURN *** [2h 5h Qs] [3d]
IRUPlus: bets $6
Velbor107: folds
Uncalled bet ($6) returned to IRUPlus
IRUPlus collected $23.52 from pot
*** SUMMARY ***
Total pot $24 | Rake $0.48
Board [2h 5h Qs 3d]
Seat 1: Velbor107 (button) (small blind) folded on the Turn
Seat 3: IRUPlus (big blind) collected ($23.52)


PokerStars Hand #159052750164:  Hold'em Limit ($3/$6 USD) - 2016/09/24 20:43:52 ET
Table 'Weber II' 6-max Seat #3 is the button
Seat 1: Velbor107 ($303.42 in chips)
Seat 3: IRUPlus ($113.88 in chips)
IRUPlus: posts small blind $1
Velbor107: posts big blind $3
*** HOLE CARDS ***
IRUPlus: raises $3 to $6
Velbor107: folds
Uncalled bet ($3) returned to IRUPlus
IRUPlus collected $6 from pot
*** SUMMARY ***
Total pot $6 | Rake $0
Seat 1: Velbor107 (big blind) folded before Flop
Seat 3: IRUPlus (button) (small blind) collected ($6)


PokerStars Hand #159052748112:  Hold'em Limit ($3/$6 USD) - 2016/09/24 20:43:47 ET
Table 'Weber II' 6-max Seat #1 is the button
Seat 1: Velbor107 ($300.42 in chips)
Seat 3: IRUPlus ($116.88 in chips)
Velbor107: posts small blind $1
IRUPlus: posts big blind $3
*** HOLE CARDS ***
Velbor107: raises $3 to $6
IRUPlus: folds
Uncalled bet ($3) returned to Velbor107
Velbor107 collected $6 from pot
*** SUMMARY ***
Total pot $6 | Rake $0
Seat 1: Velbor107 (button) (small blind) collected ($6)
Seat 3: IRUPlus (big blind) folded before Flop


PokerStars Hand #159052740694:  Hold'em Limit ($3/$6 USD) - 2016/09/24 20:43:30 ET
Table 'Weber II' 6-max Seat #3 is the button
Seat 1: Velbor107 ($309.42 in chips)
Seat 3: IRUPlus ($108.24 in chips)
IRUPlus: posts small blind $1
Velbor107: posts big blind $3
*** HOLE CARDS ***
IRUPlus: raises $3 to $6
Velbor107: calls $3
*** FLOP *** [Th 9h 6s]
Velbor107: checks
IRUPlus: bets $3
Velbor107: calls $3
*** TURN *** [Th 9h 6s] [9c]
Velbor107: checks
IRUPlus: bets $6
Velbor107: folds
Uncalled bet ($6) returned to IRUPlus
IRUPlus collected $17.64 from pot
*** SUMMARY ***
Total pot $18 | Rake $0.36
Board [Th 9h 6s 9c]
Seat 1: Velbor107 (big blind) folded on the Turn
Seat 3: IRUPlus (button) (small blind) collected ($17.64)


PokerStars Hand #159052738437:  Hold'em Limit ($3/$6 USD) - 2016/09/24 20:43:25 ET
Table 'Weber II' 6-max Seat #1 is the button
Seat 1: Velbor107 ($306.42 in chips)
Seat 3: IRUPlus ($111.24 in chips)
Velbor107: posts small blind $1
IRUPlus: posts big blind $3
*** HOLE CARDS ***
Velbor107: raises $3 to $6
IRUPlus: folds
Uncalled bet ($3) returned to Velbor107
Velbor107 collected $6 from pot
*** SUMMARY ***
Total pot $6 | Rake $0
Seat 1: Velbor107 (button) (small blind) collected ($6)
Seat 3: IRUPlus (big blind) folded before Flop


PokerStars Hand #159052734335:  Hold'em Limit ($3/$6 USD) - 2016/09/24 20:43:16 ET
Table 'Weber II' 6-max Seat #3 is the button
Seat 1: Velbor107 ($300.66 in chips)
Seat 3: IRUPlus ($117.24 in chips)
IRUPlus: posts small blind $1
Velbor107: posts big blind $3
*** HOLE CARDS ***
IRUPlus: calls $2
Velbor107: raises $3 to $6
IRUPlus: calls $3
*** FLOP *** [6d Td Qd]
Velbor107: bets $3
IRUPlus: folds
Uncalled bet ($3) returned to Velbor107
Velbor107 collected $11.76 from pot
*** SUMMARY ***
Total pot $12 | Rake $0.24
Board [6d Td Qd]
Seat 1: Velbor107 (big blind) collected ($11.76)
Seat 3: IRUPlus (button) (small blind) folded on the Flop


PokerStars Hand #159052726894:  Hold'em Limit ($3/$6 USD) - 2016/09/24 20:42:59 ET
Table 'Weber II' 6-max Seat #1 is the button
Seat 1: Velbor107 ($283.16 in chips)
Seat 3: IRUPlus ($135.24 in chips)
Velbor107: posts small blind $1
IRUPlus: posts big blind $3
*** HOLE CARDS ***
Velbor107: raises $3 to $6
IRUPlus: calls $3
*** FLOP *** [8h 6d 4c]
IRUPlus: checks
Velbor107: bets $3
IRUPlus: raises $3 to $6
Velbor107: calls $3
*** TURN *** [8h 6d 4c] [Jc]
IRUPlus: checks
Velbor107: checks
*** RIVER *** [8h 6d 4c Jc] [Ad]
IRUPlus: checks
Velbor107: bets $6
IRUPlus: calls $6
*** SHOW DOWN ***
Velbor107: shows [Ac Qd] (a pair of Aces)
IRUPlus: mucks hand
Velbor107 collected $35.50 from pot
*** SUMMARY ***
Total pot $36 | Rake $0.50
Board [8h 6d 4c Jc Ad]
Seat 1: Velbor107 (button) (small blind) showed [Ac Qd] and won ($35.50) with a pair of Aces
Seat 3: IRUPlus (big blind) mucked


PokerStars Hand #159052772877:  Hold'em Limit ($3/$6 USD) - 2016/09/24 20:44:43 ET
Table 'Weber II' 6-max Seat #1 is the button
Seat 1: Velbor107 ($302.92 in chips)
Seat 3: IRUPlus ($113.38 in chips)
Velbor107: posts small blind $1
IRUPlus: posts big blind $3
*** HOLE CARDS ***
Velbor107: raises $3 to $6
IRUPlus: calls $3
*** FLOP *** [6s 8h 9c]
IRUPlus: bets $3
Velbor107: folds
Uncalled bet ($3) returned to IRUPlus
IRUPlus collected $11.76 from pot
*** SUMMARY ***
Total pot $12 | Rake $0.24
Board [6s 8h 9c]
Seat 1: Velbor107 (button) (small blind) folded on the Flop
Seat 3: IRUPlus (big blind) collected ($11.76)


PokerStars Hand #159052764324:  Hold'em Limit ($3/$6 USD) - 2016/09/24 20:44:23 ET
Table 'Weber II' 6-max Seat #3 is the button
Seat 1: Velbor107 ($326.92 in chips)
Seat 3: IRUPlus ($89.88 in chips)
IRUPlus: posts small blind $1
Velbor107: posts big blind $3
*** HOLE CARDS ***
IRUPlus: raises $3 to $6
Velbor107: raises $3 to $9
IRUPlus: raises $3 to $12
Betting is capped
Velbor107: calls $3
*** FLOP *** [5d 7h 6d]
Velbor107: bets $3
IRUPlus: raises $3 to $6
Velbor107: calls $3
*** TURN *** [5d 7h 6d] [8c]
Velbor107: checks
IRUPlus: bets $6
Velbor107: calls $6
*** RIVER *** [5d 7h 6d 8c] [2c]
Velbor107: checks
IRUPlus: checks
*** SHOW DOWN ***
Velbor107: shows [3c 3d] (a pair of Threes)
IRUPlus: shows [Kh 6s] (a pair of Sixes)
IRUPlus collected $47.50 from pot
*** SUMMARY ***
Total pot $48 | Rake $0.50
Board [5d 7h 6d 8c 2c]
Seat 1: Velbor107 (big blind) showed [3c 3d] and lost with a pair of Threes
Seat 3: IRUPlus (button) (small blind) showed [Kh 6s] and won ($47.50) with a pair of Sixes


PokerStars Hand #159052753104:  Hold'em Limit ($3/$6 USD) - 2016/09/24 20:43:58 ET
Table 'Weber II' 6-max Seat #1 is the button
Seat 1: Velbor107 ($300.42 in chips)
Seat 3: IRUPlus ($116.88 in chips)
Velbor107: posts small blind $1
IRUPlus: posts big blind $3
*** HOLE CARDS ***
Velbor107: raises $3 to $6
IRUPlus: calls $3
*** FLOP *** [8h 5d Kc]
IRUPlus: checks
Velbor107: bets $3
IRUPlus: calls $3
*** TURN *** [8h 5d Kc] [Qd]
IRUPlus: checks
Velbor107: bets $6
IRUPlus: raises $6 to $12
Velbor107: calls $6
*** RIVER *** [8h 5d Kc Qd] [3c]
IRUPlus: bets $6
Velbor107: calls $6
*** SHOW DOWN ***
IRUPlus: shows [9h Tc] (high card King)
Velbor107: shows [9s Qc] (a pair of Queens)
Velbor107 collected $53.50 from pot
*** SUMMARY ***
Total pot $54 | Rake $0.50
Board [8h 5d Kc Qd 3c]
Seat 1: Velbor107 (button) (small blind) showed [9s Qc] and won ($53.50) with a pair of Queens
Seat 3: IRUPlus (big blind) showed [9h Tc] and lost with high card King


PokerStars Hand #159052805364:  Hold'em Limit ($3/$6 USD) - 2016/09/24 20:45:56 ET
Table 'Weber II' 6-max Seat #1 is the button
Seat 1: Velbor107 ($242.92 in chips)
Seat 3: IRUPlus ($171.78 in chips)
Velbor107: posts small blind $1
IRUPlus: posts big blind $3
*** HOLE CARDS ***
Velbor107: raises $3 to $6
IRUPlus: folds
Uncalled bet ($3) returned to Velbor107
Velbor107 collected $6 from pot
*** SUMMARY ***
Total pot $6 | Rake $0
Seat 1: Velbor107 (button) (small blind) collected ($6)
Seat 3: IRUPlus (big blind) folded before Flop


PokerStars Hand #159052796666:  Hold'em Limit ($3/$6 USD) - 2016/09/24 20:45:37 ET
Table 'Weber II' 6-max Seat #3 is the button
Seat 1: Velbor107 ($251.92 in chips)
Seat 3: IRUPlus ($163.14 in chips)
IRUPlus: posts small blind $1
Velbor107: posts big blind $3
*** HOLE CARDS ***
IRUPlus: raises $3 to $6
Velbor107: calls $3
*** FLOP *** [Ac Tc Ks]
Velbor107: checks
IRUPlus: bets $3
Velbor107: calls $3
*** TURN *** [Ac Tc Ks] [As]
Velbor107: checks
IRUPlus: bets $6
Velbor107: folds
Uncalled bet ($6) returned to IRUPlus
IRUPlus collected $17.64 from pot
*** SUMMARY ***
Total pot $18 | Rake $0.36
Board [Ac Tc Ks As]
Seat 1: Velbor107 (big blind) folded on the Turn
Seat 3: IRUPlus (button) (small blind) collected ($17.64)


PokerStars Hand #159052788545:  Hold'em Limit ($3/$6 USD) - 2016/09/24 20:45:18 ET
Table 'Weber II' 6-max Seat #1 is the button
Seat 1: Velbor107 ($275.92 in chips)
Seat 3: IRUPlus ($139.64 in chips)
Velbor107: posts small blind $1
IRUPlus: posts big blind $3
*** HOLE CARDS ***
Velbor107: raises $3 to $6
IRUPlus: calls $3
*** FLOP *** [6c 9s Td]
IRUPlus: checks
Velbor107: bets $3
IRUPlus: raises $3 to $6
Velbor107: calls $3
*** TURN *** [6c 9s Td] [2c]
IRUPlus: bets $6
Velbor107: calls $6
*** RIVER *** [6c 9s Td 2c] [Qs]
IRUPlus: bets $6
Velbor107: calls $6
*** SHOW DOWN ***
IRUPlus: shows [8d Qh] (a pair of Queens)
Velbor107: mucks hand
IRUPlus collected $47.50 from pot
*** SUMMARY ***
Total pot $48 | Rake $0.50
Board [6c 9s Td 2c Qs]
Seat 1: Velbor107 (button) (small blind) mucked
Seat 3: IRUPlus (big blind) showed [8d Qh] and won ($47.50) with a pair of Queens


PokerStars Hand #159052779916:  Hold'em Limit ($3/$6 USD) - 2016/09/24 20:44:58 ET
Table 'Weber II' 6-max Seat #3 is the button
Seat 1: Velbor107 ($296.92 in chips)
Seat 3: IRUPlus ($119.14 in chips)
IRUPlus: posts small blind $1
Velbor107: posts big blind $3
*** HOLE CARDS ***
IRUPlus: raises $3 to $6
Velbor107: calls $3
*** FLOP *** [Jh Ah 2c]
Velbor107: checks
IRUPlus: bets $3
Velbor107: raises $3 to $6
IRUPlus: raises $3 to $9
Velbor107: calls $3
*** TURN *** [Jh Ah 2c] [6d]
Velbor107: checks
IRUPlus: checks
*** RIVER *** [Jh Ah 2c 6d] [2d]
Velbor107: bets $6
IRUPlus: calls $6
*** SHOW DOWN ***
Velbor107: shows [4h 5h] (a pair of Deuces)
IRUPlus: shows [Td Jc] (two pair, Jacks and Deuces)
IRUPlus collected $41.50 from pot
*** SUMMARY ***
Total pot $42 | Rake $0.50
Board [Jh Ah 2c 6d 2d]
Seat 1: Velbor107 (big blind) showed [4h 5h] and lost with a pair of Deuces
Seat 3: IRUPlus (button) (small blind) showed [Td Jc] and won ($41.50) with two pair, Jacks and Deuces


PokerStars Hand #159052807407:  Hold'em Limit ($3/$6 USD) - 2016/09/24 20:46:01 ET
Table 'Weber II' 6-max Seat #3 is the button
Seat 1: Velbor107 ($245.92 in chips)
Seat 3: IRUPlus ($168.78 in chips)
IRUPlus: posts small blind $1
Velbor107: posts big blind $3
*** HOLE CARDS ***
IRUPlus: raises $3 to $6
Velbor107: raises $3 to $9
IRUPlus: calls $3
*** FLOP *** [Ks 3h Ac]
Velbor107: bets $3
IRUPlus: raises $3 to $6
Velbor107: folds
Uncalled bet ($3) returned to IRUPlus
IRUPlus collected $23.52 from pot
*** SUMMARY ***
Total pot $24 | Rake $0.48
Board [Ks 3h Ac]
Seat 1: Velbor107 (big blind) folded on the Flop
Seat 3: IRUPlus (button) (small blind) collected ($23.52)


PokerStars Hand #159052826375:  Hold'em Limit ($3/$6 USD) - 2016/09/24 20:46:44 ET
Table 'Weber II' 6-max Seat #1 is the button
Seat 1: Velbor107 ($221.92 in chips)
Seat 3: IRUPlus ($191.82 in chips)
Velbor107: posts small blind $1
IRUPlus: posts big blind $3
*** HOLE CARDS ***
Velbor107: raises $3 to $6
IRUPlus: calls $3
*** FLOP *** [8c Qh 6h]
IRUPlus: bets $3
Velbor107: calls $3
*** TURN *** [8c Qh 6h] [Ad]
IRUPlus: checks
Velbor107: bets $6
IRUPlus: calls $6
*** RIVER *** [8c Qh 6h Ad] [5d]
IRUPlus: bets $6
Velbor107: calls $6
*** SHOW DOWN ***
IRUPlus: shows [5s 8d] (two pair, Eights and Fives)
Velbor107: mucks hand
IRUPlus collected $41.50 from pot
*** SUMMARY ***
Total pot $42 | Rake $0.50
Board [8c Qh 6h Ad 5d]
Seat 1: Velbor107 (button) (small blind) mucked
Seat 3: IRUPlus (big blind) showed [5s 8d] and won ($41.50) with two pair, Eights and Fives


PokerStars Hand #159052814017:  Hold'em Limit ($3/$6 USD) - 2016/09/24 20:46:16 ET
Table 'Weber II' 6-max Seat #1 is the button
Seat 1: Velbor107 ($233.92 in chips)
Seat 3: IRUPlus ($180.30 in chips)
Velbor107: posts small blind $1
IRUPlus: posts big blind $3
*** HOLE CARDS ***
Velbor107: raises $3 to $6
IRUPlus: raises $3 to $9
Velbor107: calls $3
*** FLOP *** [5h 4c 8h]
IRUPlus: checks
Velbor107: checks
*** TURN *** [5h 4c 8h] [9c]
IRUPlus: checks
Velbor107: checks
*** RIVER *** [5h 4c 8h 9c] [2c]
IRUPlus: checks
Velbor107: checks
*** SHOW DOWN ***
IRUPlus: shows [Td Ks] (high card King)
Velbor107: mucks hand
IRUPlus collected $17.64 from pot
*** SUMMARY ***
Total pot $18 | Rake $0.36
Board [5h 4c 8h 9c 2c]
Seat 1: Velbor107 (button) (small blind) mucked
Seat 3: IRUPlus (big blind) showed [Td Ks] and won ($17.64) with high card King


PokerStars Hand #159052860177:  Hold'em Limit ($3/$6 USD) - 2016/09/24 20:48:01 ET
Table 'Weber II' 6-max Seat #1 is the button
Seat 1: Velbor107 ($185.42 in chips)
Seat 3: IRUPlus ($226.32 in chips)
Velbor107: posts small blind $1
IRUPlus: posts big blind $3
*** HOLE CARDS ***
Velbor107: raises $3 to $6
IRUPlus: calls $3
*** FLOP *** [4s Qs Kd]
IRUPlus: checks
Velbor107: bets $3
IRUPlus: folds
Uncalled bet ($3) returned to Velbor107
Velbor107 collected $11.76 from pot
*** SUMMARY ***
Total pot $12 | Rake $0.24
Board [4s Qs Kd]
Seat 1: Velbor107 (button) (small blind) collected ($11.76)
Seat 3: IRUPlus (big blind) folded on the Flop


PokerStars Hand #159052850868:  Hold'em Limit ($3/$6 USD) - 2016/09/24 20:47:40 ET
Table 'Weber II' 6-max Seat #3 is the button
Seat 1: Velbor107 ($206.42 in chips)
Seat 3: IRUPlus ($205.82 in chips)
IRUPlus: posts small blind $1
Velbor107: posts big blind $3
*** HOLE CARDS ***
IRUPlus: raises $3 to $6
Velbor107: calls $3
*** FLOP *** [5d Kd Jd]
Velbor107: checks
IRUPlus: bets $3
Velbor107: calls $3
*** TURN *** [5d Kd Jd] [Kh]
Velbor107: checks
IRUPlus: bets $6
Velbor107: calls $6
*** RIVER *** [5d Kd Jd Kh] [5s]
Velbor107: checks
IRUPlus: bets $6
Velbor107: calls $6
*** SHOW DOWN ***
IRUPlus: shows [Jh Th] (two pair, Kings and Jacks)
Velbor107: mucks hand
IRUPlus collected $41.50 from pot
*** SUMMARY ***
Total pot $42 | Rake $0.50
Board [5d Kd Jd Kh 5s]
Seat 1: Velbor107 (big blind) mucked
Seat 3: IRUPlus (button) (small blind) showed [Jh Th] and won ($41.50) with two pair, Kings and Jacks


PokerStars Hand #159052844032:  Hold'em Limit ($3/$6 USD) - 2016/09/24 20:47:24 ET
Table 'Weber II' 6-max Seat #1 is the button
Seat 1: Velbor107 ($185.92 in chips)
Seat 3: IRUPlus ($226.82 in chips)
Velbor107: posts small blind $1
IRUPlus: posts big blind $3
*** HOLE CARDS ***
Velbor107: raises $3 to $6
IRUPlus: calls $3
*** FLOP *** [Kh 5d 4h]
IRUPlus: checks
Velbor107: bets $3
IRUPlus: calls $3
*** TURN *** [Kh 5d 4h] [8s]
IRUPlus: checks
Velbor107: bets $6
IRUPlus: calls $6
*** RIVER *** [Kh 5d 4h 8s] [3s]
IRUPlus: checks
Velbor107: bets $6
IRUPlus: calls $6
*** SHOW DOWN ***
Velbor107: shows [8h Qc] (a pair of Eights)
IRUPlus: mucks hand
Velbor107 collected $41.50 from pot
*** SUMMARY ***
Total pot $42 | Rake $0.50
Board [Kh 5d 4h 8s 3s]
Seat 1: Velbor107 (button) (small blind) showed [8h Qc] and won ($41.50) with a pair of Eights
Seat 3: IRUPlus (big blind) mucked


PokerStars Hand #159052889382:  Hold'em Limit ($3/$6 USD) - 2016/09/24 20:49:08 ET
Table 'Weber II' 6-max Seat #1 is the button
Seat 1: Velbor107 ($204.44 in chips)
Seat 3: IRUPlus ($205.96 in chips)
Velbor107: posts small blind $1
IRUPlus: posts big blind $3
*** HOLE CARDS ***
Velbor107: folds
Uncalled bet ($2) returned to IRUPlus
IRUPlus collected $2 from pot
*** SUMMARY ***
Total pot $2 | Rake $0
Seat 1: Velbor107 (button) (small blind) folded before Flop
Seat 3: IRUPlus (big blind) collected ($2)


PokerStars Hand #159052887505:  Hold'em Limit ($3/$6 USD) - 2016/09/24 20:49:04 ET
Table 'Weber II' 6-max Seat #3 is the button
Seat 1: Velbor107 ($203.44 in chips)
Seat 3: IRUPlus ($206.96 in chips)
IRUPlus: posts small blind $1
Velbor107: posts big blind $3
*** HOLE CARDS ***
IRUPlus: folds
Uncalled bet ($2) returned to Velbor107
Velbor107 collected $2 from pot
*** SUMMARY ***
Total pot $2 | Rake $0
Seat 1: Velbor107 (big blind) collected ($2)
Seat 3: IRUPlus (button) (small blind) folded before Flop


PokerStars Hand #159052881709:  Hold'em Limit ($3/$6 USD) - 2016/09/24 20:48:50 ET
Table 'Weber II' 6-max Seat #1 is the button
Seat 1: Velbor107 ($197.68 in chips)
Seat 3: IRUPlus ($212.96 in chips)
Velbor107: posts small blind $1
IRUPlus: posts big blind $3
*** HOLE CARDS ***
Velbor107: raises $3 to $6
IRUPlus: calls $3
*** FLOP *** [Tc 5d Kd]
IRUPlus: checks
Velbor107: bets $3
IRUPlus: folds
Uncalled bet ($3) returned to Velbor107
Velbor107 collected $11.76 from pot
*** SUMMARY ***
Total pot $12 | Rake $0.24
Board [Tc 5d Kd]
Seat 1: Velbor107 (button) (small blind) collected ($11.76)
Seat 3: IRUPlus (big blind) folded on the Flop


PokerStars Hand #159052872795:  Hold'em Limit ($3/$6 USD) - 2016/09/24 20:48:30 ET
Table 'Weber II' 6-max Seat #3 is the button
Seat 1: Velbor107 ($183.18 in chips)
Seat 3: IRUPlus ($227.96 in chips)
IRUPlus: posts small blind $1
Velbor107: posts big blind $3
*** HOLE CARDS ***
IRUPlus: raises $3 to $6
Velbor107: calls $3
*** FLOP *** [Kh As 3c]
Velbor107: checks
IRUPlus: bets $3
Velbor107: calls $3
*** TURN *** [Kh As 3c] [3s]
Velbor107: checks
IRUPlus: checks
*** RIVER *** [Kh As 3c 3s] [Kc]
Velbor107: bets $6
IRUPlus: calls $6
*** SHOW DOWN ***
Velbor107: shows [Kd 4c] (a full house, Kings full of Threes)
IRUPlus: mucks hand
Velbor107 collected $29.50 from pot
*** SUMMARY ***
Total pot $30 | Rake $0.50
Board [Kh As 3c 3s Kc]
Seat 1: Velbor107 (big blind) showed [Kd 4c] and won ($29.50) with a full house, Kings full of Threes
Seat 3: IRUPlus (button) (small blind) mucked


PokerStars Hand #159052867321:  Hold'em Limit ($3/$6 USD) - 2016/09/24 20:48:17 ET
Table 'Weber II' 6-max Seat #1 is the button
Seat 1: Velbor107 ($192.18 in chips)
Seat 3: IRUPlus ($219.32 in chips)
Velbor107: posts small blind $1
IRUPlus: posts big blind $3
*** HOLE CARDS ***
Velbor107: raises $3 to $6
IRUPlus: raises $3 to $9
Velbor107: calls $3
*** FLOP *** [2h 8d Ts]
IRUPlus: checks
Velbor107: checks
*** TURN *** [2h 8d Ts] [7c]
IRUPlus: bets $6
Velbor107: folds
Uncalled bet ($6) returned to IRUPlus
IRUPlus collected $17.64 from pot
*** SUMMARY ***
Total pot $18 | Rake $0.36
Board [2h 8d Ts 7c]
Seat 1: Velbor107 (button) (small blind) folded on the Turn
Seat 3: IRUPlus (big blind) collected ($17.64)


PokerStars Hand #159052865503:  Hold'em Limit ($3/$6 USD) - 2016/09/24 20:48:13 ET
Table 'Weber II' 6-max Seat #3 is the button
Seat 1: Velbor107 ($191.18 in chips)
Seat 3: IRUPlus ($220.32 in chips)
IRUPlus: posts small blind $1
Velbor107: posts big blind $3
*** HOLE CARDS ***
IRUPlus: folds
Uncalled bet ($2) returned to Velbor107
Velbor107 collected $2 from pot
*** SUMMARY ***
Total pot $2 | Rake $0
Seat 1: Velbor107 (big blind) collected ($2)
Seat 3: IRUPlus (button) (small blind) folded before Flop


PokerStars Hand #159052901467:  Hold'em Limit ($3/$6 USD) - 2016/09/24 20:49:36 ET
Table 'Weber II' 6-max Seat #3 is the button
Seat 1: Velbor107 ($227.94 in chips)
Seat 3: IRUPlus ($181.96 in chips)
IRUPlus: posts small blind $1
Velbor107: posts big blind $3
*** HOLE CARDS ***
IRUPlus: raises $3 to $6
Velbor107: calls $3
*** FLOP *** [9d 3d Qd]
Velbor107: checks
IRUPlus: bets $3
Velbor107: folds
Uncalled bet ($3) returned to IRUPlus
IRUPlus collected $11.76 from pot
*** SUMMARY ***
Total pot $12 | Rake $0.24
Board [9d 3d Qd]
Seat 1: Velbor107 (big blind) folded on the Flop
Seat 3: IRUPlus (button) (small blind) collected ($11.76)


PokerStars Hand #159052893021:  Hold'em Limit ($3/$6 USD) - 2016/09/24 20:49:16 ET
Table 'Weber II' 6-max Seat #1 is the button
Seat 1: Velbor107 ($204.44 in chips)
Seat 3: IRUPlus ($205.96 in chips)
Velbor107: posts small blind $1
IRUPlus: posts big blind $3
*** HOLE CARDS ***
Velbor107: raises $3 to $6
IRUPlus: raises $3 to $9
Velbor107: calls $3
*** FLOP *** [7c Jc 6d]
IRUPlus: checks
Velbor107: bets $3
IRUPlus: calls $3
*** TURN *** [7c Jc 6d] [Ts]
IRUPlus: checks
Velbor107: bets $6
IRUPlus: calls $6
*** RIVER *** [7c Jc 6d Ts] [2c]
IRUPlus: checks
Velbor107: bets $6
IRUPlus: calls $6
*** SHOW DOWN ***
Velbor107: shows [6s 6h] (three of a kind, Sixes)
IRUPlus: mucks hand
Velbor107 collected $47.50 from pot
*** SUMMARY ***
Total pot $48 | Rake $0.50
Board [7c Jc 6d Ts 2c]
Seat 1: Velbor107 (button) (small blind) showed [6s 6h] and won ($47.50) with three of a kind, Sixes
Seat 3: IRUPlus (big blind) mucked


PokerStars Hand #159052891183:  Hold'em Limit ($3/$6 USD) - 2016/09/24 20:49:12 ET
Table 'Weber II' 6-max Seat #3 is the button
Seat 1: Velbor107 ($203.44 in chips)
Seat 3: IRUPlus ($206.96 in chips)
IRUPlus: posts small blind $1
Velbor107: posts big blind $3
*** HOLE CARDS ***
IRUPlus: folds
Uncalled bet ($2) returned to Velbor107
Velbor107 collected $2 from pot
*** SUMMARY ***
Total pot $2 | Rake $0
Seat 1: Velbor107 (big blind) collected ($2)
Seat 3: IRUPlus (button) (small blind) folded before Flop


PokerStars Hand #159052908235:  Hold'em Limit ($3/$6 USD) - 2016/09/24 20:49:52 ET
Table 'Weber II' 6-max Seat #1 is the button
Seat 1: Velbor107 ($221.94 in chips)
Seat 3: IRUPlus ($187.72 in chips)
Velbor107: posts small blind $1
IRUPlus: posts big blind $3
*** HOLE CARDS ***
Velbor107: raises $3 to $6
IRUPlus: calls $3
*** FLOP *** [8c 6c 2h]
IRUPlus: bets $3
Velbor107: calls $3
*** TURN *** [8c 6c 2h] [7s]
IRUPlus: bets $6
Velbor107: raises $6 to $12
IRUPlus: calls $6
*** RIVER *** [8c 6c 2h 7s] [3s]
IRUPlus: checks
Velbor107: bets $6
IRUPlus: calls $6
*** SHOW DOWN ***
Velbor107: shows [9c Tc] (a straight, Six to Ten)
IRUPlus: mucks hand
Velbor107 collected $53.50 from pot
*** SUMMARY ***
Total pot $54 | Rake $0.50
Board [8c 6c 2h 7s 3s]
Seat 1: Velbor107 (button) (small blind) showed [9c Tc] and won ($53.50) with a straight, Six to Ten
Seat 3: IRUPlus (big blind) mucked


PokerStars Hand #159052926717:  Hold'em Limit ($3/$6 USD) - 2016/09/24 20:50:21 ET
Table 'Weber II' 6-max Seat #1 is the button
Seat 1: Velbor107 ($254.20 in chips)
Seat 3: IRUPlus ($154.72 in chips)
Velbor107: posts small blind $1
IRUPlus: posts big blind $3
*** HOLE CARDS ***
Velbor107: raises $3 to $6
IRUPlus: folds
Uncalled bet ($3) returned to Velbor107
Velbor107 collected $6 from pot
*** SUMMARY ***
Total pot $6 | Rake $0
Seat 1: Velbor107 (button) (small blind) collected ($6)
Seat 3: IRUPlus (big blind) folded before Flop


PokerStars Hand #159052934561:  Hold'em Limit ($3/$6 USD) - 2016/09/24 20:50:39 ET
Table 'Weber II' 6-max Seat #3 is the button
Seat 1: Velbor107 ($257.20 in chips)
Seat 3: IRUPlus ($151.72 in chips)
IRUPlus: posts small blind $1
Velbor107: posts big blind $3
*** HOLE CARDS ***
IRUPlus: folds
Uncalled bet ($2) returned to Velbor107
Velbor107 collected $2 from pot
*** SUMMARY ***
Total pot $2 | Rake $0
Seat 1: Velbor107 (big blind) collected ($2)
Seat 3: IRUPlus (button) (small blind) folded before Flop


PokerStars Hand #159052931960:  Hold'em Limit ($3/$6 USD) - 2016/09/24 20:50:33 ET
Table 'Weber II' 6-max Seat #1 is the button
Seat 1: Velbor107 ($258.20 in chips)
Seat 3: IRUPlus ($150.72 in chips)
Velbor107: posts small blind $1
IRUPlus: posts big blind $3
*** HOLE CARDS ***
Velbor107: folds
Uncalled bet ($2) returned to IRUPlus
IRUPlus collected $2 from pot
*** SUMMARY ***
Total pot $2 | Rake $0
Seat 1: Velbor107 (button) (small blind) folded before Flop
Seat 3: IRUPlus (big blind) collected ($2)


PokerStars Hand #159052936442:  Hold'em Limit ($3/$6 USD) - 2016/09/24 20:50:43 ET
Table 'Weber II' 6-max Seat #1 is the button
Seat 1: Velbor107 ($258.20 in chips)
Seat 3: IRUPlus ($150.72 in chips)
Velbor107: posts small blind $1
IRUPlus: posts big blind $3
*** HOLE CARDS ***
Velbor107: raises $3 to $6
IRUPlus: raises $3 to $9
Velbor107: calls $3
*** FLOP *** [8h 3c 3h]
IRUPlus: checks
Velbor107: checks
*** TURN *** [8h 3c 3h] [5d]
IRUPlus: checks
Velbor107: bets $6
IRUPlus: raises $6 to $12
Velbor107: folds
Uncalled bet ($6) returned to IRUPlus
IRUPlus collected $29.50 from pot
*** SUMMARY ***
Total pot $30 | Rake $0.50
Board [8h 3c 3h 5d]
Seat 1: Velbor107 (button) (small blind) folded on the Turn
Seat 3: IRUPlus (big blind) collected ($29.50)


PokerStars Hand #159052921376:  Hold'em Limit ($3/$6 USD) - 2016/09/24 20:50:08 ET
Table 'Weber II' 6-max Seat #3 is the button
Seat 1: Velbor107 ($248.44 in chips)
Seat 3: IRUPlus ($160.72 in chips)
IRUPlus: posts small blind $1
Velbor107: posts big blind $3
*** HOLE CARDS ***
IRUPlus: raises $3 to $6
Velbor107: calls $3
*** FLOP *** [Ad Qd 2s]
Velbor107: checks
IRUPlus: checks
*** TURN *** [Ad Qd 2s] [As]
Velbor107: bets $6
IRUPlus: folds
Uncalled bet ($6) returned to Velbor107
Velbor107 collected $11.76 from pot
*** SUMMARY ***
Total pot $12 | Rake $0.24
Board [Ad Qd 2s As]
Seat 1: Velbor107 (big blind) collected ($11.76)
Seat 3: IRUPlus (button) (small blind) folded on the Turn


PokerStars Hand #159052970091:  Hold'em Limit ($3/$6 USD) - 2016/09/24 20:52:02 ET
Table 'Weber II' 6-max Seat #1 is the button
Seat 1: Velbor107 ($306.20 in chips)
Seat 3: IRUPlus ($101.22 in chips)
Velbor107: posts small blind $1
IRUPlus: posts big blind $3
*** HOLE CARDS ***
Velbor107: folds
Uncalled bet ($2) returned to IRUPlus
IRUPlus collected $2 from pot
*** SUMMARY ***
Total pot $2 | Rake $0
Seat 1: Velbor107 (button) (small blind) folded before Flop
Seat 3: IRUPlus (big blind) collected ($2)


PokerStars Hand #159052955324:  Hold'em Limit ($3/$6 USD) - 2016/09/24 20:51:28 ET
Table 'Weber II' 6-max Seat #1 is the button
Seat 1: Velbor107 ($281.70 in chips)
Seat 3: IRUPlus ($126.22 in chips)
Velbor107: posts small blind $1
IRUPlus: posts big blind $3
*** HOLE CARDS ***
Velbor107: raises $3 to $6
IRUPlus: folds
Uncalled bet ($3) returned to Velbor107
Velbor107 collected $6 from pot
*** SUMMARY ***
Total pot $6 | Rake $0
Seat 1: Velbor107 (button) (small blind) collected ($6)
Seat 3: IRUPlus (big blind) folded before Flop


PokerStars Hand #159052944255:  Hold'em Limit ($3/$6 USD) - 2016/09/24 20:51:01 ET
Table 'Weber II' 6-max Seat #3 is the button
Seat 1: Velbor107 ($243.20 in chips)
Seat 3: IRUPlus ($165.22 in chips)
IRUPlus: posts small blind $1
Velbor107: posts big blind $3
*** HOLE CARDS ***
IRUPlus: raises $3 to $6
Velbor107: raises $3 to $9
IRUPlus: calls $3
*** FLOP *** [Jh Qh 2d]
Velbor107: bets $3
IRUPlus: raises $3 to $6
Velbor107: calls $3
*** TURN *** [Jh Qh 2d] [9h]
Velbor107: checks
IRUPlus: bets $6
Velbor107: calls $6
*** RIVER *** [Jh Qh 2d 9h] [Ah]
Velbor107: bets $6
IRUPlus: raises $6 to $12
Velbor107: raises $6 to $18
IRUPlus: calls $6
*** SHOW DOWN ***
Velbor107: shows [Kh Jd] (a flush, Ace high)
IRUPlus: mucks hand
Velbor107 collected $77.50 from pot
*** SUMMARY ***
Total pot $78 | Rake $0.50
Board [Jh Qh 2d 9h Ah]
Seat 1: Velbor107 (big blind) showed [Kh Jd] and won ($77.50) with a flush, Ace high
Seat 3: IRUPlus (button) (small blind) mucked


PokerStars Hand #159052959942:  Hold'em Limit ($3/$6 USD) - 2016/09/24 20:51:38 ET
Table 'Weber II' 6-max Seat #1 is the button
Seat 1: Velbor107 ($285.70 in chips)
Seat 3: IRUPlus ($122.22 in chips)
Velbor107: posts small blind $1
IRUPlus: posts big blind $3
*** HOLE CARDS ***
Velbor107: raises $3 to $6
IRUPlus: folds
Uncalled bet ($3) returned to Velbor107
Velbor107 collected $6 from pot
*** SUMMARY ***
Total pot $6 | Rake $0
Seat 1: Velbor107 (button) (small blind) collected ($6)
Seat 3: IRUPlus (big blind) folded before Flop


PokerStars Hand #159052958130:  Hold'em Limit ($3/$6 USD) - 2016/09/24 20:51:34 ET
Table 'Weber II' 6-max Seat #3 is the button
Seat 1: Velbor107 ($284.70 in chips)
Seat 3: IRUPlus ($123.22 in chips)
IRUPlus: posts small blind $1
Velbor107: posts big blind $3
*** HOLE CARDS ***
IRUPlus: folds
Uncalled bet ($2) returned to Velbor107
Velbor107 collected $2 from pot
*** SUMMARY ***
Total pot $2 | Rake $0
Seat 1: Velbor107 (big blind) collected ($2)
Seat 3: IRUPlus (button) (small blind) folded before Flop


PokerStars Hand #159052961953:  Hold'em Limit ($3/$6 USD) - 2016/09/24 20:51:43 ET
Table 'Weber II' 6-max Seat #3 is the button
Seat 1: Velbor107 ($288.70 in chips)
Seat 3: IRUPlus ($119.22 in chips)
IRUPlus: posts small blind $1
Velbor107: posts big blind $3
*** HOLE CARDS ***
IRUPlus: raises $3 to $6
Velbor107: calls $3
*** FLOP *** [Ks 9d 4c]
Velbor107: checks
IRUPlus: checks
*** TURN *** [Ks 9d 4c] [3d]
Velbor107: bets $6
IRUPlus: raises $6 to $12
Velbor107: calls $6
*** RIVER *** [Ks 9d 4c 3d] [2d]
Velbor107: checks
IRUPlus: checks
*** SHOW DOWN ***
Velbor107: shows [9c Qc] (a pair of Nines)
IRUPlus: mucks hand
Velbor107 collected $35.50 from pot
*** SUMMARY ***
Total pot $36 | Rake $0.50
Board [Ks 9d 4c 3d 2d]
Seat 1: Velbor107 (big blind) showed [9c Qc] and won ($35.50) with a pair of Nines
Seat 3: IRUPlus (button) (small blind) mucked


PokerStars Hand #159052972843:  Hold'em Limit ($3/$6 USD) - 2016/09/24 20:52:08 ET
Table 'Weber II' 6-max Seat #3 is the button
Seat 1: Velbor107 ($305.20 in chips)
Seat 3: IRUPlus ($102.22 in chips)
IRUPlus: posts small blind $1
Velbor107: posts big blind $3
*** HOLE CARDS ***
IRUPlus: calls $2
Velbor107: checks
*** FLOP *** [Qd 4d 2s]
Velbor107: checks
IRUPlus: bets $3
Velbor107: raises $3 to $6
IRUPlus: calls $3
*** TURN *** [Qd 4d 2s] [Ts]
Velbor107: bets $6
IRUPlus: raises $6 to $12
Velbor107: calls $6
*** RIVER *** [Qd 4d 2s Ts] [Ad]
Velbor107: checks
IRUPlus: checks
*** SHOW DOWN ***
Velbor107: shows [8h Qc] (a pair of Queens)
IRUPlus: mucks hand
Velbor107 collected $41.50 from pot
*** SUMMARY ***
Total pot $42 | Rake $0.50
Board [Qd 4d 2s Ts Ad]
Seat 1: Velbor107 (big blind) showed [8h Qc] and won ($41.50) with a pair of Queens
Seat 3: IRUPlus (button) (small blind) mucked


PokerStars Hand #159052981202:  Hold'em Limit ($3/$6 USD) - 2016/09/24 20:52:27 ET
Table 'Weber II' 6-max Seat #1 is the button
Seat 1: Velbor107 ($325.70 in chips)
Seat 3: IRUPlus ($81.22 in chips)
Velbor107: posts small blind $1
IRUPlus: posts big blind $3
*** HOLE CARDS ***
Velbor107: folds
Uncalled bet ($2) returned to IRUPlus
duplet99 joins the table at seat #6
IRUPlus collected $2 from pot
*** SUMMARY ***
Total pot $2 | Rake $0
Seat 1: Velbor107 (button) (small blind) folded before Flop
Seat 3: IRUPlus (big blind) collected ($2)


PokerStars Hand #159054850607:  Hold'em Limit ($3/$6 USD) - 2016/09/24 22:13:37 ET
Table 'Weber II' 6-max Seat #5 is the button
Seat 5: I M GOIN OFF ($243.91 in chips)
Seat 6: knas4 ($57.48 in chips)
I M GOIN OFF: posts small blind $1
knas4: posts big blind $3
*** HOLE CARDS ***
I M GOIN OFF: folds
Uncalled bet ($2) returned to knas4
knas4 collected $2 from pot
*** SUMMARY ***
Total pot $2 | Rake $0
Seat 5: I M GOIN OFF (button) (small blind) folded before Flop
Seat 6: knas4 (big blind) collected ($2)


PokerStars Hand #159054845741:  Hold'em Limit ($3/$6 USD) - 2016/09/24 22:13:23 ET
Table 'Weber II' 6-max Seat #6 is the button
Seat 5: I M GOIN OFF ($242.91 in chips)
Seat 6: knas4 ($58.48 in chips)
knas4: posts small blind $1
kiwi/mike: is sitting out
Velbor107: is sitting out
I M GOIN OFF: posts big blind $3
*** HOLE CARDS ***
Velbor107 leaves the table
kiwi/mike leaves the table
knas4: folds
Uncalled bet ($2) returned to I M GOIN OFF
I M GOIN OFF collected $2 from pot
I M GOIN OFF: doesn't show hand
*** SUMMARY ***
Total pot $2 | Rake $0
Seat 5: I M GOIN OFF (big blind) collected ($2)
Seat 6: knas4 (button) (small blind) folded before Flop


