PokerStars Hand #162723683616:  Hold'em Limit ($3/$6 USD) - 2016/12/10 12:45:50 ET
Table 'Weber' 6-max Seat #3 is the button
Seat 3: Zovanna ($91 in chips)
Seat 4: kolaz03 ($100.26 in chips)
Zovanna: posts small blind $1
kolaz03: posts big blind $3
*** HOLE CARDS ***
Zovanna: folds
Uncalled bet ($2) returned to kolaz03
kolaz03 collected $2 from pot
kolaz03: doesn't show hand
*** SUMMARY ***
Total pot $2 | Rake $0
Seat 3: Zovanna (button) (small blind) folded before Flop
Seat 4: kolaz03 (big blind) collected ($2)


PokerStars Hand #162723678074:  Hold'em Limit ($3/$6 USD) - 2016/12/10 12:45:44 ET
Table 'Weber' 6-max Seat #4 is the button
Seat 3: Zovanna ($90 in chips)
Seat 4: kolaz03 ($101.26 in chips)
kolaz03: posts small blind $1
Zovanna: posts big blind $3
*** HOLE CARDS ***
kolaz03: folds
Uncalled bet ($2) returned to Zovanna
Zovanna collected $2 from pot
*** SUMMARY ***
Total pot $2 | Rake $0
Seat 3: Zovanna (big blind) collected ($2)
Seat 4: kolaz03 (button) (small blind) folded before Flop


PokerStars Hand #162723664266:  Hold'em Limit ($3/$6 USD) - 2016/12/10 12:45:29 ET
Table 'Weber' 6-max Seat #3 is the button
Seat 3: Zovanna ($96 in chips)
Seat 4: kolaz03 ($95.50 in chips)
Zovanna: posts small blind $1
kolaz03: posts big blind $3
*** HOLE CARDS ***
Zovanna: calls $2
kolaz03: raises $3 to $6
Zovanna: calls $3
*** FLOP *** [Jd 3d 2d]
kolaz03: bets $3
Zovanna: folds
Uncalled bet ($3) returned to kolaz03
kolaz03 collected $11.76 from pot
kolaz03: doesn't show hand
*** SUMMARY ***
Total pot $12 | Rake $0.24
Board [Jd 3d 2d]
Seat 3: Zovanna (button) (small blind) folded on the Flop
Seat 4: kolaz03 (big blind) collected ($11.76)


PokerStars Hand #162723640338:  Hold'em Limit ($3/$6 USD) - 2016/12/10 12:45:03 ET
Table 'Weber' 6-max Seat #4 is the button
Seat 3: Zovanna ($120 in chips)
Seat 4: kolaz03 ($72 in chips)
kolaz03: posts small blind $1
GoliafUa: is sitting out
Zovanna: posts big blind $3
*** HOLE CARDS ***
kolaz03: raises $3 to $6
Zovanna: raises $3 to $9
kolaz03: calls $3
*** FLOP *** [6c Kh Js]
Zovanna: bets $3
kolaz03: calls $3
*** TURN *** [6c Kh Js] [6s]
Zovanna: bets $6
kolaz03: calls $6
*** RIVER *** [6c Kh Js 6s] [5d]
Zovanna: bets $6
kolaz03: raises $6 to $12
Zovanna: folds
Uncalled bet ($6) returned to kolaz03
kolaz03 collected $47.50 from pot
kolaz03: doesn't show hand
*** SUMMARY ***
Total pot $48 | Rake $0.50
Board [6c Kh Js 6s 5d]
Seat 3: Zovanna (big blind) folded on the River
Seat 4: kolaz03 (button) (small blind) collected ($47.50)


PokerStars Hand #162723709493:  Hold'em Limit ($3/$6 USD) - 2016/12/10 12:46:18 ET
Table 'Weber' 6-max Seat #3 is the button
Seat 3: Zovanna ($81 in chips)
Seat 4: kolaz03 ($109.90 in chips)
Zovanna: posts small blind $1
kolaz03: posts big blind $3
*** HOLE CARDS ***
Zovanna: raises $3 to $6
kolaz03: calls $3
*** FLOP *** [Qh Jc 4s]
kolaz03: checks
Zovanna: bets $3
kolaz03: folds
Uncalled bet ($3) returned to Zovanna
Zovanna collected $11.76 from pot
*** SUMMARY ***
Total pot $12 | Rake $0.24
Board [Qh Jc 4s]
Seat 3: Zovanna (button) (small blind) collected ($11.76)
Seat 4: kolaz03 (big blind) folded on the Flop


PokerStars Hand #162723687855:  Hold'em Limit ($3/$6 USD) - 2016/12/10 12:45:55 ET
Table 'Weber' 6-max Seat #4 is the button
Seat 3: Zovanna ($90 in chips)
Seat 4: kolaz03 ($101.26 in chips)
kolaz03: posts small blind $1
Zovanna: posts big blind $3
*** HOLE CARDS ***
kolaz03: raises $3 to $6
Zovanna: calls $3
*** FLOP *** [7s Qc 7c]
Zovanna: checks
kolaz03: bets $3
Zovanna: calls $3
*** TURN *** [7s Qc 7c] [2c]
Zovanna: checks
kolaz03: bets $6
Zovanna: folds
Uncalled bet ($6) returned to kolaz03
kolaz03 collected $17.64 from pot
kolaz03: doesn't show hand
*** SUMMARY ***
Total pot $18 | Rake $0.36
Board [7s Qc 7c 2c]
Seat 3: Zovanna (big blind) folded on the Turn
Seat 4: kolaz03 (button) (small blind) collected ($17.64)


PokerStars Hand #162723766524:  Hold'em Limit ($3/$6 USD) - 2016/12/10 12:47:19 ET
Table 'Weber' 6-max Seat #3 is the button
Seat 3: Zovanna ($62.76 in chips)
Seat 4: kolaz03 ($127.40 in chips)
Zovanna: posts small blind $1
kolaz03: posts big blind $3
*** HOLE CARDS ***
Zovanna: raises $3 to $6
kolaz03: calls $3
*** FLOP *** [Td 3c 4c]
kolaz03: checks
Zovanna: checks
*** TURN *** [Td 3c 4c] [Qs]
kolaz03: checks
Zovanna: checks
*** RIVER *** [Td 3c 4c Qs] [6s]
kolaz03: checks
Zovanna: checks
*** SHOW DOWN ***
kolaz03: shows [As 7c] (high card Ace)
Zovanna: shows [Ac Jh] (high card Ace - Queen+Jack kicker)
Zovanna collected $11.76 from pot
*** SUMMARY ***
Total pot $12 | Rake $0.24
Board [Td 3c 4c Qs 6s]
Seat 3: Zovanna (button) (small blind) showed [Ac Jh] and won ($11.76) with high card Ace
Seat 4: kolaz03 (big blind) showed [As 7c] and lost with high card Ace


PokerStars Hand #162723727489:  Hold'em Limit ($3/$6 USD) - 2016/12/10 12:46:38 ET
Table 'Weber' 6-max Seat #4 is the button
Seat 3: Zovanna ($86.76 in chips)
Seat 4: kolaz03 ($103.90 in chips)
kolaz03: posts small blind $1
Zovanna: posts big blind $3
*** HOLE CARDS ***
kolaz03: raises $3 to $6
Zovanna: raises $3 to $9
kolaz03: calls $3
*** FLOP *** [Kc 2c Kh]
Zovanna: bets $3
kolaz03: calls $3
*** TURN *** [Kc 2c Kh] [Qs]
Zovanna: bets $6
kolaz03: calls $6
*** RIVER *** [Kc 2c Kh Qs] [Qc]
Zovanna: bets $6
kolaz03: calls $6
*** SHOW DOWN ***
Zovanna: shows [Jc Js] (two pair, Kings and Queens)
kolaz03: shows [6c Tc] (a flush, King high)
kolaz03 collected $47.50 from pot
*** SUMMARY ***
Total pot $48 | Rake $0.50
Board [Kc 2c Kh Qs Qc]
Seat 3: Zovanna (big blind) showed [Jc Js] and lost with two pair, Kings and Queens
Seat 4: kolaz03 (button) (small blind) showed [6c Tc] and won ($47.50) with a flush, King high


PokerStars Hand #162723831378:  Hold'em Limit ($3/$6 USD) - 2016/12/10 12:48:26 ET
Table 'Weber' 6-max Seat #3 is the button
Seat 3: Zovanna ($152.71 in chips)
Seat 4: kolaz03 ($124.40 in chips)
Zovanna: posts small blind $1
kolaz03: posts big blind $3
*** HOLE CARDS ***
Zovanna: raises $3 to $6
kolaz03: calls $3
*** FLOP *** [4h 4d Qs]
kolaz03: checks
Zovanna: checks
*** TURN *** [4h 4d Qs] [2h]
kolaz03: checks
Zovanna: checks
*** RIVER *** [4h 4d Qs 2h] [9s]
kolaz03: checks
Zovanna: checks
*** SHOW DOWN ***
kolaz03: shows [Kh 5s] (a pair of Fours)
Zovanna: shows [Td Kc] (a pair of Fours - King+Queen+Ten kicker)
Zovanna collected $11.76 from pot
*** SUMMARY ***
Total pot $12 | Rake $0.24
Board [4h 4d Qs 2h 9s]
Seat 3: Zovanna (button) (small blind) showed [Td Kc] and won ($11.76) with a pair of Fours
Seat 4: kolaz03 (big blind) showed [Kh 5s] and lost with a pair of Fours


PokerStars Hand #162723826113:  Hold'em Limit ($3/$6 USD) - 2016/12/10 12:48:21 ET
Table 'Weber' 6-max Seat #4 is the button
Seat 3: Zovanna ($151.71 in chips)
Seat 4: kolaz03 ($125.40 in chips)
kolaz03: posts small blind $1
Zovanna: posts big blind $3
*** HOLE CARDS ***
kolaz03: folds
Uncalled bet ($2) returned to Zovanna
Zovanna collected $2 from pot
*** SUMMARY ***
Total pot $2 | Rake $0
Seat 3: Zovanna (big blind) collected ($2)
Seat 4: kolaz03 (button) (small blind) folded before Flop


PokerStars Hand #162723821437:  Hold'em Limit ($3/$6 USD) - 2016/12/10 12:48:16 ET
Table 'Weber' 6-max Seat #3 is the button
Seat 3: Zovanna ($152.71 in chips)
Seat 4: kolaz03 ($124.40 in chips)
Zovanna: posts small blind $1
kolaz03: posts big blind $3
*** HOLE CARDS ***
Zovanna: folds
Uncalled bet ($2) returned to kolaz03
kolaz03 collected $2 from pot
kolaz03: doesn't show hand
*** SUMMARY ***
Total pot $2 | Rake $0
Seat 3: Zovanna (button) (small blind) folded before Flop
Seat 4: kolaz03 (big blind) collected ($2)


PokerStars Hand #162723815387:  Hold'em Limit ($3/$6 USD) - 2016/12/10 12:48:10 ET
Table 'Weber' 6-max Seat #4 is the button
Seat 3: Zovanna ($151.71 in chips)
Seat 4: kolaz03 ($125.40 in chips)
kolaz03: posts small blind $1
Zovanna: posts big blind $3
*** HOLE CARDS ***
kolaz03: folds
Uncalled bet ($2) returned to Zovanna
Zovanna collected $2 from pot
*** SUMMARY ***
Total pot $2 | Rake $0
Seat 3: Zovanna (big blind) collected ($2)
Seat 4: kolaz03 (button) (small blind) folded before Flop


PokerStars Hand #162723810835:  Hold'em Limit ($3/$6 USD) - 2016/12/10 12:48:05 ET
Table 'Weber' 6-max Seat #3 is the button
Seat 3: Zovanna ($152.71 in chips)
Seat 4: kolaz03 ($124.40 in chips)
Zovanna: posts small blind $1
kolaz03: posts big blind $3
*** HOLE CARDS ***
Zovanna: folds
Uncalled bet ($2) returned to kolaz03
kolaz03 collected $2 from pot
kolaz03: doesn't show hand
*** SUMMARY ***
Total pot $2 | Rake $0
Seat 3: Zovanna (button) (small blind) folded before Flop
Seat 4: kolaz03 (big blind) collected ($2)


PokerStars Hand #162723801923:  Hold'em Limit ($3/$6 USD) - 2016/12/10 12:47:56 ET
Table 'Weber' 6-max Seat #4 is the button
Seat 3: Zovanna ($155.71 in chips)
Seat 4: kolaz03 ($121.40 in chips)
kolaz03: posts small blind $1
Zovanna: posts big blind $3
*** HOLE CARDS ***
kolaz03: raises $3 to $6
Zovanna: folds
Uncalled bet ($3) returned to kolaz03
kolaz03 collected $6 from pot
kolaz03: doesn't show hand
*** SUMMARY ***
Total pot $6 | Rake $0
Seat 3: Zovanna (big blind) folded before Flop
Seat 4: kolaz03 (button) (small blind) collected ($6)


PokerStars Hand #162723910585:  Hold'em Limit ($3/$6 USD) - 2016/12/10 12:49:48 ET
Table 'Weber' 6-max Seat #3 is the button
Seat 3: Zovanna ($138.11 in chips)
Seat 4: kolaz03 ($137.90 in chips)
Zovanna: posts small blind $1
kolaz03: posts big blind $3
*** HOLE CARDS ***
Zovanna: raises $3 to $6
kolaz03: folds
Uncalled bet ($3) returned to Zovanna
Zovanna collected $6 from pot
*** SUMMARY ***
Total pot $6 | Rake $0
Seat 3: Zovanna (button) (small blind) collected ($6)
Seat 4: kolaz03 (big blind) folded before Flop


PokerStars Hand #162723905640:  Hold'em Limit ($3/$6 USD) - 2016/12/10 12:49:42 ET
Table 'Weber' 6-max Seat #4 is the button
Seat 3: Zovanna ($137.11 in chips)
Seat 4: kolaz03 ($138.90 in chips)
kolaz03: posts small blind $1
Zovanna: posts big blind $3
*** HOLE CARDS ***
kolaz03: folds
Uncalled bet ($2) returned to Zovanna
Zovanna collected $2 from pot
*** SUMMARY ***
Total pot $2 | Rake $0
Seat 3: Zovanna (big blind) collected ($2)
Seat 4: kolaz03 (button) (small blind) folded before Flop


PokerStars Hand #162723882977:  Hold'em Limit ($3/$6 USD) - 2016/12/10 12:49:19 ET
Table 'Weber' 6-max Seat #3 is the button
Seat 3: Zovanna ($128.47 in chips)
Seat 4: kolaz03 ($147.90 in chips)
Zovanna: posts small blind $1
kolaz03: posts big blind $3
*** HOLE CARDS ***
Zovanna: calls $2
kolaz03: raises $3 to $6
Zovanna: calls $3
*** FLOP *** [7h Ac 6h]
kolaz03: bets $3
Zovanna: raises $3 to $6
kolaz03: folds
Uncalled bet ($3) returned to Zovanna
Zovanna collected $17.64 from pot
*** SUMMARY ***
Total pot $18 | Rake $0.36
Board [7h Ac 6h]
Seat 3: Zovanna (button) (small blind) collected ($17.64)
Seat 4: kolaz03 (big blind) folded on the Flop


PokerStars Hand #162723855129:  Hold'em Limit ($3/$6 USD) - 2016/12/10 12:48:51 ET
Table 'Weber' 6-max Seat #4 is the button
Seat 3: Zovanna ($158.47 in chips)
Seat 4: kolaz03 ($118.40 in chips)
kolaz03: posts small blind $1
Zovanna: posts big blind $3
*** HOLE CARDS ***
kolaz03: raises $3 to $6
Zovanna: raises $3 to $9
kolaz03: calls $3
*** FLOP *** [Jd 3c 5s]
Zovanna: bets $3
kolaz03: calls $3
*** TURN *** [Jd 3c 5s] [As]
Zovanna: bets $6
kolaz03: raises $6 to $12
Zovanna: calls $6
*** RIVER *** [Jd 3c 5s As] [2h]
Zovanna: checks
kolaz03: bets $6
Zovanna: calls $6
*** SHOW DOWN ***
kolaz03: shows [Js Ah] (two pair, Aces and Jacks)
Zovanna: shows [Qh Qd] (a pair of Queens)
kolaz03 collected $59.50 from pot
*** SUMMARY ***
Total pot $60 | Rake $0.50
Board [Jd 3c 5s As 2h]
Seat 3: Zovanna (big blind) showed [Qh Qd] and lost with a pair of Queens
Seat 4: kolaz03 (button) (small blind) showed [Js Ah] and won ($59.50) with two pair, Aces and Jacks


PokerStars Hand #162723949218:  Hold'em Limit ($3/$6 USD) - 2016/12/10 12:50:27 ET
Table 'Weber' 6-max Seat #3 is the button
Seat 3: Zovanna ($133.11 in chips)
Seat 4: kolaz03 ($142.66 in chips)
Zovanna: posts small blind $1
kolaz03: posts big blind $3
*** HOLE CARDS ***
Zovanna: raises $3 to $6
kolaz03: raises $3 to $9
Zovanna: calls $3
*** FLOP *** [2c Tc 9d]
kolaz03: bets $3
Zovanna: calls $3
*** TURN *** [2c Tc 9d] [Kd]
kolaz03: bets $6
Zovanna: raises $6 to $12
kolaz03: calls $6
*** RIVER *** [2c Tc 9d Kd] [Ks]
kolaz03: checks
Zovanna: bets $6
kolaz03: calls $6
*** SHOW DOWN ***
Zovanna: shows [Kh 5h] (three of a kind, Kings)
kolaz03: mucks hand
Zovanna collected $59.50 from pot
*** SUMMARY ***
Total pot $60 | Rake $0.50
Board [2c Tc 9d Kd Ks]
Seat 3: Zovanna (button) (small blind) showed [Kh 5h] and won ($59.50) with three of a kind, Kings
Seat 4: kolaz03 (big blind) mucked


PokerStars Hand #162723941083:  Hold'em Limit ($3/$6 USD) - 2016/12/10 12:50:19 ET
Table 'Weber' 6-max Seat #4 is the button
Seat 3: Zovanna ($136.11 in chips)
Seat 4: kolaz03 ($139.66 in chips)
kolaz03: posts small blind $1
Zovanna: posts big blind $3
*** HOLE CARDS ***
kolaz03: raises $3 to $6
Zovanna: folds
Uncalled bet ($3) returned to kolaz03
kolaz03 collected $6 from pot
kolaz03: doesn't show hand
*** SUMMARY ***
Total pot $6 | Rake $0
Seat 3: Zovanna (big blind) folded before Flop
Seat 4: kolaz03 (button) (small blind) collected ($6)


PokerStars Hand #162723924709:  Hold'em Limit ($3/$6 USD) - 2016/12/10 12:50:02 ET
Table 'Weber' 6-max Seat #3 is the button
Seat 3: Zovanna ($142.11 in chips)
Seat 4: kolaz03 ($133.90 in chips)
Zovanna: posts small blind $1
kolaz03: posts big blind $3
*** HOLE CARDS ***
Zovanna: raises $3 to $6
kolaz03: calls $3
*** FLOP *** [6s 7c Jc]
kolaz03: checks
Zovanna: checks
*** TURN *** [6s 7c Jc] [6c]
kolaz03: bets $6
Zovanna: folds
Uncalled bet ($6) returned to kolaz03
kolaz03 collected $11.76 from pot
kolaz03: doesn't show hand
*** SUMMARY ***
Total pot $12 | Rake $0.24
Board [6s 7c Jc 6c]
Seat 3: Zovanna (button) (small blind) folded on the Turn
Seat 4: kolaz03 (big blind) collected ($11.76)


PokerStars Hand #162723917379:  Hold'em Limit ($3/$6 USD) - 2016/12/10 12:49:54 ET
Table 'Weber' 6-max Seat #4 is the button
Seat 3: Zovanna ($141.11 in chips)
Seat 4: kolaz03 ($134.90 in chips)
kolaz03: posts small blind $1
Zovanna: posts big blind $3
*** HOLE CARDS ***
kolaz03: folds
Uncalled bet ($2) returned to Zovanna
Zovanna collected $2 from pot
*** SUMMARY ***
Total pot $2 | Rake $0
Seat 3: Zovanna (big blind) collected ($2)
Seat 4: kolaz03 (button) (small blind) folded before Flop


PokerStars Hand #162724022272:  Hold'em Limit ($3/$6 USD) - 2016/12/10 12:51:44 ET
Table 'Weber' 6-max Seat #4 is the button
Seat 3: Zovanna ($182.87 in chips)
Seat 4: kolaz03 ($91.66 in chips)
kolaz03: posts small blind $1
Zovanna: posts big blind $3
*** HOLE CARDS ***
kolaz03: raises $3 to $6
Zovanna: calls $3
*** FLOP *** [9c 6s 9h]
Zovanna: checks
kolaz03: bets $3
Zovanna: calls $3
*** TURN *** [9c 6s 9h] [Kh]
Zovanna: checks
kolaz03: bets $6
Zovanna: raises $6 to $12
kolaz03: folds
Uncalled bet ($6) returned to Zovanna
Zovanna collected $29.50 from pot
*** SUMMARY ***
Total pot $30 | Rake $0.50
Board [9c 6s 9h Kh]
Seat 3: Zovanna (big blind) collected ($29.50)
Seat 4: kolaz03 (button) (small blind) folded on the Turn


PokerStars Hand #162723993298:  Hold'em Limit ($3/$6 USD) - 2016/12/10 12:51:13 ET
Table 'Weber' 6-max Seat #3 is the button
Seat 3: Zovanna ($177.11 in chips)
Seat 4: kolaz03 ($97.66 in chips)
Zovanna: posts small blind $1
kolaz03: posts big blind $3
*** HOLE CARDS ***
Zovanna: raises $3 to $6
kolaz03: calls $3
*** FLOP *** [7c Ah Ad]
kolaz03: checks
Zovanna: bets $3
kolaz03: folds
Uncalled bet ($3) returned to Zovanna
Zovanna collected $11.76 from pot
*** SUMMARY ***
Total pot $12 | Rake $0.24
Board [7c Ah Ad]
Seat 3: Zovanna (button) (small blind) collected ($11.76)
Seat 4: kolaz03 (big blind) folded on the Flop


PokerStars Hand #162723973146:  Hold'em Limit ($3/$6 USD) - 2016/12/10 12:50:52 ET
Table 'Weber' 6-max Seat #4 is the button
Seat 3: Zovanna ($162.61 in chips)
Seat 4: kolaz03 ($112.66 in chips)
kolaz03: posts small blind $1
Zovanna: posts big blind $3
*** HOLE CARDS ***
kolaz03: raises $3 to $6
Zovanna: calls $3
*** FLOP *** [3s 9s Ad]
Zovanna: bets $3
kolaz03: calls $3
*** TURN *** [3s 9s Ad] [7c]
Zovanna: checks
kolaz03: bets $6
Zovanna: calls $6
*** RIVER *** [3s 9s Ad 7c] [Tc]
Zovanna: bets $6
kolaz03: folds
Uncalled bet ($6) returned to Zovanna
Zovanna collected $29.50 from pot
*** SUMMARY ***
Total pot $30 | Rake $0.50
Board [3s 9s Ad 7c Tc]
Seat 3: Zovanna (big blind) collected ($29.50)
Seat 4: kolaz03 (button) (small blind) folded on the River


PokerStars Hand #162724084073:  Hold'em Limit ($3/$6 USD) - 2016/12/10 12:52:47 ET
Table 'Weber' 6-max Seat #4 is the button
Seat 3: Zovanna ($193.87 in chips)
Seat 4: kolaz03 ($78.92 in chips)
kolaz03: posts small blind $1
Zovanna: posts big blind $3
*** HOLE CARDS ***
kolaz03: folds
Uncalled bet ($2) returned to Zovanna
Zovanna collected $2 from pot
*** SUMMARY ***
Total pot $2 | Rake $0
Seat 3: Zovanna (big blind) collected ($2)
Seat 4: kolaz03 (button) (small blind) folded before Flop


PokerStars Hand #162724067180:  Hold'em Limit ($3/$6 USD) - 2016/12/10 12:52:30 ET
Table 'Weber' 6-max Seat #3 is the button
Seat 3: Zovanna ($176.37 in chips)
Seat 4: kolaz03 ($96.92 in chips)
Zovanna: posts small blind $1
kolaz03: posts big blind $3
*** HOLE CARDS ***
Zovanna: raises $3 to $6
kolaz03: calls $3
*** FLOP *** [3h 9s 6h]
kolaz03: checks
Zovanna: checks
*** TURN *** [3h 9s 6h] [7d]
kolaz03: bets $6
Zovanna: calls $6
*** RIVER *** [3h 9s 6h 7d] [8s]
kolaz03: checks
Zovanna: bets $6
kolaz03: calls $6
*** SHOW DOWN ***
Zovanna: shows [8d Ad] (a pair of Eights)
kolaz03: mucks hand
Zovanna collected $35.50 from pot
*** SUMMARY ***
Total pot $36 | Rake $0.50
Board [3h 9s 6h 7d 8s]
Seat 3: Zovanna (button) (small blind) showed [8d Ad] and won ($35.50) with a pair of Eights
Seat 4: kolaz03 (big blind) mucked


PokerStars Hand #162724054823:  Hold'em Limit ($3/$6 USD) - 2016/12/10 12:52:17 ET
Table 'Weber' 6-max Seat #4 is the button
Seat 3: Zovanna ($182.37 in chips)
Seat 4: kolaz03 ($91.16 in chips)
kolaz03: posts small blind $1
Zovanna: posts big blind $3
*** HOLE CARDS ***
kolaz03: raises $3 to $6
Zovanna: calls $3
*** FLOP *** [Th 2s 4d]
Zovanna: checks
kolaz03: bets $3
Zovanna: folds
Uncalled bet ($3) returned to kolaz03
kolaz03 collected $11.76 from pot
kolaz03: doesn't show hand
*** SUMMARY ***
Total pot $12 | Rake $0.24
Board [Th 2s 4d]
Seat 3: Zovanna (big blind) folded on the Flop
Seat 4: kolaz03 (button) (small blind) collected ($11.76)


PokerStars Hand #162724036629:  Hold'em Limit ($3/$6 USD) - 2016/12/10 12:51:58 ET
Table 'Weber' 6-max Seat #3 is the button
Seat 3: Zovanna ($197.37 in chips)
Seat 4: kolaz03 ($76.66 in chips)
Zovanna: posts small blind $1
kolaz03: posts big blind $3
*** HOLE CARDS ***
Zovanna: raises $3 to $6
kolaz03: calls $3
*** FLOP *** [Kd Jc 8d]
kolaz03: checks
Zovanna: bets $3
kolaz03: calls $3
*** TURN *** [Kd Jc 8d] [3h]
kolaz03: checks
Zovanna: checks
*** RIVER *** [Kd Jc 8d 3h] [6h]
kolaz03: checks
Zovanna: bets $6
kolaz03: calls $6
*** SHOW DOWN ***
Zovanna: shows [4d 5s] (high card King)
kolaz03: shows [Ad 7c] (high card Ace)
kolaz03 collected $29.50 from pot
*** SUMMARY ***
Total pot $30 | Rake $0.50
Board [Kd Jc 8d 3h 6h]
Seat 3: Zovanna (button) (small blind) showed [4d 5s] and lost with high card King
Seat 4: kolaz03 (big blind) showed [Ad 7c] and won ($29.50) with high card Ace


PokerStars Hand #162724107450:  Hold'em Limit ($3/$6 USD) - 2016/12/10 12:53:11 ET
Table 'Weber' 6-max Seat #3 is the button
Seat 3: Zovanna ($210.37 in chips)
Seat 4: kolaz03 ($72 in chips)
Zovanna: posts small blind $1
kolaz03: posts big blind $3
*** HOLE CARDS ***
Zovanna: raises $3 to $6
kolaz03: calls $3
*** FLOP *** [8s 4h 8h]
kolaz03: checks
wobetting joins the table at seat #2
Zovanna: checks
*** TURN *** [8s 4h 8h] [6s]
parnishka11 leaves the table
kolaz03: checks
Zovanna: checks
*** RIVER *** [8s 4h 8h 6s] [8d]
kolaz03: checks
Zovanna: checks
*** SHOW DOWN ***
kolaz03: shows [Kh 3c] (three of a kind, Eights)
Zovanna: mucks hand
kolaz03 collected $11.76 from pot
*** SUMMARY ***
Total pot $12 | Rake $0.24
Board [8s 4h 8h 6s 8d]
Seat 3: Zovanna (button) (small blind) mucked
Seat 4: kolaz03 (big blind) showed [Kh 3c] and won ($11.76) with three of a kind, Eights


PokerStars Hand #162724102582:  Hold'em Limit ($3/$6 USD) - 2016/12/10 12:53:06 ET
Table 'Weber' 6-max Seat #4 is the button
Seat 3: Zovanna ($209.37 in chips)
Seat 4: kolaz03 ($72 in chips)
kolaz03: posts small blind $1
Zovanna: posts big blind $3
*** HOLE CARDS ***
kolaz03: folds
Uncalled bet ($2) returned to Zovanna
Zovanna collected $2 from pot
parnishka11 joins the table at seat #1
*** SUMMARY ***
Total pot $2 | Rake $0
Seat 3: Zovanna (big blind) collected ($2)
Seat 4: kolaz03 (button) (small blind) folded before Flop


PokerStars Hand #162724087985:  Hold'em Limit ($3/$6 USD) - 2016/12/10 12:52:51 ET
Table 'Weber' 6-max Seat #3 is the button
Seat 3: Zovanna ($194.87 in chips)
Seat 4: kolaz03 ($77.92 in chips)
Zovanna: posts small blind $1
kolaz03: posts big blind $3
*** HOLE CARDS ***
Zovanna: calls $2
kolaz03: raises $3 to $6
Zovanna: calls $3
*** FLOP *** [Js 5d 3s]
kolaz03: bets $3
Zovanna: calls $3
*** TURN *** [Js 5d 3s] [Kd]
kolaz03: bets $6
Zovanna: calls $6
*** RIVER *** [Js 5d 3s Kd] [6d]
kolaz03: checks
Zovanna: checks
*** SHOW DOWN ***
kolaz03: shows [7h Ac] (high card Ace)
Zovanna: shows [2h 3h] (a pair of Threes)
Zovanna collected $29.50 from pot
*** SUMMARY ***
Total pot $30 | Rake $0.50
Board [Js 5d 3s Kd 6d]
Seat 3: Zovanna (button) (small blind) showed [2h 3h] and won ($29.50) with a pair of Threes
Seat 4: kolaz03 (big blind) showed [7h Ac] and lost with high card Ace


PokerStars Hand #162724234794:  Hold'em Limit ($3/$6 USD) - 2016/12/10 12:55:30 ET
Table 'Weber' 6-max Seat #3 is the button
Seat 3: Zovanna ($178.01 in chips)
Seat 4: kolaz03 ($92.50 in chips)
Zovanna: posts small blind $1
kolaz03: posts big blind $3
*** HOLE CARDS ***
Zovanna: folds
Uncalled bet ($2) returned to kolaz03
kolaz03 collected $2 from pot
kolaz03: doesn't show hand
*** SUMMARY ***
Total pot $2 | Rake $0
Seat 3: Zovanna (button) (small blind) folded before Flop
Seat 4: kolaz03 (big blind) collected ($2)


PokerStars Hand #162724222569:  Hold'em Limit ($3/$6 USD) - 2016/12/10 12:55:13 ET
Table 'Weber' 6-max Seat #4 is the button
Seat 3: Zovanna ($199.01 in chips)
Seat 4: kolaz03 ($72 in chips)
kolaz03: posts small blind $1
wobetting: is sitting out
Zovanna: posts big blind $3
*** HOLE CARDS ***
kolaz03: raises $3 to $6
Zovanna: calls $3
*** FLOP *** [Td 4h 7c]
Zovanna: bets $3
kolaz03: calls $3
*** TURN *** [Td 4h 7c] [3h]
Zovanna: bets $6
GoliafUa leaves the table
kolaz03: raises $6 to $12
Zovanna: calls $6
*** RIVER *** [Td 4h 7c 3h] [Js]
Zovanna: checks
kolaz03: bets $6
Zovanna: folds
Uncalled bet ($6) returned to kolaz03
kolaz03 collected $41.50 from pot
kolaz03: doesn't show hand
*** SUMMARY ***
Total pot $42 | Rake $0.50
Board [Td 4h 7c 3h Js]
Seat 3: Zovanna (big blind) folded on the River
Seat 4: kolaz03 (button) (small blind) collected ($41.50)


PokerStars Hand #162724289632:  Hold'em Limit ($3/$6 USD) - 2016/12/10 12:56:48 ET
Table 'Weber' 6-max Seat #4 is the button
Seat 3: Zovanna ($193.17 in chips)
Seat 4: kolaz03 ($76.50 in chips)
kolaz03: posts small blind $1
Zovanna: posts big blind $3
*** HOLE CARDS ***
kolaz03: folds
Uncalled bet ($2) returned to Zovanna
Zovanna collected $2 from pot
*** SUMMARY ***
Total pot $2 | Rake $0
Seat 3: Zovanna (big blind) collected ($2)
Seat 4: kolaz03 (button) (small blind) folded before Flop


PokerStars Hand #162724275529:  Hold'em Limit ($3/$6 USD) - 2016/12/10 12:56:28 ET
Table 'Weber' 6-max Seat #3 is the button
Seat 3: Zovanna ($181.65 in chips)
Seat 4: kolaz03 ($88.50 in chips)
Zovanna: posts small blind $1
kolaz03: posts big blind $3
*** HOLE CARDS ***
Zovanna: calls $2
kolaz03: checks
*** FLOP *** [2h 5s 6s]
kolaz03: bets $3
Zovanna: calls $3
*** TURN *** [2h 5s 6s] [Tc]
kolaz03: bets $6
Zovanna: raises $6 to $12
kolaz03: folds
Uncalled bet ($6) returned to Zovanna
Zovanna collected $23.52 from pot
*** SUMMARY ***
Total pot $24 | Rake $0.48
Board [2h 5s 6s Tc]
Seat 3: Zovanna (button) (small blind) collected ($23.52)
Seat 4: kolaz03 (big blind) folded on the Turn


PokerStars Hand #162724263623:  Hold'em Limit ($3/$6 USD) - 2016/12/10 12:56:11 ET
Table 'Weber' 6-max Seat #4 is the button
Seat 3: Zovanna ($184.65 in chips)
Seat 4: kolaz03 ($85.50 in chips)
kolaz03: posts small blind $1
Zovanna: posts big blind $3
*** HOLE CARDS ***
kolaz03: raises $3 to $6
Zovanna: folds
Uncalled bet ($3) returned to kolaz03
kolaz03 collected $6 from pot
kolaz03: doesn't show hand
*** SUMMARY ***
Total pot $6 | Rake $0
Seat 3: Zovanna (big blind) folded before Flop
Seat 4: kolaz03 (button) (small blind) collected ($6)


PokerStars Hand #162724257752:  Hold'em Limit ($3/$6 USD) - 2016/12/10 12:56:03 ET
Table 'Weber' 6-max Seat #3 is the button
Seat 3: Zovanna ($185.65 in chips)
Seat 4: kolaz03 ($84.50 in chips)
Zovanna: posts small blind $1
kolaz03: posts big blind $3
*** HOLE CARDS ***
Zovanna: folds
Uncalled bet ($2) returned to kolaz03
kolaz03 collected $2 from pot
kolaz03: doesn't show hand
*** SUMMARY ***
Total pot $2 | Rake $0
Seat 3: Zovanna (button) (small blind) folded before Flop
Seat 4: kolaz03 (big blind) collected ($2)


PokerStars Hand #162724243997:  Hold'em Limit ($3/$6 USD) - 2016/12/10 12:55:43 ET
Table 'Weber' 6-max Seat #4 is the button
Seat 3: Zovanna ($177.01 in chips)
Seat 4: kolaz03 ($93.50 in chips)
kolaz03: posts small blind $1
Zovanna: posts big blind $3
*** HOLE CARDS ***
kolaz03: raises $3 to $6
wobetting leaves the table
Zovanna: calls $3
*** FLOP *** [Ac 9d 6s]
Zovanna: bets $3
kolaz03: calls $3
*** TURN *** [Ac 9d 6s] [Td]
Zovanna: bets $6
kolaz03: folds
Uncalled bet ($6) returned to Zovanna
Zovanna collected $17.64 from pot
*** SUMMARY ***
Total pot $18 | Rake $0.36
Board [Ac 9d 6s Td]
Seat 3: Zovanna (big blind) collected ($17.64)
Seat 4: kolaz03 (button) (small blind) folded on the Turn


PokerStars Hand #162724317475:  Hold'em Limit ($3/$6 USD) - 2016/12/10 12:57:27 ET
Table 'Weber' 6-max Seat #3 is the button
Seat 3: Zovanna ($194.92 in chips)
Seat 4: kolaz03 ($74.25 in chips)
Zovanna: posts small blind $1
kolaz03: posts big blind $3
*** HOLE CARDS ***
Zovanna: raises $3 to $6
kolaz03: folds
Uncalled bet ($3) returned to Zovanna
Zovanna collected $6 from pot
*** SUMMARY ***
Total pot $6 | Rake $0
Seat 3: Zovanna (button) (small blind) collected ($6)
Seat 4: kolaz03 (big blind) folded before Flop


PokerStars Hand #162724311152:  Hold'em Limit ($3/$6 USD) - 2016/12/10 12:57:18 ET
Table 'Weber' 6-max Seat #4 is the button
Seat 3: Zovanna ($193.92 in chips)
Seat 4: kolaz03 ($75.25 in chips)
kolaz03: posts small blind $1
Zovanna: posts big blind $3
*** HOLE CARDS ***
kolaz03: folds
Uncalled bet ($2) returned to Zovanna
Zovanna collected $2 from pot
*** SUMMARY ***
Total pot $2 | Rake $0
Seat 3: Zovanna (big blind) collected ($2)
Seat 4: kolaz03 (button) (small blind) folded before Flop


PokerStars Hand #162724296317:  Hold'em Limit ($3/$6 USD) - 2016/12/10 12:56:57 ET
Table 'Weber' 6-max Seat #3 is the button
Seat 3: Zovanna ($194.17 in chips)
Seat 4: kolaz03 ($75.50 in chips)
Zovanna: posts small blind $1
kolaz03: posts big blind $3
*** HOLE CARDS ***
Zovanna: raises $3 to $6
kolaz03: raises $3 to $9
Zovanna: calls $3
*** FLOP *** [5d 5s Th]
kolaz03: bets $3
Zovanna: calls $3
*** TURN *** [5d 5s Th] [7h]
kolaz03: checks
Zovanna: checks
*** RIVER *** [5d 5s Th 7h] [Ad]
kolaz03: checks
Zovanna: bets $6
kolaz03: calls $6
*** SHOW DOWN ***
Zovanna: shows [3s Ac] (two pair, Aces and Fives)
kolaz03: shows [8d Ah] (two pair, Aces and Fives)
kolaz03 collected $17.75 from pot
Zovanna collected $17.75 from pot
*** SUMMARY ***
Total pot $36 | Rake $0.50
Board [5d 5s Th 7h Ad]
Seat 3: Zovanna (button) (small blind) showed [3s Ac] and won ($17.75) with two pair, Aces and Fives
Seat 4: kolaz03 (big blind) showed [8d Ah] and won ($17.75) with two pair, Aces and Fives


PokerStars Hand #162724330603:  Hold'em Limit ($3/$6 USD) - 2016/12/10 12:57:45 ET
Table 'Weber' 6-max Seat #3 is the button
Seat 3: Zovanna ($194.92 in chips)
Seat 4: kolaz03 ($75 in chips)
Zovanna: posts small blind $1
kolaz03: posts big blind $3
*** HOLE CARDS ***
Zovanna: folds
Uncalled bet ($2) returned to kolaz03
kolaz03 collected $2 from pot
kolaz03: doesn't show hand
*** SUMMARY ***
Total pot $2 | Rake $0
Seat 3: Zovanna (button) (small blind) folded before Flop
Seat 4: kolaz03 (big blind) collected ($2)


PokerStars Hand #162724326422:  Hold'em Limit ($3/$6 USD) - 2016/12/10 12:57:39 ET
Table 'Weber' 6-max Seat #4 is the button
Seat 3: Zovanna ($197.92 in chips)
Seat 4: kolaz03 ($72 in chips)
kolaz03: posts small blind $1
Zovanna: posts big blind $3
*** HOLE CARDS ***
kolaz03: raises $3 to $6
Zovanna: folds
Uncalled bet ($3) returned to kolaz03
kolaz03 collected $6 from pot
kolaz03: doesn't show hand
*** SUMMARY ***
Total pot $6 | Rake $0
Seat 3: Zovanna (big blind) folded before Flop
Seat 4: kolaz03 (button) (small blind) collected ($6)


PokerStars Hand #162724334016:  Hold'em Limit ($3/$6 USD) - 2016/12/10 12:57:49 ET
Table 'Weber' 6-max Seat #4 is the button
Seat 3: Zovanna ($193.92 in chips)
Seat 4: kolaz03 ($76 in chips)
kolaz03: posts small blind $1
Zovanna: posts big blind $3
*** HOLE CARDS ***
kolaz03: folds
Uncalled bet ($2) returned to Zovanna
Zovanna collected $2 from pot
*** SUMMARY ***
Total pot $2 | Rake $0
Seat 3: Zovanna (big blind) collected ($2)
Seat 4: kolaz03 (button) (small blind) folded before Flop


PokerStars Hand #162724337642:  Hold'em Limit ($3/$6 USD) - 2016/12/10 12:57:54 ET
Table 'Weber' 6-max Seat #3 is the button
Seat 3: Zovanna ($194.92 in chips)
Seat 4: kolaz03 ($75 in chips)
Zovanna: posts small blind $1
kolaz03: posts big blind $3
*** HOLE CARDS ***
Zovanna: raises $3 to $6
joop124 joins the table at seat #5
kolaz03: raises $3 to $9
Zovanna: calls $3
*** FLOP *** [Qc 7c 5d]
kolaz03: bets $3
Zovanna: raises $3 to $6
wobetting joins the table at seat #6
kolaz03: raises $3 to $9
Zovanna: calls $3
*** TURN *** [Qc 7c 5d] [Qh]
kolaz03: bets $6
Zovanna: calls $6
*** RIVER *** [Qc 7c 5d Qh] [3s]
kolaz03: bets $6
Zovanna: calls $6
*** SHOW DOWN ***
kolaz03: shows [6c 9c] (a pair of Queens)
Zovanna: shows [8h 5h] (two pair, Queens and Fives)
Zovanna collected $59.50 from pot
*** SUMMARY ***
Total pot $60 | Rake $0.50
Board [Qc 7c 5d Qh 3s]
Seat 3: Zovanna (button) (small blind) showed [8h 5h] and won ($59.50) with two pair, Queens and Fives
Seat 4: kolaz03 (big blind) showed [6c 9c] and lost with a pair of Queens


PokerStars Hand #162725217413:  Hold'em Limit ($3/$6 USD) - 2016/12/10 13:13:44 ET
Table 'Weber' 6-max Seat #6 is the button
Seat 3: Zovanna ($284.85 in chips)
Seat 6: wobetting ($125.48 in chips)
wobetting: posts small blind $1
Zovanna: posts big blind $3
*** HOLE CARDS ***
wobetting: folds
Uncalled bet ($2) returned to Zovanna
Zovanna collected $2 from pot
*** SUMMARY ***
Total pot $2 | Rake $0
Seat 3: Zovanna (big blind) collected ($2)
Seat 6: wobetting (button) (small blind) folded before Flop


PokerStars Hand #162725281760:  Hold'em Limit ($3/$6 USD) - 2016/12/10 13:14:50 ET
Table 'Weber' 6-max Seat #3 is the button
Seat 2: liza3008 ($134.47 in chips)
Seat 3: Zovanna ($264.85 in chips)
Zovanna: posts small blind $1
liza3008: posts big blind $3
*** HOLE CARDS ***
Zovanna: calls $2
liza3008: checks
*** FLOP *** [4s 6c Ks]
liza3008: checks
Zovanna: checks
*** TURN *** [4s 6c Ks] [8h]
liza3008: bets $6
Zovanna: folds
Uncalled bet ($6) returned to liza3008
liza3008 collected $5.88 from pot
liza3008: doesn't show hand
*** SUMMARY ***
Total pot $6 | Rake $0.12
Board [4s 6c Ks 8h]
Seat 2: liza3008 (big blind) collected ($5.88)
Seat 3: Zovanna (button) (small blind) folded on the Turn


PokerStars Hand #162725277219:  Hold'em Limit ($3/$6 USD) - 2016/12/10 13:14:45 ET
Table 'Weber' 6-max Seat #2 is the button
Seat 2: liza3008 ($131.47 in chips)
Seat 3: Zovanna ($267.85 in chips)
liza3008: posts small blind $1
Zovanna: posts big blind $3
*** HOLE CARDS ***
liza3008: raises $3 to $6
Zovanna: folds
Uncalled bet ($3) returned to liza3008
liza3008 collected $6 from pot
liza3008: doesn't show hand
*** SUMMARY ***
Total pot $6 | Rake $0
Seat 2: liza3008 (button) (small blind) collected ($6)
Seat 3: Zovanna (big blind) folded before Flop


PokerStars Hand #162725264186:  Hold'em Limit ($3/$6 USD) - 2016/12/10 13:14:31 ET
Table 'Weber' 6-max Seat #3 is the button
Seat 2: liza3008 ($128.59 in chips)
Seat 3: Zovanna ($270.85 in chips)
Zovanna: posts small blind $1
liza3008: posts big blind $3
*** HOLE CARDS ***
Zovanna: calls $2
liza3008: checks
*** FLOP *** [4c Th 7h]
liza3008: checks
Zovanna: checks
*** TURN *** [4c Th 7h] [Kh]
liza3008: checks
Zovanna: checks
*** RIVER *** [4c Th 7h Kh] [4s]
liza3008: bets $6
Zovanna: folds
Uncalled bet ($6) returned to liza3008
liza3008 collected $5.88 from pot
liza3008: doesn't show hand
*** SUMMARY ***
Total pot $6 | Rake $0.12
Board [4c Th 7h Kh 4s]
Seat 2: liza3008 (big blind) collected ($5.88)
Seat 3: Zovanna (button) (small blind) folded on the River


PokerStars Hand #162725251490:  Hold'em Limit ($3/$6 USD) - 2016/12/10 13:14:18 ET
Table 'Weber' 6-max Seat #2 is the button
Seat 2: liza3008 ($122.83 in chips)
Seat 3: Zovanna ($276.85 in chips)
liza3008: posts small blind $1
Zovanna: posts big blind $3
*** HOLE CARDS ***
liza3008: raises $3 to $6
Zovanna: calls $3
*** FLOP *** [3c 2c 9c]
Zovanna: checks
liza3008: checks
*** TURN *** [3c 2c 9c] [Kc]
Zovanna: checks
liza3008: bets $6
Zovanna: folds
Uncalled bet ($6) returned to liza3008
liza3008 collected $11.76 from pot
liza3008: doesn't show hand
*** SUMMARY ***
Total pot $12 | Rake $0.24
Board [3c 2c 9c Kc]
Seat 2: liza3008 (button) (small blind) collected ($11.76)
Seat 3: Zovanna (big blind) folded on the Turn


PokerStars Hand #162725234564:  Hold'em Limit ($3/$6 USD) - 2016/12/10 13:14:01 ET
Table 'Weber' 6-max Seat #3 is the button
Seat 2: liza3008 ($114.19 in chips)
Seat 3: Zovanna ($285.85 in chips)
Zovanna: posts small blind $1
liza3008: posts big blind $3
*** HOLE CARDS ***
Zovanna: calls $2
liza3008: checks
*** FLOP *** [As Js Tc]
liza3008: checks
Zovanna: checks
*** TURN *** [As Js Tc] [3c]
liza3008: bets $6
Zovanna: calls $6
*** RIVER *** [As Js Tc 3c] [9c]
liza3008: bets $6
Zovanna: folds
Uncalled bet ($6) returned to liza3008
liza3008 collected $17.64 from pot
liza3008: doesn't show hand
*** SUMMARY ***
Total pot $18 | Rake $0.36
Board [As Js Tc 3c 9c]
Seat 2: liza3008 (big blind) collected ($17.64)
Seat 3: Zovanna (button) (small blind) folded on the River


PokerStars Hand #162725341317:  Hold'em Limit ($3/$6 USD) - 2016/12/10 13:15:50 ET
Table 'Weber' 6-max Seat #2 is the button
Seat 2: liza3008 ($118.75 in chips)
Seat 3: Zovanna ($278.87 in chips)
liza3008: posts small blind $1
Zovanna: posts big blind $3
*** HOLE CARDS ***
liza3008: raises $3 to $6
Zovanna: calls $3
*** FLOP *** [Jc 7s 2h]
Zovanna: checks
liza3008: checks
*** TURN *** [Jc 7s 2h] [5s]
Zovanna: bets $6
liza3008: calls $6
*** RIVER *** [Jc 7s 2h 5s] [7c]
Zovanna: bets $6
liza3008: raises $6 to $12
Zovanna: folds
Uncalled bet ($6) returned to liza3008
liza3008 collected $35.50 from pot
liza3008: doesn't show hand
*** SUMMARY ***
Total pot $36 | Rake $0.50
Board [Jc 7s 2h 5s 7c]
Seat 2: liza3008 (button) (small blind) collected ($35.50)
Seat 3: Zovanna (big blind) folded on the River


PokerStars Hand #162725328877:  Hold'em Limit ($3/$6 USD) - 2016/12/10 13:15:38 ET
Table 'Weber' 6-max Seat #3 is the button
Seat 2: liza3008 ($130.75 in chips)
Seat 3: Zovanna ($267.35 in chips)
Zovanna: posts small blind $1
liza3008: posts big blind $3
*** HOLE CARDS ***
Zovanna: raises $3 to $6
liza3008: calls $3
*** FLOP *** [5d Qs 8h]
liza3008: checks
Zovanna: checks
*** TURN *** [5d Qs 8h] [7c]
liza3008: bets $6
Zovanna: calls $6
*** RIVER *** [5d Qs 8h 7c] [2s]
liza3008: checks
181385 joins the table at seat #5
Zovanna: checks
*** SHOW DOWN ***
liza3008: shows [Ts 3d] (high card Queen)
Zovanna: shows [Ad 6h] (high card Ace)
Zovanna collected $23.52 from pot
*** SUMMARY ***
Total pot $24 | Rake $0.48
Board [5d Qs 8h 7c 2s]
Seat 2: liza3008 (big blind) showed [Ts 3d] and lost with high card Queen
Seat 3: Zovanna (button) (small blind) showed [Ad 6h] and won ($23.52) with high card Ace


PokerStars Hand #162725319274:  Hold'em Limit ($3/$6 USD) - 2016/12/10 13:15:28 ET
Table 'Weber' 6-max Seat #2 is the button
Seat 2: liza3008 ($124.99 in chips)
Seat 3: Zovanna ($273.35 in chips)
liza3008: posts small blind $1
Zovanna: posts big blind $3
*** HOLE CARDS ***
liza3008: raises $3 to $6
Zovanna: calls $3
*** FLOP *** [Ts 8s 3c]
Zovanna: checks
liza3008: bets $3
Zovanna: folds
Uncalled bet ($3) returned to liza3008
liza3008 collected $11.76 from pot
liza3008: doesn't show hand
*** SUMMARY ***
Total pot $12 | Rake $0.24
Board [Ts 8s 3c]
Seat 2: liza3008 (button) (small blind) collected ($11.76)
Seat 3: Zovanna (big blind) folded on the Flop


PokerStars Hand #162725305705:  Hold'em Limit ($3/$6 USD) - 2016/12/10 13:15:14 ET
Table 'Weber' 6-max Seat #3 is the button
Seat 2: liza3008 ($116.35 in chips)
Seat 3: Zovanna ($282.35 in chips)
Zovanna: posts small blind $1
liza3008: posts big blind $3
*** HOLE CARDS ***
Zovanna: raises $3 to $6
liza3008: calls $3
*** FLOP *** [Js 5h 2s]
liza3008: checks
Zovanna: bets $3
liza3008: calls $3
*** TURN *** [Js 5h 2s] [8c]
liza3008: checks
Zovanna: checks
*** RIVER *** [Js 5h 2s 8c] [Qc]
liza3008: bets $6
Zovanna: folds
Uncalled bet ($6) returned to liza3008
liza3008 collected $17.64 from pot
liza3008: doesn't show hand
*** SUMMARY ***
Total pot $18 | Rake $0.36
Board [Js 5h 2s 8c Qc]
Seat 2: liza3008 (big blind) collected ($17.64)
Seat 3: Zovanna (button) (small blind) folded on the River


PokerStars Hand #162725292992:  Hold'em Limit ($3/$6 USD) - 2016/12/10 13:15:01 ET
Table 'Weber' 6-max Seat #2 is the button
Seat 2: liza3008 ($137.35 in chips)
Seat 3: Zovanna ($261.85 in chips)
liza3008: posts small blind $1
Zovanna: posts big blind $3
*** HOLE CARDS ***
liza3008: raises $3 to $6
Zovanna: calls $3
*** FLOP *** [8c 4c 5h]
Zovanna: bets $3
liza3008: calls $3
*** TURN *** [8c 4c 5h] [Qd]
Zovanna: bets $6
liza3008: calls $6
*** RIVER *** [8c 4c 5h Qd] [7h]
Zovanna: bets $6
liza3008: calls $6
*** SHOW DOWN ***
Zovanna: shows [4d Qc] (two pair, Queens and Fours)
liza3008: mucks hand
Zovanna collected $41.50 from pot
*** SUMMARY ***
Total pot $42 | Rake $0.50
Board [8c 4c 5h Qd 7h]
Seat 2: liza3008 (button) (small blind) mucked
Seat 3: Zovanna (big blind) showed [4d Qc] and won ($41.50) with two pair, Queens and Fours


PokerStars Hand #162737120143:  Hold'em Limit ($3/$6 USD) - 2016/12/10 16:46:25 ET
Table 'Weber' 6-max Seat #4 is the button
Seat 1: Velbor107 ($352.48 in chips)
Seat 4: FaStBluff ($85.05 in chips)
FaStBluff: posts small blind $1
Krazy90: is sitting out
Velbor107: posts big blind $3
*** HOLE CARDS ***
FaStBluff: folds
Uncalled bet ($2) returned to Velbor107
Velbor107 collected $2 from pot
*** SUMMARY ***
Total pot $2 | Rake $0
Seat 1: Velbor107 (big blind) collected ($2)
Seat 4: FaStBluff (button) (small blind) folded before Flop


PokerStars Hand #162737126563:  Hold'em Limit ($3/$6 USD) - 2016/12/10 16:46:32 ET
Table 'Weber' 6-max Seat #1 is the button
Seat 1: Velbor107 ($353.48 in chips)
Seat 4: FaStBluff ($84.05 in chips)
Velbor107: posts small blind $1
FaStBluff: posts big blind $3
*** HOLE CARDS ***
Velbor107: raises $3 to $6
FaStBluff: calls $3
*** FLOP *** [Jh Ks 5h]
FaStBluff: checks
Krazy90 leaves the table
Velbor107: bets $3
FaStBluff: calls $3
*** TURN *** [Jh Ks 5h] [Ad]
FaStBluff: checks
Velbor107: checks
*** RIVER *** [Jh Ks 5h Ad] [Ac]
FaStBluff: checks
Velbor107: checks
*** SHOW DOWN ***
FaStBluff: shows [Jd Qd] (two pair, Aces and Jacks)
Velbor107: mucks hand
FaStBluff collected $17.64 from pot
*** SUMMARY ***
Total pot $18 | Rake $0.36
Board [Jh Ks 5h Ad Ac]
Seat 1: Velbor107 (button) (small blind) mucked
Seat 4: FaStBluff (big blind) showed [Jd Qd] and won ($17.64) with two pair, Aces and Jacks


