PokerStars Hand #168540642146:  Hold'em Limit ($3/$6 USD) - 2017/04/03 18:22:34 ET
Table 'Weber' 6-max Seat #1 is the button
Seat 1: Zubasa07 ($311.64 in chips)
Seat 2: davyyyyyyy ($108 in chips)
Zubasa07: posts small blind $1
davyyyyyyy: posts big blind $3
*** HOLE CARDS ***
Zubasa07: raises $3 to $6
davyyyyyyy: folds
Uncalled bet ($3) returned to Zubasa07
Zubasa07 collected $6 from pot
Zubasa07: doesn't show hand
*** SUMMARY ***
Total pot $6 | Rake $0
Seat 1: Zubasa07 (button) (small blind) collected ($6)
Seat 2: davyyyyyyy (big blind) folded before Flop


PokerStars Hand #168540637600:  Hold'em Limit ($3/$6 USD) - 2017/04/03 18:22:28 ET
Table 'Weber' 6-max Seat #2 is the button
Seat 1: Zubasa07 ($314.64 in chips)
Seat 2: davyyyyyyy ($105 in chips)
davyyyyyyy: posts small blind $1
Zubasa07: posts big blind $3
*** HOLE CARDS ***
davyyyyyyy: raises $3 to $6
Zubasa07: folds
Uncalled bet ($3) returned to davyyyyyyy
davyyyyyyy collected $6 from pot
*** SUMMARY ***
Total pot $6 | Rake $0
Seat 1: Zubasa07 (big blind) folded before Flop
Seat 2: davyyyyyyy (button) (small blind) collected ($6)


PokerStars Hand #168540632519:  Hold'em Limit ($3/$6 USD) - 2017/04/03 18:22:21 ET
Table 'Weber' 6-max Seat #1 is the button
Seat 1: Zubasa07 ($311.64 in chips)
Seat 2: davyyyyyyy ($108 in chips)
Zubasa07: posts small blind $1
davyyyyyyy: posts big blind $3
*** HOLE CARDS ***
Zubasa07: raises $3 to $6
davyyyyyyy: folds
Uncalled bet ($3) returned to Zubasa07
Zubasa07 collected $6 from pot
Zubasa07: doesn't show hand
*** SUMMARY ***
Total pot $6 | Rake $0
Seat 1: Zubasa07 (button) (small blind) collected ($6)
Seat 2: davyyyyyyy (big blind) folded before Flop


PokerStars Hand #168540621655:  Hold'em Limit ($3/$6 USD) - 2017/04/03 18:22:07 ET
Table 'Weber' 6-max Seat #2 is the button
Seat 1: Zubasa07 ($303 in chips)
Seat 2: davyyyyyyy ($117 in chips)
davyyyyyyy: posts small blind $1
Zubasa07: posts big blind $3
*** HOLE CARDS ***
davyyyyyyy: raises $3 to $6
Zubasa07: raises $3 to $9
davyyyyyyy: calls $3
*** FLOP *** [2h Kc Td]
Zubasa07: bets $3
davyyyyyyy: folds
Uncalled bet ($3) returned to Zubasa07
Zubasa07 collected $17.64 from pot
Zubasa07: doesn't show hand
*** SUMMARY ***
Total pot $18 | Rake $0.36
Board [2h Kc Td]
Seat 1: Zubasa07 (big blind) collected ($17.64)
Seat 2: davyyyyyyy (button) (small blind) folded on the Flop


PokerStars Hand #168540608333:  Hold'em Limit ($3/$6 USD) - 2017/04/03 18:21:49 ET
Table 'Weber' 6-max Seat #1 is the button
Seat 1: Zubasa07 ($300 in chips)
Seat 2: davyyyyyyy ($120 in chips)
Zubasa07: posts small blind $1
davyyyyyyy: posts big blind $3
*** HOLE CARDS ***
Zubasa07: raises $3 to $6
davyyyyyyy: folds
Uncalled bet ($3) returned to Zubasa07
Zubasa07 collected $6 from pot
Zubasa07: doesn't show hand
*** SUMMARY ***
Total pot $6 | Rake $0
Seat 1: Zubasa07 (button) (small blind) collected ($6)
Seat 2: davyyyyyyy (big blind) folded before Flop


PokerStars Hand #168540687140:  Hold'em Limit ($3/$6 USD) - 2017/04/03 18:23:36 ET
Table 'Weber' 6-max Seat #2 is the button
Seat 1: Zubasa07 ($314.16 in chips)
Seat 2: davyyyyyyy ($104.52 in chips)
davyyyyyyy: posts small blind $1
Zubasa07: posts big blind $3
*** HOLE CARDS ***
davyyyyyyy: folds
Uncalled bet ($2) returned to Zubasa07
Zubasa07 collected $2 from pot
Zubasa07: doesn't show hand
*** SUMMARY ***
Total pot $2 | Rake $0
Seat 1: Zubasa07 (big blind) collected ($2)
Seat 2: davyyyyyyy (button) (small blind) folded before Flop


PokerStars Hand #168540671275:  Hold'em Limit ($3/$6 USD) - 2017/04/03 18:23:14 ET
Table 'Weber' 6-max Seat #1 is the button
Seat 1: Zubasa07 ($326.16 in chips)
Seat 2: davyyyyyyy ($93 in chips)
Zubasa07: posts small blind $1
davyyyyyyy: posts big blind $3
*** HOLE CARDS ***
Zubasa07: raises $3 to $6
davyyyyyyy: raises $3 to $9
Zubasa07: calls $3
*** FLOP *** [Kd 9h Kc]
davyyyyyyy: bets $3
Zubasa07: calls $3
*** TURN *** [Kd 9h Kc] [8s]
davyyyyyyy: bets $6
Zubasa07: folds
Uncalled bet ($6) returned to davyyyyyyy
davyyyyyyy collected $23.52 from pot
*** SUMMARY ***
Total pot $24 | Rake $0.48
Board [Kd 9h Kc 8s]
Seat 1: Zubasa07 (button) (small blind) folded on the Turn
Seat 2: davyyyyyyy (big blind) collected ($23.52)


PokerStars Hand #168540667829:  Hold'em Limit ($3/$6 USD) - 2017/04/03 18:23:09 ET
Table 'Weber' 6-max Seat #2 is the button
Seat 1: Zubasa07 ($325.16 in chips)
Seat 2: davyyyyyyy ($94 in chips)
davyyyyyyy: posts small blind $1
Zubasa07: posts big blind $3
*** HOLE CARDS ***
davyyyyyyy: folds
Uncalled bet ($2) returned to Zubasa07
Zubasa07 collected $2 from pot
Zubasa07: doesn't show hand
*** SUMMARY ***
Total pot $2 | Rake $0
Seat 1: Zubasa07 (big blind) collected ($2)
Seat 2: davyyyyyyy (button) (small blind) folded before Flop


PokerStars Hand #168540664536:  Hold'em Limit ($3/$6 USD) - 2017/04/03 18:23:05 ET
Table 'Weber' 6-max Seat #1 is the button
Seat 1: Zubasa07 ($326.16 in chips)
Seat 2: davyyyyyyy ($93 in chips)
Zubasa07: posts small blind $1
davyyyyyyy: posts big blind $3
*** HOLE CARDS ***
Zubasa07: folds
Uncalled bet ($2) returned to davyyyyyyy
davyyyyyyy collected $2 from pot
*** SUMMARY ***
Total pot $2 | Rake $0
Seat 1: Zubasa07 (button) (small blind) folded before Flop
Seat 2: davyyyyyyy (big blind) collected ($2)


PokerStars Hand #168540646131:  Hold'em Limit ($3/$6 USD) - 2017/04/03 18:22:40 ET
Table 'Weber' 6-max Seat #2 is the button
Seat 1: Zubasa07 ($314.64 in chips)
Seat 2: davyyyyyyy ($105 in chips)
davyyyyyyy: posts small blind $1
Zubasa07: posts big blind $3
*** HOLE CARDS ***
davyyyyyyy: raises $3 to $6
Zubasa07: calls $3
*** FLOP *** [Ts 2h 7s]
Zubasa07: checks
davyyyyyyy: checks
*** TURN *** [Ts 2h 7s] [4c]
Zubasa07: bets $6
davyyyyyyy: calls $6
*** RIVER *** [Ts 2h 7s 4c] [2c]
Zubasa07: bets $6
davyyyyyyy: folds
Uncalled bet ($6) returned to Zubasa07
Zubasa07 collected $23.52 from pot
Zubasa07: doesn't show hand
*** SUMMARY ***
Total pot $24 | Rake $0.48
Board [Ts 2h 7s 4c 2c]
Seat 1: Zubasa07 (big blind) collected ($23.52)
Seat 2: davyyyyyyy (button) (small blind) folded on the River


PokerStars Hand #168540710998:  Hold'em Limit ($3/$6 USD) - 2017/04/03 18:24:08 ET
Table 'Weber' 6-max Seat #2 is the button
Seat 1: Zubasa07 ($303.16 in chips)
Seat 2: davyyyyyyy ($115.04 in chips)
davyyyyyyy: posts small blind $1
Zubasa07: posts big blind $3
*** HOLE CARDS ***
davyyyyyyy: raises $3 to $6
Zubasa07: raises $3 to $9
davyyyyyyy: calls $3
*** FLOP *** [Qs Td 7s]
Zubasa07: bets $3
davyyyyyyy: calls $3
*** TURN *** [Qs Td 7s] [7d]
Zubasa07: bets $6
davyyyyyyy: calls $6
*** RIVER *** [Qs Td 7s 7d] [Jd]
nimzon joins the table at seat #4
nmpro32 joins the table at seat #3
nimzon leaves the table
Zubasa07: bets $6
nmpro32 leaves the table
davyyyyyyy: calls $6
*** SHOW DOWN ***
Zubasa07: shows [As Ks] (a straight, Ten to Ace)
davyyyyyyy: mucks hand
Zubasa07 collected $47.50 from pot
*** SUMMARY ***
Total pot $48 | Rake $0.50
Board [Qs Td 7s 7d Jd]
Seat 1: Zubasa07 (big blind) showed [As Ks] and won ($47.50) with a straight, Ten to Ace
Seat 2: davyyyyyyy (button) (small blind) mucked


PokerStars Hand #168540690607:  Hold'em Limit ($3/$6 USD) - 2017/04/03 18:23:40 ET
Table 'Weber' 6-max Seat #1 is the button
Seat 1: Zubasa07 ($315.16 in chips)
Seat 2: davyyyyyyy ($103.52 in chips)
Zubasa07: posts small blind $1
davyyyyyyy: posts big blind $3
*** HOLE CARDS ***
Zubasa07: raises $3 to $6
davyyyyyyy: calls $3
*** FLOP *** [Qc Ks 5c]
davyyyyyyy: checks
Zubasa07: bets $3
davyyyyyyy: raises $3 to $6
Zubasa07: calls $3
*** TURN *** [Qc Ks 5c] [5h]
davyyyyyyy: checks
Zubasa07: checks
*** RIVER *** [Qc Ks 5c 5h] [3s]
davyyyyyyy: checks
Zubasa07: checks
*** SHOW DOWN ***
davyyyyyyy: shows [8h Kc] (two pair, Kings and Fives)
Zubasa07: mucks hand
davyyyyyyy collected $23.52 from pot
*** SUMMARY ***
Total pot $24 | Rake $0.48
Board [Qc Ks 5c 5h 3s]
Seat 1: Zubasa07 (button) (small blind) mucked
Seat 2: davyyyyyyy (big blind) showed [8h Kc] and won ($23.52) with two pair, Kings and Fives


PokerStars Hand #168540739721:  Hold'em Limit ($3/$6 USD) - 2017/04/03 18:24:48 ET
Table 'Weber' 6-max Seat #1 is the button
Seat 1: Zubasa07 ($326.66 in chips)
Seat 2: davyyyyyyy ($91.04 in chips)
Zubasa07: posts small blind $1
davyyyyyyy: posts big blind $3
*** HOLE CARDS ***
nmpro32 joins the table at seat #3
Zubasa07: raises $3 to $6
davyyyyyyy: folds
Uncalled bet ($3) returned to Zubasa07
Zubasa07 collected $6 from pot
Zubasa07: doesn't show hand
*** SUMMARY ***
Total pot $6 | Rake $0
Seat 1: Zubasa07 (button) (small blind) collected ($6)
Seat 2: davyyyyyyy (big blind) folded before Flop


PokerStars Hand #168540893599:  Hold'em Limit ($3/$6 USD) - 2017/04/03 18:28:20 ET
Table 'Weber' 6-max Seat #3 is the button
Seat 2: davyyyyyyy ($103.06 in chips)
Seat 3: nmpro32 ($39.10 in chips)
nmpro32: posts small blind $1
Zubasa07: is sitting out
davyyyyyyy: posts big blind $3
*** HOLE CARDS ***
nmpro32: raises $3 to $6
Zubasa07 leaves the table
davyyyyyyy: folds
Uncalled bet ($3) returned to nmpro32
nmpro32 collected $6 from pot
nmpro32: doesn't show hand
*** SUMMARY ***
Total pot $6 | Rake $0
Seat 2: davyyyyyyy (big blind) folded before Flop
Seat 3: nmpro32 (button) (small blind) collected ($6)


