PokerStars Hand #170869735188:  Hold'em Limit ($3/$6 USD) - 2017/05/24 17:13:16 ET
Table 'Weber' 6-max Seat #3 is the button
Seat 1: Bonkman05 ($67.14 in chips)
Seat 3: Chessnok ($87.62 in chips)
Chessnok: posts small blind $1
Bonkman05: posts big blind $3
*** HOLE CARDS ***
Chessnok: raises $3 to $6
Bonkman05: calls $3
*** FLOP *** [Ad Ah 7s]
Bonkman05: checks
Chessnok: bets $3
Bonkman05: calls $3
*** TURN *** [Ad Ah 7s] [6s]
Bonkman05: checks
Chessnok: bets $6
Bonkman05: folds
Uncalled bet ($6) returned to Chessnok
Chessnok collected $17.64 from pot
Chessnok: doesn't show hand
*** SUMMARY ***
Total pot $18 | Rake $0.36
Board [Ad Ah 7s 6s]
Seat 1: Bonkman05 (big blind) folded on the Turn
Seat 3: Chessnok (button) (small blind) collected ($17.64)


PokerStars Hand #170869710512:  Hold'em Limit ($3/$6 USD) - 2017/05/24 17:12:46 ET
Table 'Weber' 6-max Seat #1 is the button
Seat 1: Bonkman05 ($73.14 in chips)
Seat 3: Chessnok ($81.86 in chips)
Krazy90 will be allowed to play after the button
Bonkman05: posts small blind $1
Chessnok: posts big blind $3
*** HOLE CARDS ***
Bonkman05: raises $3 to $6
Krazy90 leaves the table
Chessnok: calls $3
*** FLOP *** [8h 5d 6h]
Chessnok: checks
Bonkman05: checks
*** TURN *** [8h 5d 6h] [3s]
Chessnok: bets $6
Bonkman05: folds
Uncalled bet ($6) returned to Chessnok
Chessnok collected $11.76 from pot
Chessnok: doesn't show hand
*** SUMMARY ***
Total pot $12 | Rake $0.24
Board [8h 5d 6h 3s]
Seat 1: Bonkman05 (button) (small blind) folded on the Turn
Seat 3: Chessnok (big blind) collected ($11.76)


PokerStars Hand #170869791260:  Hold'em Limit ($3/$6 USD) - 2017/05/24 17:14:26 ET
Table 'Weber' 6-max Seat #3 is the button
Seat 1: Bonkman05 ($46.14 in chips)
Seat 3: Chessnok ($107.78 in chips)
Chessnok: posts small blind $1
Bonkman05: posts big blind $3
*** HOLE CARDS ***
Chessnok: raises $3 to $6
Bonkman05: calls $3
*** FLOP *** [9h 6d Th]
Bonkman05: checks
Chessnok: bets $3
Bonkman05: folds
Uncalled bet ($3) returned to Chessnok
Chessnok collected $11.76 from pot
Chessnok: doesn't show hand
*** SUMMARY ***
Total pot $12 | Rake $0.24
Board [9h 6d Th]
Seat 1: Bonkman05 (big blind) folded on the Flop
Seat 3: Chessnok (button) (small blind) collected ($11.76)


PokerStars Hand #170869757455:  Hold'em Limit ($3/$6 USD) - 2017/05/24 17:13:44 ET
Table 'Weber' 6-max Seat #1 is the button
Seat 1: Bonkman05 ($58.14 in chips)
Seat 3: Chessnok ($96.26 in chips)
Bonkman05: posts small blind $1
Chessnok: posts big blind $3
*** HOLE CARDS ***
Bonkman05: raises $3 to $6
Chessnok: raises $3 to $9
Bonkman05: calls $3
*** FLOP *** [7c 3d 5s]
Chessnok: bets $3
Bonkman05: calls $3
*** TURN *** [7c 3d 5s] [3s]
Chessnok: bets $6
Bonkman05: folds
Uncalled bet ($6) returned to Chessnok
Chessnok collected $23.52 from pot
Chessnok: doesn't show hand
*** SUMMARY ***
Total pot $24 | Rake $0.48
Board [7c 3d 5s 3s]
Seat 1: Bonkman05 (button) (small blind) folded on the Turn
Seat 3: Chessnok (big blind) collected ($23.52)


PokerStars Hand #170869813019:  Hold'em Limit ($3/$6 USD) - 2017/05/24 17:14:53 ET
Table 'Weber' 6-max Seat #1 is the button
Seat 1: Bonkman05 ($40.14 in chips)
Seat 3: Chessnok ($113.54 in chips)
Bonkman05: posts small blind $1
Chessnok: posts big blind $3
*** HOLE CARDS ***
Bonkman05: raises $3 to $6
Chessnok: calls $3
*** FLOP *** [5d Qs 6d]
Chessnok: bets $3
Bonkman05: raises $3 to $6
Chessnok: calls $3
*** TURN *** [5d Qs 6d] [2d]
Chessnok: checks
Bonkman05: bets $6
Chessnok: calls $6
*** RIVER *** [5d Qs 6d 2d] [5s]
Chessnok: checks
Bonkman05: bets $6
Chessnok: calls $6
*** SHOW DOWN ***
Bonkman05: shows [Qd 5h] (a full house, Fives full of Queens)
Chessnok: mucks hand
Bonkman05 collected $47.50 from pot
*** SUMMARY ***
Total pot $48 | Rake $0.50
Board [5d Qs 6d 2d 5s]
Seat 1: Bonkman05 (button) (small blind) showed [Qd 5h] and won ($47.50) with a full house, Fives full of Queens
Seat 3: Chessnok (big blind) mucked


PokerStars Hand #170869856559:  Hold'em Limit ($3/$6 USD) - 2017/05/24 17:15:46 ET
Table 'Weber' 6-max Seat #3 is the button
Seat 1: Bonkman05 ($63.64 in chips)
Seat 3: Chessnok ($89.54 in chips)
Chessnok: posts small blind $1
Bonkman05: posts big blind $3
*** HOLE CARDS ***
Chessnok: raises $3 to $6
Bonkman05: raises $3 to $9
Chessnok: calls $3
*** FLOP *** [7d 9d 5c]
Bonkman05: bets $3
Chessnok: calls $3
*** TURN *** [7d 9d 5c] [Qc]
Bonkman05: checks
Chessnok: bets $6
Bonkman05: calls $6
*** RIVER *** [7d 9d 5c Qc] [Jc]
Bonkman05: checks
Chessnok: bets $6
Bonkman05: folds
Uncalled bet ($6) returned to Chessnok
Chessnok collected $35.50 from pot
Chessnok: doesn't show hand
*** SUMMARY ***
Total pot $36 | Rake $0.50
Board [7d 9d 5c Qc Jc]
Seat 1: Bonkman05 (big blind) folded on the River
Seat 3: Chessnok (button) (small blind) collected ($35.50)


