PokerStars Hand #162804880449:  Hold'em Limit ($3/$6 USD) - 2016/12/11 19:35:55 ET
Table 'Weber' 6-max Seat #5 is the button
Seat 1: LifeisagameX ($84 in chips)
Seat 5: Brama Br ($83.40 in chips)
Brama Br: posts small blind $1
LifeisagameX: posts big blind $3
*** HOLE CARDS ***
Brama Br: raises $3 to $6
LifeisagameX: calls $3
*** FLOP *** [7h Qh Kd]
LifeisagameX: checks
Brama Br: bets $3
LifeisagameX: folds
Uncalled bet ($3) returned to Brama Br
Brama Br collected $11.76 from pot
Brama Br: doesn't show hand
*** SUMMARY ***
Total pot $12 | Rake $0.24
Board [7h Qh Kd]
Seat 1: LifeisagameX (big blind) folded on the Flop
Seat 5: Brama Br (button) (small blind) collected ($11.76)


PokerStars Hand #162804897652:  Hold'em Limit ($3/$6 USD) - 2016/12/11 19:36:21 ET
Table 'Weber' 6-max Seat #1 is the button
Seat 1: LifeisagameX ($84 in chips)
Seat 5: Brama Br ($89.16 in chips)
LifeisagameX: posts small blind $1
Brama Br: posts big blind $3
*** HOLE CARDS ***
LifeisagameX: folds
Uncalled bet ($2) returned to Brama Br
Brama Br collected $2 from pot
Brama Br: doesn't show hand
*** SUMMARY ***
Total pot $2 | Rake $0
Seat 1: LifeisagameX (button) (small blind) folded before Flop
Seat 5: Brama Br (big blind) collected ($2)


PokerStars Hand #162804903218:  Hold'em Limit ($3/$6 USD) - 2016/12/11 19:36:29 ET
Table 'Weber' 6-max Seat #5 is the button
Seat 1: LifeisagameX ($84 in chips)
Seat 5: Brama Br ($90.16 in chips)
Brama Br: posts small blind $1
LifeisagameX: posts big blind $3
*** HOLE CARDS ***
Brama Br: raises $3 to $6
ToDaFelt joins the table at seat #6
LifeisagameX: calls $3
*** FLOP *** [Ks Jd 8h]
LifeisagameX: checks
Brama Br: checks
*** TURN *** [Ks Jd 8h] [3c]
LifeisagameX: bets $6
Brama Br: calls $6
*** RIVER *** [Ks Jd 8h 3c] [Kh]
LifeisagameX: bets $6
Brama Br: calls $6
*** SHOW DOWN ***
LifeisagameX: shows [Th 8d] (two pair, Kings and Eights)
Brama Br: mucks hand
LifeisagameX collected $35.50 from pot
*** SUMMARY ***
Total pot $36 | Rake $0.50
Board [Ks Jd 8h 3c Kh]
Seat 1: LifeisagameX (big blind) showed [Th 8d] and won ($35.50) with two pair, Kings and Eights
Seat 5: Brama Br (button) (small blind) mucked


PokerStars Hand #162804931717:  Hold'em Limit ($3/$6 USD) - 2016/12/11 19:37:12 ET
Table 'Weber' 6-max Seat #1 is the button
Seat 1: LifeisagameX ($101.50 in chips)
Seat 5: Brama Br ($72.16 in chips)
LifeisagameX: posts small blind $1
Brama Br: posts big blind $3
*** HOLE CARDS ***
LifeisagameX: raises $3 to $6
Brama Br: calls $3
*** FLOP *** [Ah 7c 4h]
Brama Br: checks
LifeisagameX: bets $3
Brama Br: folds
Uncalled bet ($3) returned to LifeisagameX
LifeisagameX collected $11.76 from pot
LifeisagameX: doesn't show hand
*** SUMMARY ***
Total pot $12 | Rake $0.24
Board [Ah 7c 4h]
Seat 1: LifeisagameX (button) (small blind) collected ($11.76)
Seat 5: Brama Br (big blind) folded on the Flop


PokerStars Hand #162805054447:  Hold'em Limit ($3/$6 USD) - 2016/12/11 19:40:19 ET
Table 'Weber' 6-max Seat #6 is the button
Seat 5: Brama Br ($89.27 in chips)
Seat 6: ToDaFelt ($77.61 in chips)
ToDaFelt: posts small blind $1
Brama Br: posts big blind $3
*** HOLE CARDS ***
ToDaFelt: raises $3 to $6
Brama Br: folds
Uncalled bet ($3) returned to ToDaFelt
ToDaFelt collected $6 from pot
ToDaFelt: doesn't show hand
*** SUMMARY ***
Total pot $6 | Rake $0
Seat 5: Brama Br (big blind) folded before Flop
Seat 6: ToDaFelt (button) (small blind) collected ($6)


PokerStars Hand #162805034789:  Hold'em Limit ($3/$6 USD) - 2016/12/11 19:39:49 ET
Table 'Weber' 6-max Seat #5 is the button
Seat 5: Brama Br ($65.77 in chips)
Seat 6: ToDaFelt ($101.61 in chips)
Brama Br: posts small blind $1
ToDaFelt: posts big blind $3
*** HOLE CARDS ***
Brama Br: raises $3 to $6
ToDaFelt: calls $3
*** FLOP *** [Ad 7c 4c]
ToDaFelt: checks
Brama Br: bets $3
ToDaFelt: raises $3 to $6
Brama Br: calls $3
*** TURN *** [Ad 7c 4c] [2h]
ToDaFelt: bets $6
Brama Br: calls $6
*** RIVER *** [Ad 7c 4c 2h] [Js]
ToDaFelt: checks
Brama Br: bets $6
ToDaFelt: calls $6
*** SHOW DOWN ***
Brama Br: shows [7h 5h] (a pair of Sevens)
ToDaFelt: mucks hand
Brama Br collected $47.50 from pot
*** SUMMARY ***
Total pot $48 | Rake $0.50
Board [Ad 7c 4c 2h Js]
Seat 5: Brama Br (button) (small blind) showed [7h 5h] and won ($47.50) with a pair of Sevens
Seat 6: ToDaFelt (big blind) mucked


PokerStars Hand #162805092607:  Hold'em Limit ($3/$6 USD) - 2016/12/11 19:41:16 ET
Table 'Weber' 6-max Seat #5 is the button
Seat 5: Brama Br ($109.77 in chips)
Seat 6: ToDaFelt ($120 in chips)
Brama Br: posts small blind $1
ToDaFelt: posts big blind $3
*** HOLE CARDS ***
Brama Br: folds
Uncalled bet ($2) returned to ToDaFelt
ToDaFelt collected $2 from pot
ToDaFelt: doesn't show hand
*** SUMMARY ***
Total pot $2 | Rake $0
Seat 5: Brama Br (button) (small blind) folded before Flop
Seat 6: ToDaFelt (big blind) collected ($2)


PokerStars Hand #162805071089:  Hold'em Limit ($3/$6 USD) - 2016/12/11 19:40:44 ET
Table 'Weber' 6-max Seat #6 is the button
Seat 5: Brama Br ($89.27 in chips)
Seat 6: ToDaFelt ($77.61 in chips)
ToDaFelt: posts small blind $1
Brama Br: posts big blind $3
*** HOLE CARDS ***
ToDaFelt: raises $3 to $6
Brama Br: calls $3
*** FLOP *** [4c 3s Tc]
Brama Br: bets $3
ToDaFelt: calls $3
*** TURN *** [4c 3s Tc] [Qc]
Brama Br: bets $6
ToDaFelt: raises $6 to $12
Brama Br: calls $6
*** RIVER *** [4c 3s Tc Qc] [9h]
Brama Br: checks
ToDaFelt: checks
*** SHOW DOWN ***
Brama Br: shows [Ts 8c] (a pair of Tens)
ToDaFelt: mucks hand
Brama Br collected $41.50 from pot
*** SUMMARY ***
Total pot $42 | Rake $0.50
Board [4c 3s Tc Qc 9h]
Seat 5: Brama Br (big blind) showed [Ts 8c] and won ($41.50) with a pair of Tens
Seat 6: ToDaFelt (button) (small blind) mucked


PokerStars Hand #162805062108:  Hold'em Limit ($3/$6 USD) - 2016/12/11 19:40:30 ET
Table 'Weber' 6-max Seat #5 is the button
Seat 5: Brama Br ($86.27 in chips)
Seat 6: ToDaFelt ($80.61 in chips)
Brama Br: posts small blind $1
ToDaFelt: posts big blind $3
*** HOLE CARDS ***
Brama Br: raises $3 to $6
ToDaFelt: folds
Uncalled bet ($3) returned to Brama Br
Brama Br collected $6 from pot
Brama Br: doesn't show hand
*** SUMMARY ***
Total pot $6 | Rake $0
Seat 5: Brama Br (button) (small blind) collected ($6)
Seat 6: ToDaFelt (big blind) folded before Flop


PokerStars Hand #162805101717:  Hold'em Limit ($3/$6 USD) - 2016/12/11 19:41:30 ET
Table 'Weber' 6-max Seat #6 is the button
Seat 5: Brama Br ($108.77 in chips)
Seat 6: ToDaFelt ($121 in chips)
ToDaFelt: posts small blind $1
Brama Br: posts big blind $3
*** HOLE CARDS ***
ToDaFelt: raises $3 to $6
Brama Br: calls $3
*** FLOP *** [Th Js 2c]
Brama Br: checks
ToDaFelt: bets $3
Brama Br: calls $3
*** TURN *** [Th Js 2c] [8c]
Brama Br: checks
ToDaFelt: checks
*** RIVER *** [Th Js 2c 8c] [Ts]
Brama Br: bets $6
ToDaFelt: calls $6
*** SHOW DOWN ***
Brama Br: shows [Ad 7h] (a pair of Tens)
ToDaFelt: shows [As 4s] (a pair of Tens)
Brama Br collected $14.75 from pot
ToDaFelt collected $14.75 from pot
*** SUMMARY ***
Total pot $30 | Rake $0.50
Board [Th Js 2c 8c Ts]
Seat 5: Brama Br (big blind) showed [Ad 7h] and won ($14.75) with a pair of Tens
Seat 6: ToDaFelt (button) (small blind) showed [As 4s] and won ($14.75) with a pair of Tens


PokerStars Hand #162805116710:  Hold'em Limit ($3/$6 USD) - 2016/12/11 19:41:52 ET
Table 'Weber' 6-max Seat #5 is the button
Seat 5: Brama Br ($108.52 in chips)
Seat 6: ToDaFelt ($120.75 in chips)
Brama Br: posts small blind $1
ToDaFelt: posts big blind $3
*** HOLE CARDS ***
Brama Br: raises $3 to $6
ToDaFelt: calls $3
*** FLOP *** [4s Ks 8d]
ToDaFelt: checks
Brama Br: bets $3
ToDaFelt: raises $3 to $6
Brama Br: calls $3
*** TURN *** [4s Ks 8d] [6d]
ToDaFelt: bets $6
Brama Br: calls $6
*** RIVER *** [4s Ks 8d 6d] [3c]
ToDaFelt: bets $6
Brama Br: calls $6
*** SHOW DOWN ***
ToDaFelt: shows [2c Kc] (a pair of Kings)
Brama Br: mucks hand
ToDaFelt collected $47.50 from pot
*** SUMMARY ***
Total pot $48 | Rake $0.50
Board [4s Ks 8d 6d 3c]
Seat 5: Brama Br (button) (small blind) mucked
Seat 6: ToDaFelt (big blind) showed [2c Kc] and won ($47.50) with a pair of Kings


PokerStars Hand #162805187024:  Hold'em Limit ($3/$6 USD) - 2016/12/11 19:43:39 ET
Table 'Weber' 6-max Seat #5 is the button
Seat 5: Brama Br ($54.52 in chips)
Seat 6: ToDaFelt ($173.75 in chips)
Brama Br: posts small blind $1
ToDaFelt: posts big blind $3
*** HOLE CARDS ***
Brama Br: raises $3 to $6
ToDaFelt: raises $3 to $9
Brama Br: raises $3 to $12
Betting is capped
ToDaFelt: calls $3
*** FLOP *** [Jc Kc 2h]
ToDaFelt: checks
Brama Br: bets $3
ToDaFelt: raises $3 to $6
Brama Br: calls $3
*** TURN *** [Jc Kc 2h] [Ac]
ToDaFelt: checks
Brama Br: bets $6
ToDaFelt: calls $6
*** RIVER *** [Jc Kc 2h Ac] [Qs]
ToDaFelt: bets $6
Brama Br: calls $6
*** SHOW DOWN ***
ToDaFelt: shows [Ks Tc] (a straight, Ten to Ace)
Brama Br: mucks hand
ToDaFelt collected $59.50 from pot
*** SUMMARY ***
Total pot $60 | Rake $0.50
Board [Jc Kc 2h Ac Qs]
Seat 5: Brama Br (button) (small blind) mucked
Seat 6: ToDaFelt (big blind) showed [Ks Tc] and won ($59.50) with a straight, Ten to Ace


PokerStars Hand #162805158985:  Hold'em Limit ($3/$6 USD) - 2016/12/11 19:42:56 ET
Table 'Weber' 6-max Seat #6 is the button
Seat 5: Brama Br ($84.52 in chips)
Seat 6: ToDaFelt ($144.25 in chips)
ToDaFelt: posts small blind $1
Brama Br: posts big blind $3
*** HOLE CARDS ***
ToDaFelt: raises $3 to $6
Brama Br: calls $3
*** FLOP *** [5c 5d 3d]
Brama Br: checks
ToDaFelt: bets $3
Brama Br: raises $3 to $6
ToDaFelt: calls $3
*** TURN *** [5c 5d 3d] [Ah]
Brama Br: bets $6
ToDaFelt: raises $6 to $12
Brama Br: calls $6
*** RIVER *** [5c 5d 3d Ah] [Tc]
Brama Br: checks
ToDaFelt: bets $6
Brama Br: calls $6
*** SHOW DOWN ***
ToDaFelt: shows [5h 8h] (three of a kind, Fives)
Brama Br: mucks hand
ToDaFelt collected $59.50 from pot
*** SUMMARY ***
Total pot $60 | Rake $0.50
Board [5c 5d 3d Ah Tc]
Seat 5: Brama Br (big blind) mucked
Seat 6: ToDaFelt (button) (small blind) showed [5h 8h] and won ($59.50) with three of a kind, Fives


PokerStars Hand #162805241331:  Hold'em Limit ($3/$6 USD) - 2016/12/11 19:45:02 ET
Table 'Weber' 6-max Seat #6 is the button
Seat 5: Brama Br ($211.52 in chips)
Seat 6: ToDaFelt ($215.77 in chips)
ToDaFelt: posts small blind $1
Brama Br: posts big blind $3
*** HOLE CARDS ***
ToDaFelt: raises $3 to $6
Brama Br: raises $3 to $9
ToDaFelt: calls $3
*** FLOP *** [5h 9d 3d]
Brama Br: bets $3
ToDaFelt: calls $3
*** TURN *** [5h 9d 3d] [Js]
Brama Br: bets $6
ToDaFelt: calls $6
*** RIVER *** [5h 9d 3d Js] [Jd]
Brama Br: bets $6
ToDaFelt: raises $6 to $12
Brama Br: calls $6
*** SHOW DOWN ***
ToDaFelt: shows [4h 7c] (a pair of Jacks)
Brama Br: shows [Qc 9s] (two pair, Jacks and Nines)
Brama Br collected $59.50 from pot
*** SUMMARY ***
Total pot $60 | Rake $0.50
Board [5h 9d 3d Js Jd]
Seat 5: Brama Br (big blind) showed [Qc 9s] and won ($59.50) with two pair, Jacks and Nines
Seat 6: ToDaFelt (button) (small blind) showed [4h 7c] and lost with a pair of Jacks


PokerStars Hand #162805237723:  Hold'em Limit ($3/$6 USD) - 2016/12/11 19:44:56 ET
Table 'Weber' 6-max Seat #5 is the button
Seat 5: Brama Br ($212.52 in chips)
Seat 6: ToDaFelt ($214.77 in chips)
Brama Br: posts small blind $1
ToDaFelt: posts big blind $3
*** HOLE CARDS ***
Brama Br: folds
Uncalled bet ($2) returned to ToDaFelt
ToDaFelt collected $2 from pot
ToDaFelt: doesn't show hand
*** SUMMARY ***
Total pot $2 | Rake $0
Seat 5: Brama Br (button) (small blind) folded before Flop
Seat 6: ToDaFelt (big blind) collected ($2)


PokerStars Hand #162805210467:  Hold'em Limit ($3/$6 USD) - 2016/12/11 19:44:14 ET
Table 'Weber' 6-max Seat #6 is the button
Seat 5: Brama Br ($24.52 in chips)
Seat 6: ToDaFelt ($203.25 in chips)
ToDaFelt: posts small blind $1
Brama Br: posts big blind $3
*** HOLE CARDS ***
ToDaFelt: raises $3 to $6
Brama Br: calls $3
*** FLOP *** [4d 5s 8d]
Brama Br: checks
ToDaFelt: checks
*** TURN *** [4d 5s 8d] [7c]
Brama Br: bets $6
ToDaFelt: calls $6
*** RIVER *** [4d 5s 8d 7c] [2c]
Brama Br: checks
ToDaFelt: bets $6
Brama Br: folds
Uncalled bet ($6) returned to ToDaFelt
ToDaFelt collected $23.52 from pot
ToDaFelt: doesn't show hand
*** SUMMARY ***
Total pot $24 | Rake $0.48
Board [4d 5s 8d 7c 2c]
Seat 5: Brama Br (big blind) folded on the River
Seat 6: ToDaFelt (button) (small blind) collected ($23.52)


PokerStars Hand #162805281698:  Hold'em Limit ($3/$6 USD) - 2016/12/11 19:46:03 ET
Table 'Weber' 6-max Seat #6 is the button
Seat 5: Brama Br ($229.02 in chips)
Seat 6: ToDaFelt ($197.29 in chips)
ToDaFelt: posts small blind $1
Brama Br: posts big blind $3
*** HOLE CARDS ***
ToDaFelt: raises $3 to $6
Brama Br: calls $3
*** FLOP *** [8c 5s As]
Brama Br: checks
ToDaFelt: bets $3
Brama Br: raises $3 to $6
ToDaFelt: calls $3
*** TURN *** [8c 5s As] [9h]
Brama Br: checks
ToDaFelt: checks
*** RIVER *** [8c 5s As 9h] [3d]
Brama Br: bets $6
ToDaFelt: calls $6
*** SHOW DOWN ***
Brama Br: shows [Td 8s] (a pair of Eights)
ToDaFelt: mucks hand
Brama Br collected $35.50 from pot
*** SUMMARY ***
Total pot $36 | Rake $0.50
Board [8c 5s As 9h 3d]
Seat 5: Brama Br (big blind) showed [Td 8s] and won ($35.50) with a pair of Eights
Seat 6: ToDaFelt (button) (small blind) mucked


PokerStars Hand #162805263222:  Hold'em Limit ($3/$6 USD) - 2016/12/11 19:45:35 ET
Table 'Weber' 6-max Seat #5 is the button
Seat 5: Brama Br ($241.02 in chips)
Seat 6: ToDaFelt ($185.77 in chips)
Brama Br: posts small blind $1
ToDaFelt: posts big blind $3
*** HOLE CARDS ***
Brama Br: raises $3 to $6
ToDaFelt: raises $3 to $9
Brama Br: raises $3 to $12
Betting is capped
ToDaFelt: calls $3
*** FLOP *** [4c 2d 5h]
ToDaFelt: checks
Brama Br: checks
*** TURN *** [4c 2d 5h] [Ts]
ToDaFelt: checks
Brama Br: checks
*** RIVER *** [4c 2d 5h Ts] [Th]
ToDaFelt: checks
Brama Br: checks
*** SHOW DOWN ***
ToDaFelt: shows [7s Ac] (a pair of Tens)
Brama Br: mucks hand
ToDaFelt collected $23.52 from pot
*** SUMMARY ***
Total pot $24 | Rake $0.48
Board [4c 2d 5h Ts Th]
Seat 5: Brama Br (button) (small blind) mucked
Seat 6: ToDaFelt (big blind) showed [7s Ac] and won ($23.52) with a pair of Tens


PokerStars Hand #162805329417:  Hold'em Limit ($3/$6 USD) - 2016/12/11 19:47:17 ET
Table 'Weber' 6-max Seat #6 is the button
Seat 5: Brama Br ($237.52 in chips)
Seat 6: ToDaFelt ($187.93 in chips)
ToDaFelt: posts small blind $1
Brama Br: posts big blind $3
*** HOLE CARDS ***
ToDaFelt: folds
Uncalled bet ($2) returned to Brama Br
Brama Br collected $2 from pot
Brama Br: doesn't show hand
*** SUMMARY ***
Total pot $2 | Rake $0
Seat 5: Brama Br (big blind) collected ($2)
Seat 6: ToDaFelt (button) (small blind) folded before Flop


PokerStars Hand #162805324438:  Hold'em Limit ($3/$6 USD) - 2016/12/11 19:47:09 ET
Table 'Weber' 6-max Seat #5 is the button
Seat 5: Brama Br ($234.52 in chips)
Seat 6: ToDaFelt ($190.93 in chips)
Brama Br: posts small blind $1
ToDaFelt: posts big blind $3
*** HOLE CARDS ***
Brama Br: raises $3 to $6
ToDaFelt: folds
Uncalled bet ($3) returned to Brama Br
Brama Br collected $6 from pot
Brama Br: doesn't show hand
*** SUMMARY ***
Total pot $6 | Rake $0
Seat 5: Brama Br (button) (small blind) collected ($6)
Seat 6: ToDaFelt (big blind) folded before Flop


PokerStars Hand #162805319982:  Hold'em Limit ($3/$6 USD) - 2016/12/11 19:47:02 ET
Table 'Weber' 6-max Seat #6 is the button
Seat 5: Brama Br ($237.52 in chips)
Seat 6: ToDaFelt ($187.93 in chips)
ToDaFelt: posts small blind $1
Brama Br: posts big blind $3
*** HOLE CARDS ***
ToDaFelt: raises $3 to $6
Brama Br: folds
Uncalled bet ($3) returned to ToDaFelt
ToDaFelt collected $6 from pot
ToDaFelt: doesn't show hand
*** SUMMARY ***
Total pot $6 | Rake $0
Seat 5: Brama Br (big blind) folded before Flop
Seat 6: ToDaFelt (button) (small blind) collected ($6)


PokerStars Hand #162805297492:  Hold'em Limit ($3/$6 USD) - 2016/12/11 19:46:28 ET
Table 'Weber' 6-max Seat #5 is the button
Seat 5: Brama Br ($246.52 in chips)
Seat 6: ToDaFelt ($179.29 in chips)
Brama Br: posts small blind $1
ToDaFelt: posts big blind $3
*** HOLE CARDS ***
Brama Br: raises $3 to $6
ToDaFelt: calls $3
*** FLOP *** [4d 5d 3h]
ToDaFelt: checks
Brama Br: bets $3
ToDaFelt: calls $3
*** TURN *** [4d 5d 3h] [Jc]
ToDaFelt: checks
Brama Br: checks
*** RIVER *** [4d 5d 3h Jc] [4h]
ToDaFelt: bets $6
Brama Br: folds
Uncalled bet ($6) returned to ToDaFelt
ToDaFelt collected $17.64 from pot
ToDaFelt: doesn't show hand
*** SUMMARY ***
Total pot $18 | Rake $0.36
Board [4d 5d 3h Jc 4h]
Seat 5: Brama Br (button) (small blind) folded on the River
Seat 6: ToDaFelt (big blind) collected ($17.64)


PokerStars Hand #162805363717:  Hold'em Limit ($3/$6 USD) - 2016/12/11 19:48:10 ET
Table 'Weber' 6-max Seat #6 is the button
Seat 5: Brama Br ($265.02 in chips)
Seat 6: ToDaFelt ($159.93 in chips)
ToDaFelt: posts small blind $1
Brama Br: posts big blind $3
*** HOLE CARDS ***
ToDaFelt: raises $3 to $6
Brama Br: folds
Uncalled bet ($3) returned to ToDaFelt
ToDaFelt collected $6 from pot
ToDaFelt: doesn't show hand
*** SUMMARY ***
Total pot $6 | Rake $0
Seat 5: Brama Br (big blind) folded before Flop
Seat 6: ToDaFelt (button) (small blind) collected ($6)


PokerStars Hand #162805333383:  Hold'em Limit ($3/$6 USD) - 2016/12/11 19:47:23 ET
Table 'Weber' 6-max Seat #5 is the button
Seat 5: Brama Br ($238.52 in chips)
Seat 6: ToDaFelt ($186.93 in chips)
Brama Br: posts small blind $1
ToDaFelt: posts big blind $3
*** HOLE CARDS ***
Brama Br: raises $3 to $6
ToDaFelt: raises $3 to $9
Brama Br: raises $3 to $12
Betting is capped
ToDaFelt: calls $3
*** FLOP *** [Jh Kd 8h]
ToDaFelt: checks
Brama Br: bets $3
ToDaFelt: calls $3
*** TURN *** [Jh Kd 8h] [6h]
ToDaFelt: checks
Brama Br: bets $6
ToDaFelt: calls $6
*** RIVER *** [Jh Kd 8h 6h] [9d]
ToDaFelt: checks
Brama Br: bets $6
ToDaFelt: calls $6
*** SHOW DOWN ***
Brama Br: shows [Kc 9c] (two pair, Kings and Nines)
ToDaFelt: mucks hand
Brama Br collected $53.50 from pot
*** SUMMARY ***
Total pot $54 | Rake $0.50
Board [Jh Kd 8h 6h 9d]
Seat 5: Brama Br (button) (small blind) showed [Kc 9c] and won ($53.50) with two pair, Kings and Nines
Seat 6: ToDaFelt (big blind) mucked


PokerStars Hand #162805397333:  Hold'em Limit ($3/$6 USD) - 2016/12/11 19:49:02 ET
Table 'Weber' 6-max Seat #5 is the button
Seat 5: Brama Br ($277.52 in chips)
Seat 6: ToDaFelt ($146.93 in chips)
Brama Br: posts small blind $1
ToDaFelt: posts big blind $3
*** HOLE CARDS ***
Brama Br: folds
Uncalled bet ($2) returned to ToDaFelt
ToDaFelt collected $2 from pot
ToDaFelt: doesn't show hand
*** SUMMARY ***
Total pot $2 | Rake $0
Seat 5: Brama Br (button) (small blind) folded before Flop
Seat 6: ToDaFelt (big blind) collected ($2)


PokerStars Hand #162805393707:  Hold'em Limit ($3/$6 USD) - 2016/12/11 19:48:56 ET
Table 'Weber' 6-max Seat #6 is the button
Seat 5: Brama Br ($276.52 in chips)
Seat 6: ToDaFelt ($147.93 in chips)
ToDaFelt: posts small blind $1
Brama Br: posts big blind $3
*** HOLE CARDS ***
ToDaFelt: folds
Uncalled bet ($2) returned to Brama Br
Brama Br collected $2 from pot
Brama Br: doesn't show hand
*** SUMMARY ***
Total pot $2 | Rake $0
Seat 5: Brama Br (big blind) collected ($2)
Seat 6: ToDaFelt (button) (small blind) folded before Flop


PokerStars Hand #162805368177:  Hold'em Limit ($3/$6 USD) - 2016/12/11 19:48:17 ET
Table 'Weber' 6-max Seat #5 is the button
Seat 5: Brama Br ($262.02 in chips)
Seat 6: ToDaFelt ($162.93 in chips)
Brama Br: posts small blind $1
ToDaFelt: posts big blind $3
*** HOLE CARDS ***
Brama Br: raises $3 to $6
ToDaFelt: calls $3
*** FLOP *** [5s Qs Qd]
ToDaFelt: checks
Brama Br: bets $3
ToDaFelt: calls $3
*** TURN *** [5s Qs Qd] [4h]
ToDaFelt: checks
Brama Br: checks
*** RIVER *** [5s Qs Qd 4h] [7h]
ToDaFelt: checks
Brama Br: bets $6
ToDaFelt: calls $6
*** SHOW DOWN ***
Brama Br: shows [7d Kh] (two pair, Queens and Sevens)
ToDaFelt: mucks hand
Brama Br collected $29.50 from pot
*** SUMMARY ***
Total pot $30 | Rake $0.50
Board [5s Qs Qd 4h 7h]
Seat 5: Brama Br (button) (small blind) showed [7d Kh] and won ($29.50) with two pair, Queens and Sevens
Seat 6: ToDaFelt (big blind) mucked


PokerStars Hand #162805453764:  Hold'em Limit ($3/$6 USD) - 2016/12/11 19:50:31 ET
Table 'Weber' 6-max Seat #5 is the button
Seat 5: Brama Br ($311.52 in chips)
Seat 6: ToDaFelt ($111.69 in chips)
Brama Br: posts small blind $1
ToDaFelt: posts big blind $3
*** HOLE CARDS ***
Brama Br: folds
Uncalled bet ($2) returned to ToDaFelt
ToDaFelt collected $2 from pot
ToDaFelt: doesn't show hand
*** SUMMARY ***
Total pot $2 | Rake $0
Seat 5: Brama Br (button) (small blind) folded before Flop
Seat 6: ToDaFelt (big blind) collected ($2)


PokerStars Hand #162805444934:  Hold'em Limit ($3/$6 USD) - 2016/12/11 19:50:17 ET
Table 'Weber' 6-max Seat #6 is the button
Seat 5: Brama Br ($317.52 in chips)
Seat 6: ToDaFelt ($105.93 in chips)
ToDaFelt: posts small blind $1
Brama Br: posts big blind $3
*** HOLE CARDS ***
ToDaFelt: raises $3 to $6
Brama Br: calls $3
*** FLOP *** [6h 9d Jd]
Brama Br: checks
ToDaFelt: bets $3
Brama Br: folds
Uncalled bet ($3) returned to ToDaFelt
ToDaFelt collected $11.76 from pot
ToDaFelt: doesn't show hand
*** SUMMARY ***
Total pot $12 | Rake $0.24
Board [6h 9d Jd]
Seat 5: Brama Br (big blind) folded on the Flop
Seat 6: ToDaFelt (button) (small blind) collected ($11.76)


PokerStars Hand #162805425368:  Hold'em Limit ($3/$6 USD) - 2016/12/11 19:49:46 ET
Table 'Weber' 6-max Seat #5 is the button
Seat 5: Brama Br ($294.02 in chips)
Seat 6: ToDaFelt ($129.93 in chips)
Brama Br: posts small blind $1
ToDaFelt: posts big blind $3
*** HOLE CARDS ***
Brama Br: raises $3 to $6
ToDaFelt: calls $3
*** FLOP *** [2c Tc 7c]
ToDaFelt: checks
Brama Br: checks
*** TURN *** [2c Tc 7c] [8s]
ToDaFelt: bets $6
Brama Br: calls $6
*** RIVER *** [2c Tc 7c 8s] [9h]
ToDaFelt: bets $6
Brama Br: raises $6 to $12
ToDaFelt: calls $6
*** SHOW DOWN ***
Brama Br: shows [As Jd] (a straight, Seven to Jack)
ToDaFelt: mucks hand
Brama Br collected $47.50 from pot
*** SUMMARY ***
Total pot $48 | Rake $0.50
Board [2c Tc 7c 8s 9h]
Seat 5: Brama Br (button) (small blind) showed [As Jd] and won ($47.50) with a straight, Seven to Jack
Seat 6: ToDaFelt (big blind) mucked


PokerStars Hand #162805401084:  Hold'em Limit ($3/$6 USD) - 2016/12/11 19:49:08 ET
Table 'Weber' 6-max Seat #6 is the button
Seat 5: Brama Br ($276.52 in chips)
Seat 6: ToDaFelt ($147.93 in chips)
ToDaFelt: posts small blind $1
Brama Br: posts big blind $3
*** HOLE CARDS ***
ToDaFelt: raises $3 to $6
Brama Br: raises $3 to $9
ToDaFelt: calls $3
*** FLOP *** [Ah 5d 4s]
Brama Br: bets $3
ToDaFelt: calls $3
*** TURN *** [Ah 5d 4s] [6c]
Brama Br: checks
ToDaFelt: checks
*** RIVER *** [Ah 5d 4s 6c] [9h]
Brama Br: bets $6
ToDaFelt: calls $6
*** SHOW DOWN ***
Brama Br: shows [Qh 9d] (a pair of Nines)
ToDaFelt: mucks hand
Brama Br collected $35.50 from pot
*** SUMMARY ***
Total pot $36 | Rake $0.50
Board [Ah 5d 4s 6c 9h]
Seat 5: Brama Br (big blind) showed [Qh 9d] and won ($35.50) with a pair of Nines
Seat 6: ToDaFelt (button) (small blind) mucked


PokerStars Hand #162805472775:  Hold'em Limit ($3/$6 USD) - 2016/12/11 19:50:54 ET
Table 'Weber' 6-max Seat #5 is the button
Seat 5: Brama Br ($304.52 in chips)
Seat 6: ToDaFelt ($118.45 in chips)
Brama Br: posts small blind $1
ToDaFelt: posts big blind $3
*** HOLE CARDS ***
Brama Br: raises $3 to $6
ToDaFelt: calls $3
*** FLOP *** [Td 2c 5h]
ToDaFelt: checks
Brama Br: bets $3
ToDaFelt: calls $3
*** TURN *** [Td 2c 5h] [4s]
ToDaFelt: checks
Brama Br: checks
*** RIVER *** [Td 2c 5h 4s] [Ks]
ToDaFelt: bets $6
Brama Br: folds
Uncalled bet ($6) returned to ToDaFelt
ToDaFelt collected $17.64 from pot
ToDaFelt: doesn't show hand
*** SUMMARY ***
Total pot $18 | Rake $0.36
Board [Td 2c 5h 4s Ks]
Seat 5: Brama Br (button) (small blind) folded on the River
Seat 6: ToDaFelt (big blind) collected ($17.64)


PokerStars Hand #162805461586:  Hold'em Limit ($3/$6 USD) - 2016/12/11 19:50:37 ET
Table 'Weber' 6-max Seat #6 is the button
Seat 5: Brama Br ($310.52 in chips)
Seat 6: ToDaFelt ($112.69 in chips)
ToDaFelt: posts small blind $1
Brama Br: posts big blind $3
*** HOLE CARDS ***
ToDaFelt: raises $3 to $6
Brama Br: calls $3
*** FLOP *** [Qd Qc Jc]
Brama Br: checks
ToDaFelt: bets $3
Brama Br: folds
Uncalled bet ($3) returned to ToDaFelt
ToDaFelt collected $11.76 from pot
ToDaFelt: doesn't show hand
*** SUMMARY ***
Total pot $12 | Rake $0.24
Board [Qd Qc Jc]
Seat 5: Brama Br (big blind) folded on the Flop
Seat 6: ToDaFelt (button) (small blind) collected ($11.76)


PokerStars Hand #162805504961:  Hold'em Limit ($3/$6 USD) - 2016/12/11 19:51:45 ET
Table 'Weber' 6-max Seat #5 is the button
Seat 5: Brama Br ($292.52 in chips)
Seat 6: ToDaFelt ($130.09 in chips)
Brama Br: posts small blind $1
ToDaFelt: posts big blind $3
*** HOLE CARDS ***
Brama Br: raises $3 to $6
ToDaFelt: raises $3 to $9
Brama Br: raises $3 to $12
Betting is capped
ToDaFelt: calls $3
*** FLOP *** [6s Kc 3d]
ToDaFelt: checks
Brama Br: bets $3
ToDaFelt: raises $3 to $6
Brama Br: raises $3 to $9
ToDaFelt: calls $3
*** TURN *** [6s Kc 3d] [Qc]
ToDaFelt: checks
Brama Br: checks
*** RIVER *** [6s Kc 3d Qc] [8d]
ToDaFelt: bets $6
Brama Br: calls $6
*** SHOW DOWN ***
ToDaFelt: shows [Kh Jd] (a pair of Kings)
Brama Br: shows [Ks Jh] (a pair of Kings)
ToDaFelt collected $26.75 from pot
Brama Br collected $26.75 from pot
*** SUMMARY ***
Total pot $54 | Rake $0.50
Board [6s Kc 3d Qc 8d]
Seat 5: Brama Br (button) (small blind) showed [Ks Jh] and won ($26.75) with a pair of Kings
Seat 6: ToDaFelt (big blind) showed [Kh Jd] and won ($26.75) with a pair of Kings


PokerStars Hand #162805499315:  Hold'em Limit ($3/$6 USD) - 2016/12/11 19:51:36 ET
Table 'Weber' 6-max Seat #6 is the button
Seat 5: Brama Br ($295.52 in chips)
Seat 6: ToDaFelt ($127.09 in chips)
ToDaFelt: posts small blind $1
Brama Br: posts big blind $3
*** HOLE CARDS ***
ToDaFelt: raises $3 to $6
Brama Br: folds
Uncalled bet ($3) returned to ToDaFelt
ToDaFelt collected $6 from pot
ToDaFelt: doesn't show hand
*** SUMMARY ***
Total pot $6 | Rake $0
Seat 5: Brama Br (big blind) folded before Flop
Seat 6: ToDaFelt (button) (small blind) collected ($6)


PokerStars Hand #162805555157:  Hold'em Limit ($3/$6 USD) - 2016/12/11 19:53:04 ET
Table 'Weber' 6-max Seat #5 is the button
Seat 5: Brama Br ($321.77 in chips)
Seat 6: ToDaFelt ($99.84 in chips)
Brama Br: posts small blind $1
ToDaFelt: posts big blind $3
*** HOLE CARDS ***
Brama Br: raises $3 to $6
ToDaFelt: raises $3 to $9
Brama Br: calls $3
*** FLOP *** [Jc 8h 2h]
ToDaFelt: bets $3
Brama Br: calls $3
*** TURN *** [Jc 8h 2h] [3h]
ToDaFelt: bets $6
Brama Br: calls $6
*** RIVER *** [Jc 8h 2h 3h] [7s]
ToDaFelt: bets $6
Brama Br: calls $6
*** SHOW DOWN ***
ToDaFelt: shows [Qc Qd] (a pair of Queens)
Brama Br: mucks hand
ToDaFelt collected $47.50 from pot
*** SUMMARY ***
Total pot $48 | Rake $0.50
Board [Jc 8h 2h 3h 7s]
Seat 5: Brama Br (button) (small blind) mucked
Seat 6: ToDaFelt (big blind) showed [Qc Qd] and won ($47.50) with a pair of Queens


PokerStars Hand #162805538837:  Hold'em Limit ($3/$6 USD) - 2016/12/11 19:52:38 ET
Table 'Weber' 6-max Seat #6 is the button
Seat 5: Brama Br ($292.27 in chips)
Seat 6: ToDaFelt ($129.84 in chips)
ToDaFelt: posts small blind $1
Brama Br: posts big blind $3
*** HOLE CARDS ***
ToDaFelt: raises $3 to $6
Brama Br: calls $3
*** FLOP *** [Jc 7h Jd]
Brama Br: checks
ToDaFelt: bets $3
Brama Br: raises $3 to $6
ToDaFelt: calls $3
*** TURN *** [Jc 7h Jd] [2s]
Brama Br: bets $6
ToDaFelt: raises $6 to $12
Brama Br: calls $6
*** RIVER *** [Jc 7h Jd 2s] [Ah]
Brama Br: checks
ToDaFelt: bets $6
Brama Br: calls $6
*** SHOW DOWN ***
ToDaFelt: shows [9d Td] (a pair of Jacks)
Brama Br: shows [6s 7c] (two pair, Jacks and Sevens)
Brama Br collected $59.50 from pot
*** SUMMARY ***
Total pot $60 | Rake $0.50
Board [Jc 7h Jd 2s Ah]
Seat 5: Brama Br (big blind) showed [6s 7c] and won ($59.50) with two pair, Jacks and Sevens
Seat 6: ToDaFelt (button) (small blind) showed [9d Td] and lost with a pair of Jacks


PokerStars Hand #162805573902:  Hold'em Limit ($3/$6 USD) - 2016/12/11 19:53:33 ET
Table 'Weber' 6-max Seat #6 is the button
Seat 5: Brama Br ($297.77 in chips)
Seat 6: ToDaFelt ($123.34 in chips)
ToDaFelt: posts small blind $1
Brama Br: posts big blind $3
*** HOLE CARDS ***
ToDaFelt: raises $3 to $6
Brama Br: raises $3 to $9
ToDaFelt: calls $3
*** FLOP *** [5h 6s 4d]
Brama Br: bets $3
ToDaFelt: raises $3 to $6
Brama Br: calls $3
*** TURN *** [5h 6s 4d] [3d]
Brama Br: checks
ToDaFelt: bets $6
Brama Br: raises $6 to $12
ToDaFelt: calls $6
*** RIVER *** [5h 6s 4d 3d] [8c]
Brama Br: bets $6
ToDaFelt: calls $6
*** SHOW DOWN ***
Brama Br: shows [Ks 8s] (a pair of Eights)
ToDaFelt: mucks hand
Brama Br collected $65.50 from pot
*** SUMMARY ***
Total pot $66 | Rake $0.50
Board [5h 6s 4d 3d 8c]
Seat 5: Brama Br (big blind) showed [Ks 8s] and won ($65.50) with a pair of Eights
Seat 6: ToDaFelt (button) (small blind) mucked


PokerStars Hand #162805594985:  Hold'em Limit ($3/$6 USD) - 2016/12/11 19:54:07 ET
Table 'Weber' 6-max Seat #5 is the button
Seat 5: Brama Br ($330.27 in chips)
Seat 6: ToDaFelt ($90.34 in chips)
Brama Br: posts small blind $1
ToDaFelt: posts big blind $3
*** HOLE CARDS ***
Brama Br: folds
Uncalled bet ($2) returned to ToDaFelt
ToDaFelt collected $2 from pot
ToDaFelt: doesn't show hand
*** SUMMARY ***
Total pot $2 | Rake $0
Seat 5: Brama Br (button) (small blind) folded before Flop
Seat 6: ToDaFelt (big blind) collected ($2)


PokerStars Hand #162805622168:  Hold'em Limit ($3/$6 USD) - 2016/12/11 19:54:50 ET
Table 'Weber' 6-max Seat #5 is the button
Seat 5: Brama Br ($308.27 in chips)
Seat 6: ToDaFelt ($111.84 in chips)
Brama Br: posts small blind $1
ToDaFelt: posts big blind $3
*** HOLE CARDS ***
Brama Br: raises $3 to $6
ToDaFelt: folds
Uncalled bet ($3) returned to Brama Br
Brama Br collected $6 from pot
Brama Br: doesn't show hand
*** SUMMARY ***
Total pot $6 | Rake $0
Seat 5: Brama Br (button) (small blind) collected ($6)
Seat 6: ToDaFelt (big blind) folded before Flop


PokerStars Hand #162805602422:  Hold'em Limit ($3/$6 USD) - 2016/12/11 19:54:19 ET
Table 'Weber' 6-max Seat #6 is the button
Seat 5: Brama Br ($329.27 in chips)
Seat 6: ToDaFelt ($91.34 in chips)
ToDaFelt: posts small blind $1
Brama Br: posts big blind $3
*** HOLE CARDS ***
avalonia777 joins the table at seat #3
ToDaFelt: raises $3 to $6
Brama Br: calls $3
*** FLOP *** [Td Kh 7s]
Brama Br: checks
ToDaFelt: bets $3
Brama Br: calls $3
*** TURN *** [Td Kh 7s] [8d]
Brama Br: checks
ToDaFelt: bets $6
Brama Br: calls $6
*** RIVER *** [Td Kh 7s 8d] [Ts]
Brama Br: checks
FabronxRJ joins the table at seat #1
ToDaFelt: bets $6
Brama Br: calls $6
*** SHOW DOWN ***
ToDaFelt: shows [Js 9d] (a straight, Seven to Jack)
Brama Br: mucks hand
ToDaFelt collected $41.50 from pot
*** SUMMARY ***
Total pot $42 | Rake $0.50
Board [Td Kh 7s 8d Ts]
Seat 5: Brama Br (big blind) mucked
Seat 6: ToDaFelt (button) (small blind) showed [Js 9d] and won ($41.50) with a straight, Seven to Jack


PokerStars Hand #162809200306:  Hold'em Limit ($3/$6 USD) - 2016/12/11 21:53:40 ET
Table 'Weber' 6-max Seat #3 is the button
Seat 3: linuxhunter ($308.54 in chips)
Seat 6: ToDaFelt ($156.49 in chips)
linuxhunter: posts small blind $1
ToDaFelt: posts big blind $3
*** HOLE CARDS ***
linuxhunter: calls $2
ToDaFelt: raises $3 to $6
linuxhunter: calls $3
*** FLOP *** [Jd 3d Td]
ToDaFelt: bets $3
linuxhunter: folds
Uncalled bet ($3) returned to ToDaFelt
ToDaFelt collected $11.76 from pot
ToDaFelt: doesn't show hand
*** SUMMARY ***
Total pot $12 | Rake $0.24
Board [Jd 3d Td]
Seat 3: linuxhunter (button) (small blind) folded on the Flop
Seat 6: ToDaFelt (big blind) collected ($11.76)


PokerStars Hand #162809207551:  Hold'em Limit ($3/$6 USD) - 2016/12/11 21:53:59 ET
Table 'Weber' 6-max Seat #6 is the button
Seat 3: linuxhunter ($302.54 in chips)
Seat 6: ToDaFelt ($162.25 in chips)
ToDaFelt: posts small blind $1
linuxhunter: posts big blind $3
*** HOLE CARDS ***
ToDaFelt: raises $3 to $6
linuxhunter: calls $3
*** FLOP *** [Jh Qc Ad]
linuxhunter: bets $3
ToDaFelt: calls $3
*** TURN *** [Jh Qc Ad] [6h]
linuxhunter: checks
ToDaFelt: bets $6
linuxhunter: folds
Uncalled bet ($6) returned to ToDaFelt
ToDaFelt collected $17.64 from pot
ToDaFelt: doesn't show hand
*** SUMMARY ***
Total pot $18 | Rake $0.36
Board [Jh Qc Ad 6h]
Seat 3: linuxhunter (big blind) folded on the Turn
Seat 6: ToDaFelt (button) (small blind) collected ($17.64)


PokerStars Hand #162809215707:  Hold'em Limit ($3/$6 USD) - 2016/12/11 21:54:19 ET
Table 'Weber' 6-max Seat #3 is the button
Seat 3: linuxhunter ($293.54 in chips)
Seat 6: ToDaFelt ($170.89 in chips)
linuxhunter: posts small blind $1
ToDaFelt: posts big blind $3
*** HOLE CARDS ***
linuxhunter: raises $3 to $6
ToDaFelt: calls $3
*** FLOP *** [8s 8c Ts]
ToDaFelt: checks
linuxhunter: bets $3
ToDaFelt: calls $3
*** TURN *** [8s 8c Ts] [8d]
ToDaFelt: checks
linuxhunter: bets $6
ToDaFelt: calls $6
*** RIVER *** [8s 8c Ts 8d] [Js]
ToDaFelt: bets $6
linuxhunter: calls $6
*** SHOW DOWN ***
ToDaFelt: shows [7d Jd] (a full house, Eights full of Jacks)
linuxhunter: mucks hand
ToDaFelt collected $41.50 from pot
*** SUMMARY ***
Total pot $42 | Rake $0.50
Board [8s 8c Ts 8d Js]
Seat 3: linuxhunter (button) (small blind) mucked
Seat 6: ToDaFelt (big blind) showed [7d Jd] and won ($41.50) with a full house, Eights full of Jacks


PokerStars Hand #162809227417:  Hold'em Limit ($3/$6 USD) - 2016/12/11 21:54:49 ET
Table 'Weber' 6-max Seat #6 is the button
Seat 3: linuxhunter ($272.54 in chips)
Seat 6: ToDaFelt ($191.39 in chips)
ToDaFelt: posts small blind $1
linuxhunter: posts big blind $3
*** HOLE CARDS ***
ToDaFelt: raises $3 to $6
linuxhunter said, "lkmäö_"
linuxhunter: calls $3
*** FLOP *** [Qd 2c 9c]
linuxhunter: checks
ToDaFelt: bets $3
linuxhunter: folds
Uncalled bet ($3) returned to ToDaFelt
ToDaFelt collected $11.76 from pot
ToDaFelt: doesn't show hand
*** SUMMARY ***
Total pot $12 | Rake $0.24
Board [Qd 2c 9c]
Seat 3: linuxhunter (big blind) folded on the Flop
Seat 6: ToDaFelt (button) (small blind) collected ($11.76)


PokerStars Hand #162809235067:  Hold'em Limit ($3/$6 USD) - 2016/12/11 21:55:08 ET
Table 'Weber' 6-max Seat #3 is the button
Seat 3: linuxhunter ($266.54 in chips)
Seat 6: ToDaFelt ($197.15 in chips)
linuxhunter: posts small blind $1
ToDaFelt: posts big blind $3
*** HOLE CARDS ***
linuxhunter: raises $3 to $6
ToDaFelt: raises $3 to $9
linuxhunter: calls $3
*** FLOP *** [3c 6c 6d]
ToDaFelt: bets $3
linuxhunter: raises $3 to $6
ToDaFelt: calls $3
*** TURN *** [3c 6c 6d] [Ad]
ToDaFelt: checks
linuxhunter: bets $6
ToDaFelt: calls $6
*** RIVER *** [3c 6c 6d Ad] [9d]
ToDaFelt: checks
linuxhunter: checks
*** SHOW DOWN ***
ToDaFelt: shows [2s 2h] (two pair, Sixes and Deuces)
linuxhunter: mucks hand
ToDaFelt collected $41.50 from pot
*** SUMMARY ***
Total pot $42 | Rake $0.50
Board [3c 6c 6d Ad 9d]
Seat 3: linuxhunter (button) (small blind) mucked
Seat 6: ToDaFelt (big blind) showed [2s 2h] and won ($41.50) with two pair, Sixes and Deuces


PokerStars Hand #162809246150:  Hold'em Limit ($3/$6 USD) - 2016/12/11 21:55:42 ET
Table 'Weber' 6-max Seat #6 is the button
Seat 3: linuxhunter ($245.54 in chips)
Seat 6: ToDaFelt ($217.65 in chips)
ToDaFelt: posts small blind $1
linuxhunter: posts big blind $3
*** HOLE CARDS ***
ToDaFelt: raises $3 to $6
linuxhunter: raises $3 to $9
ToDaFelt: calls $3
*** FLOP *** [5c 2d Jd]
linuxhunter: bets $3
ToDaFelt: raises $3 to $6
linuxhunter: calls $3
*** TURN *** [5c 2d Jd] [Ah]
linuxhunter: checks
ToDaFelt: bets $6
linuxhunter: raises $6 to $12
ToDaFelt: raises $6 to $18
linuxhunter: raises $6 to $24
Betting is capped
ToDaFelt: calls $6
*** RIVER *** [5c 2d Jd Ah] [6c]
linuxhunter: bets $6
ToDaFelt: calls $6
*** SHOW DOWN ***
linuxhunter: shows [Qd As] (a pair of Aces)
ToDaFelt: shows [5d 5s] (three of a kind, Fives)
ToDaFelt collected $89.50 from pot
*** SUMMARY ***
Total pot $90 | Rake $0.50
Board [5c 2d Jd Ah 6c]
Seat 3: linuxhunter (big blind) showed [Qd As] and lost with a pair of Aces
Seat 6: ToDaFelt (button) (small blind) showed [5d 5s] and won ($89.50) with three of a kind, Fives


PokerStars Hand #162809260432:  Hold'em Limit ($3/$6 USD) - 2016/12/11 21:56:25 ET
Table 'Weber' 6-max Seat #3 is the button
Seat 3: linuxhunter ($200.54 in chips)
Seat 6: ToDaFelt ($262.15 in chips)
linuxhunter: posts small blind $1
ToDaFelt: posts big blind $3
*** HOLE CARDS ***
linuxhunter: raises $3 to $6
ToDaFelt: calls $3
*** FLOP *** [3c 8s 7h]
ToDaFelt: checks
linuxhunter: bets $3
ToDaFelt: folds
Uncalled bet ($3) returned to linuxhunter
linuxhunter collected $11.76 from pot
linuxhunter: doesn't show hand
*** SUMMARY ***
Total pot $12 | Rake $0.24
Board [3c 8s 7h]
Seat 3: linuxhunter (button) (small blind) collected ($11.76)
Seat 6: ToDaFelt (big blind) folded on the Flop


PokerStars Hand #162809267070:  Hold'em Limit ($3/$6 USD) - 2016/12/11 21:56:45 ET
Table 'Weber' 6-max Seat #6 is the button
Seat 3: linuxhunter ($206.30 in chips)
Seat 6: ToDaFelt ($256.15 in chips)
ToDaFelt: posts small blind $1
linuxhunter: posts big blind $3
*** HOLE CARDS ***
ToDaFelt: raises $3 to $6
linuxhunter: calls $3
*** FLOP *** [7s 6s 9h]
linuxhunter: checks
ToDaFelt: bets $3
linuxhunter: folds
Uncalled bet ($3) returned to ToDaFelt
ToDaFelt collected $11.76 from pot
ToDaFelt: doesn't show hand
*** SUMMARY ***
Total pot $12 | Rake $0.24
Board [7s 6s 9h]
Seat 3: linuxhunter (big blind) folded on the Flop
Seat 6: ToDaFelt (button) (small blind) collected ($11.76)


PokerStars Hand #162809274974:  Hold'em Limit ($3/$6 USD) - 2016/12/11 21:57:08 ET
Table 'Weber' 6-max Seat #3 is the button
Seat 3: linuxhunter ($200.30 in chips)
Seat 6: ToDaFelt ($261.91 in chips)
linuxhunter: posts small blind $1
ToDaFelt: posts big blind $3
*** HOLE CARDS ***
linuxhunter: calls $2
ToDaFelt: raises $3 to $6
linuxhunter: calls $3
*** FLOP *** [Ad Qd Kc]
ToDaFelt: bets $3
linuxhunter: folds
Uncalled bet ($3) returned to ToDaFelt
ToDaFelt collected $11.76 from pot
ToDaFelt: doesn't show hand
*** SUMMARY ***
Total pot $12 | Rake $0.24
Board [Ad Qd Kc]
Seat 3: linuxhunter (button) (small blind) folded on the Flop
Seat 6: ToDaFelt (big blind) collected ($11.76)


PokerStars Hand #162809296964:  Hold'em Limit ($3/$6 USD) - 2016/12/11 21:58:13 ET
Table 'Weber' 6-max Seat #3 is the button
Seat 3: linuxhunter ($170.30 in chips)
Seat 6: ToDaFelt ($291.17 in chips)
linuxhunter: posts small blind $1
ToDaFelt: posts big blind $3
*** HOLE CARDS ***
linuxhunter: calls $2
ToDaFelt: raises $3 to $6
linuxhunter: calls $3
*** FLOP *** [Kd 5c 6h]
ToDaFelt: bets $3
linuxhunter: raises $3 to $6
ToDaFelt: calls $3
*** TURN *** [Kd 5c 6h] [9h]
ToDaFelt: checks
linuxhunter: bets $6
ToDaFelt: calls $6
*** RIVER *** [Kd 5c 6h 9h] [Qs]
ToDaFelt: checks
linuxhunter: checks
*** SHOW DOWN ***
ToDaFelt: shows [Tc Qc] (a pair of Queens)
linuxhunter: mucks hand
ToDaFelt collected $35.50 from pot
*** SUMMARY ***
Total pot $36 | Rake $0.50
Board [Kd 5c 6h 9h Qs]
Seat 3: linuxhunter (button) (small blind) mucked
Seat 6: ToDaFelt (big blind) showed [Tc Qc] and won ($35.50) with a pair of Queens


PokerStars Hand #162809283194:  Hold'em Limit ($3/$6 USD) - 2016/12/11 21:57:33 ET
Table 'Weber' 6-max Seat #6 is the button
Seat 3: linuxhunter ($194.30 in chips)
Seat 6: ToDaFelt ($267.67 in chips)
ToDaFelt: posts small blind $1
linuxhunter: posts big blind $3
*** HOLE CARDS ***
ToDaFelt: raises $3 to $6
linuxhunter: raises $3 to $9
ToDaFelt: calls $3
*** FLOP *** [Jc 6h Ks]
linuxhunter: bets $3
ToDaFelt: calls $3
*** TURN *** [Jc 6h Ks] [7h]
linuxhunter: bets $6
ToDaFelt: raises $6 to $12
linuxhunter: calls $6
*** RIVER *** [Jc 6h Ks 7h] [4h]
linuxhunter: checks
ToDaFelt: bets $6
linuxhunter: folds
Uncalled bet ($6) returned to ToDaFelt
ToDaFelt collected $47.50 from pot
ToDaFelt: doesn't show hand
*** SUMMARY ***
Total pot $48 | Rake $0.50
Board [Jc 6h Ks 7h 4h]
Seat 3: linuxhunter (big blind) folded on the River
Seat 6: ToDaFelt (button) (small blind) collected ($47.50)


PokerStars Hand #162809307434:  Hold'em Limit ($3/$6 USD) - 2016/12/11 21:58:45 ET
Table 'Weber' 6-max Seat #6 is the button
Seat 3: linuxhunter ($152.30 in chips)
Seat 6: ToDaFelt ($308.67 in chips)
ToDaFelt: posts small blind $1
linuxhunter: posts big blind $3
*** HOLE CARDS ***
ToDaFelt: raises $3 to $6
linuxhunter: calls $3
*** FLOP *** [Qh Kh Ts]
linuxhunter: checks
ToDaFelt: bets $3
linuxhunter: calls $3
*** TURN *** [Qh Kh Ts] [As]
linuxhunter: checks
ToDaFelt: checks
*** RIVER *** [Qh Kh Ts As] [2h]
linuxhunter: bets $6
ToDaFelt: calls $6
*** SHOW DOWN ***
linuxhunter: shows [Jh 3c] (a straight, Ten to Ace)
ToDaFelt: mucks hand
linuxhunter collected $29.50 from pot
*** SUMMARY ***
Total pot $30 | Rake $0.50
Board [Qh Kh Ts As 2h]
Seat 3: linuxhunter (big blind) showed [Jh 3c] and won ($29.50) with a straight, Ten to Ace
Seat 6: ToDaFelt (button) (small blind) mucked


PokerStars Hand #162809317115:  Hold'em Limit ($3/$6 USD) - 2016/12/11 21:59:13 ET
Table 'Weber' 6-max Seat #3 is the button
Seat 3: linuxhunter ($166.80 in chips)
Seat 6: ToDaFelt ($293.67 in chips)
linuxhunter: posts small blind $1
ToDaFelt: posts big blind $3
*** HOLE CARDS ***
linuxhunter: folds
Uncalled bet ($2) returned to ToDaFelt
ToDaFelt collected $2 from pot
ToDaFelt: doesn't show hand
*** SUMMARY ***
Total pot $2 | Rake $0
Seat 3: linuxhunter (button) (small blind) folded before Flop
Seat 6: ToDaFelt (big blind) collected ($2)


PokerStars Hand #162809318822:  Hold'em Limit ($3/$6 USD) - 2016/12/11 21:59:18 ET
Table 'Weber' 6-max Seat #6 is the button
Seat 3: linuxhunter ($165.80 in chips)
Seat 6: ToDaFelt ($294.67 in chips)
ToDaFelt: posts small blind $1
linuxhunter: posts big blind $3
*** HOLE CARDS ***
ToDaFelt: raises $3 to $6
linuxhunter: raises $3 to $9
ToDaFelt: calls $3
*** FLOP *** [Qc Jc 2s]
linuxhunter: bets $3
ToDaFelt: calls $3
*** TURN *** [Qc Jc 2s] [2h]
linuxhunter: bets $6
ToDaFelt: raises $6 to $12
linuxhunter: calls $6
*** RIVER *** [Qc Jc 2s 2h] [6s]
linuxhunter: checks
ToDaFelt: bets $6
linuxhunter: calls $6
*** SHOW DOWN ***
ToDaFelt: shows [Kh Kd] (two pair, Kings and Deuces)
linuxhunter: mucks hand
ToDaFelt collected $59.50 from pot
*** SUMMARY ***
Total pot $60 | Rake $0.50
Board [Qc Jc 2s 2h 6s]
Seat 3: linuxhunter (big blind) mucked
Seat 6: ToDaFelt (button) (small blind) showed [Kh Kd] and won ($59.50) with two pair, Kings and Deuces


PokerStars Hand #162809334841:  Hold'em Limit ($3/$6 USD) - 2016/12/11 22:00:06 ET
Table 'Weber' 6-max Seat #6 is the button
Seat 3: linuxhunter ($108.80 in chips)
Seat 6: ToDaFelt ($350.67 in chips)
ToDaFelt: posts small blind $1
linuxhunter: posts big blind $3
*** HOLE CARDS ***
ToDaFelt: raises $3 to $6
linuxhunter: folds
Uncalled bet ($3) returned to ToDaFelt
ToDaFelt collected $6 from pot
ToDaFelt: doesn't show hand
*** SUMMARY ***
Total pot $6 | Rake $0
Seat 3: linuxhunter (big blind) folded before Flop
Seat 6: ToDaFelt (button) (small blind) collected ($6)


PokerStars Hand #162809326064:  Hold'em Limit ($3/$6 USD) - 2016/12/11 21:59:40 ET
Table 'Weber' 6-max Seat #3 is the button
Seat 3: linuxhunter ($135.80 in chips)
Seat 6: ToDaFelt ($324.17 in chips)
linuxhunter: posts small blind $1
ToDaFelt: posts big blind $3
*** HOLE CARDS ***
linuxhunter: raises $3 to $6
ToDaFelt: calls $3
*** FLOP *** [Qc Jd Jc]
ToDaFelt: checks
linuxhunter: bets $3
ToDaFelt: calls $3
*** TURN *** [Qc Jd Jc] [Ks]
ToDaFelt: checks
linuxhunter: bets $6
ToDaFelt: raises $6 to $12
linuxhunter: calls $6
*** RIVER *** [Qc Jd Jc Ks] [8s]
ToDaFelt: bets $6
linuxhunter: calls $6
*** SHOW DOWN ***
ToDaFelt: shows [8c Kh] (two pair, Kings and Jacks)
linuxhunter: mucks hand
ToDaFelt collected $53.50 from pot
*** SUMMARY ***
Total pot $54 | Rake $0.50
Board [Qc Jd Jc Ks 8s]
Seat 3: linuxhunter (button) (small blind) mucked
Seat 6: ToDaFelt (big blind) showed [8c Kh] and won ($53.50) with two pair, Kings and Jacks


PokerStars Hand #162809337703:  Hold'em Limit ($3/$6 USD) - 2016/12/11 22:00:14 ET
Table 'Weber' 6-max Seat #3 is the button
Seat 3: linuxhunter ($105.80 in chips)
Seat 6: ToDaFelt ($353.67 in chips)
linuxhunter: posts small blind $1
ToDaFelt: posts big blind $3
*** HOLE CARDS ***
linuxhunter: raises $3 to $6
ToDaFelt: raises $3 to $9
linuxhunter: calls $3
*** FLOP *** [4c 2c 3s]
ToDaFelt: bets $3
linuxhunter: raises $3 to $6
ToDaFelt: calls $3
*** TURN *** [4c 2c 3s] [Qs]
ToDaFelt: checks
linuxhunter: bets $6
ToDaFelt: calls $6
*** RIVER *** [4c 2c 3s Qs] [Ah]
ToDaFelt: checks
linuxhunter: bets $6
ToDaFelt: calls $6
*** SHOW DOWN ***
linuxhunter: shows [4d 5d] (a straight, Ace to Five)
ToDaFelt: mucks hand
linuxhunter collected $53.50 from pot
*** SUMMARY ***
Total pot $54 | Rake $0.50
Board [4c 2c 3s Qs Ah]
Seat 3: linuxhunter (button) (small blind) showed [4d 5d] and won ($53.50) with a straight, Ace to Five
Seat 6: ToDaFelt (big blind) mucked


PokerStars Hand #162809349546:  Hold'em Limit ($3/$6 USD) - 2016/12/11 22:00:48 ET
Table 'Weber' 6-max Seat #6 is the button
Seat 3: linuxhunter ($132.30 in chips)
Seat 6: ToDaFelt ($326.67 in chips)
ToDaFelt: posts small blind $1
linuxhunter: posts big blind $3
*** HOLE CARDS ***
ToDaFelt: raises $3 to $6
linuxhunter: raises $3 to $9
ToDaFelt: calls $3
*** FLOP *** [8h 2d 7c]
linuxhunter: bets $3
ToDaFelt: calls $3
*** TURN *** [8h 2d 7c] [4h]
linuxhunter: checks
ToDaFelt: checks
*** RIVER *** [8h 2d 7c 4h] [Kh]
linuxhunter: bets $6
ToDaFelt: folds
Uncalled bet ($6) returned to linuxhunter
linuxhunter collected $23.52 from pot
linuxhunter: doesn't show hand
*** SUMMARY ***
Total pot $24 | Rake $0.48
Board [8h 2d 7c 4h Kh]
Seat 3: linuxhunter (big blind) collected ($23.52)
Seat 6: ToDaFelt (button) (small blind) folded on the River


PokerStars Hand #162809376627:  Hold'em Limit ($3/$6 USD) - 2016/12/11 22:02:02 ET
Table 'Weber' 6-max Seat #6 is the button
Seat 3: linuxhunter ($134.82 in chips)
Seat 6: ToDaFelt ($323.31 in chips)
ToDaFelt: posts small blind $1
linuxhunter: posts big blind $3
*** HOLE CARDS ***
ToDaFelt: raises $3 to $6
linuxhunter: calls $3
*** FLOP *** [9s Kd 2h]
linuxhunter: checks
ToDaFelt: bets $3
linuxhunter: folds
Uncalled bet ($3) returned to ToDaFelt
ToDaFelt collected $11.76 from pot
ToDaFelt: doesn't show hand
*** SUMMARY ***
Total pot $12 | Rake $0.24
Board [9s Kd 2h]
Seat 3: linuxhunter (big blind) folded on the Flop
Seat 6: ToDaFelt (button) (small blind) collected ($11.76)


PokerStars Hand #162809382380:  Hold'em Limit ($3/$6 USD) - 2016/12/11 22:02:17 ET
Table 'Weber' 6-max Seat #3 is the button
Seat 3: linuxhunter ($128.82 in chips)
Seat 6: ToDaFelt ($329.07 in chips)
linuxhunter: posts small blind $1
ToDaFelt: posts big blind $3
*** HOLE CARDS ***
linuxhunter: raises $3 to $6
ToDaFelt: calls $3
*** FLOP *** [9s Ad Qc]
ToDaFelt: checks
linuxhunter: checks
*** TURN *** [9s Ad Qc] [9h]
ToDaFelt: checks
linuxhunter: checks
*** RIVER *** [9s Ad Qc 9h] [6s]
ToDaFelt: checks
linuxhunter: checks
*** SHOW DOWN ***
ToDaFelt: shows [Jd 3c] (a pair of Nines)
linuxhunter: shows [Kc 7d] (a pair of Nines - Ace+King kicker)
linuxhunter collected $11.76 from pot
*** SUMMARY ***
Total pot $12 | Rake $0.24
Board [9s Ad Qc 9h 6s]
Seat 3: linuxhunter (button) (small blind) showed [Kc 7d] and won ($11.76) with a pair of Nines
Seat 6: ToDaFelt (big blind) showed [Jd 3c] and lost with a pair of Nines


PokerStars Hand #162809367390:  Hold'em Limit ($3/$6 USD) - 2016/12/11 22:01:37 ET
Table 'Weber' 6-max Seat #3 is the button
Seat 3: linuxhunter ($143.82 in chips)
Seat 6: ToDaFelt ($314.67 in chips)
linuxhunter: posts small blind $1
ToDaFelt: posts big blind $3
*** HOLE CARDS ***
linuxhunter: calls $2
ToDaFelt: checks
*** FLOP *** [9d 4d Qd]
ToDaFelt: bets $3
linuxhunter: raises $3 to $6
ToDaFelt: calls $3
*** TURN *** [9d 4d Qd] [3d]
ToDaFelt: checks
linuxhunter: checks
*** RIVER *** [9d 4d Qd 3d] [Jd]
ToDaFelt: bets $6
linuxhunter: folds
Uncalled bet ($6) returned to ToDaFelt
ToDaFelt collected $17.64 from pot
ToDaFelt: doesn't show hand
*** SUMMARY ***
Total pot $18 | Rake $0.36
Board [9d 4d Qd 3d Jd]
Seat 3: linuxhunter (button) (small blind) folded on the River
Seat 6: ToDaFelt (big blind) collected ($17.64)


PokerStars Hand #162809395427:  Hold'em Limit ($3/$6 USD) - 2016/12/11 22:02:51 ET
Table 'Weber' 6-max Seat #3 is the button
Seat 3: linuxhunter ($131.58 in chips)
Seat 6: ToDaFelt ($326.07 in chips)
linuxhunter: posts small blind $1
ToDaFelt: posts big blind $3
*** HOLE CARDS ***
linuxhunter: raises $3 to $6
ToDaFelt: calls $3
*** FLOP *** [Js 6h 5d]
ToDaFelt: checks
linuxhunter: bets $3
ToDaFelt: calls $3
*** TURN *** [Js 6h 5d] [4d]
ToDaFelt: checks
linuxhunter: bets $6
ToDaFelt: calls $6
*** RIVER *** [Js 6h 5d 4d] [8c]
ToDaFelt: checks
linuxhunter: checks
*** SHOW DOWN ***
ToDaFelt: shows [2d Kd] (high card King)
linuxhunter: shows [Jh Qc] (a pair of Jacks)
linuxhunter collected $29.50 from pot
*** SUMMARY ***
Total pot $30 | Rake $0.50
Board [Js 6h 5d 4d 8c]
Seat 3: linuxhunter (button) (small blind) showed [Jh Qc] and won ($29.50) with a pair of Jacks
Seat 6: ToDaFelt (big blind) showed [2d Kd] and lost with high card King


PokerStars Hand #162809392561:  Hold'em Limit ($3/$6 USD) - 2016/12/11 22:02:44 ET
Table 'Weber' 6-max Seat #6 is the button
Seat 3: linuxhunter ($134.58 in chips)
Seat 6: ToDaFelt ($323.07 in chips)
ToDaFelt: posts small blind $1
linuxhunter: posts big blind $3
*** HOLE CARDS ***
ToDaFelt: raises $3 to $6
linuxhunter: folds
Uncalled bet ($3) returned to ToDaFelt
ToDaFelt collected $6 from pot
ToDaFelt: doesn't show hand
*** SUMMARY ***
Total pot $6 | Rake $0
Seat 3: linuxhunter (big blind) folded before Flop
Seat 6: ToDaFelt (button) (small blind) collected ($6)


PokerStars Hand #162809407988:  Hold'em Limit ($3/$6 USD) - 2016/12/11 22:03:25 ET
Table 'Weber' 6-max Seat #6 is the button
Seat 3: linuxhunter ($146.08 in chips)
Seat 6: ToDaFelt ($311.07 in chips)
ToDaFelt: posts small blind $1
linuxhunter: posts big blind $3
*** HOLE CARDS ***
ToDaFelt: raises $3 to $6
linuxhunter: calls $3
*** FLOP *** [Jh 6h 8s]
linuxhunter: checks
ToDaFelt: bets $3
linuxhunter: calls $3
*** TURN *** [Jh 6h 8s] [Js]
linuxhunter: checks
ToDaFelt: bets $6
linuxhunter: calls $6
*** RIVER *** [Jh 6h 8s Js] [9h]
linuxhunter: checks
ToDaFelt: bets $6
linuxhunter: folds
Uncalled bet ($6) returned to ToDaFelt
ToDaFelt collected $29.50 from pot
ToDaFelt: doesn't show hand
*** SUMMARY ***
Total pot $30 | Rake $0.50
Board [Jh 6h 8s Js 9h]
Seat 3: linuxhunter (big blind) folded on the River
Seat 6: ToDaFelt (button) (small blind) collected ($29.50)


PokerStars Hand #162809419255:  Hold'em Limit ($3/$6 USD) - 2016/12/11 22:03:54 ET
Table 'Weber' 6-max Seat #3 is the button
Seat 3: linuxhunter ($131.08 in chips)
Seat 6: ToDaFelt ($325.57 in chips)
linuxhunter: posts small blind $1
ToDaFelt: posts big blind $3
*** HOLE CARDS ***
linuxhunter: folds
Uncalled bet ($2) returned to ToDaFelt
ToDaFelt collected $2 from pot
ToDaFelt: doesn't show hand
*** SUMMARY ***
Total pot $2 | Rake $0
Seat 3: linuxhunter (button) (small blind) folded before Flop
Seat 6: ToDaFelt (big blind) collected ($2)


PokerStars Hand #162809424201:  Hold'em Limit ($3/$6 USD) - 2016/12/11 22:04:07 ET
Table 'Weber' 6-max Seat #3 is the button
Seat 3: linuxhunter ($127.08 in chips)
Seat 6: ToDaFelt ($329.57 in chips)
linuxhunter: posts small blind $1
ToDaFelt: posts big blind $3
*** HOLE CARDS ***
linuxhunter: folds
Uncalled bet ($2) returned to ToDaFelt
ToDaFelt collected $2 from pot
ToDaFelt: doesn't show hand
*** SUMMARY ***
Total pot $2 | Rake $0
Seat 3: linuxhunter (button) (small blind) folded before Flop
Seat 6: ToDaFelt (big blind) collected ($2)


PokerStars Hand #162809421286:  Hold'em Limit ($3/$6 USD) - 2016/12/11 22:03:59 ET
Table 'Weber' 6-max Seat #6 is the button
Seat 3: linuxhunter ($130.08 in chips)
Seat 6: ToDaFelt ($326.57 in chips)
ToDaFelt: posts small blind $1
linuxhunter: posts big blind $3
*** HOLE CARDS ***
ToDaFelt: raises $3 to $6
linuxhunter: folds
Uncalled bet ($3) returned to ToDaFelt
ToDaFelt collected $6 from pot
ToDaFelt: doesn't show hand
*** SUMMARY ***
Total pot $6 | Rake $0
Seat 3: linuxhunter (big blind) folded before Flop
Seat 6: ToDaFelt (button) (small blind) collected ($6)


PokerStars Hand #162809432102:  Hold'em Limit ($3/$6 USD) - 2016/12/11 22:04:27 ET
Table 'Weber' 6-max Seat #3 is the button
Seat 3: linuxhunter ($120.08 in chips)
Seat 6: ToDaFelt ($336.33 in chips)
linuxhunter: posts small blind $1
ToDaFelt: posts big blind $3
*** HOLE CARDS ***
linuxhunter: folds
Uncalled bet ($2) returned to ToDaFelt
ToDaFelt collected $2 from pot
ToDaFelt: doesn't show hand
*** SUMMARY ***
Total pot $2 | Rake $0
Seat 3: linuxhunter (button) (small blind) folded before Flop
Seat 6: ToDaFelt (big blind) collected ($2)


PokerStars Hand #162809426617:  Hold'em Limit ($3/$6 USD) - 2016/12/11 22:04:13 ET
Table 'Weber' 6-max Seat #6 is the button
Seat 3: linuxhunter ($126.08 in chips)
Seat 6: ToDaFelt ($330.57 in chips)
ToDaFelt: posts small blind $1
linuxhunter: posts big blind $3
*** HOLE CARDS ***
ToDaFelt: raises $3 to $6
linuxhunter: calls $3
*** FLOP *** [Js 6c 2d]
linuxhunter: checks
ToDaFelt: bets $3
linuxhunter: folds
Uncalled bet ($3) returned to ToDaFelt
ToDaFelt collected $11.76 from pot
ToDaFelt: doesn't show hand
*** SUMMARY ***
Total pot $12 | Rake $0.24
Board [Js 6c 2d]
Seat 3: linuxhunter (big blind) folded on the Flop
Seat 6: ToDaFelt (button) (small blind) collected ($11.76)


PokerStars Hand #162809433980:  Hold'em Limit ($3/$6 USD) - 2016/12/11 22:04:32 ET
Table 'Weber' 6-max Seat #6 is the button
Seat 3: linuxhunter ($119.08 in chips)
Seat 6: ToDaFelt ($337.33 in chips)
ToDaFelt: posts small blind $1
linuxhunter: posts big blind $3
*** HOLE CARDS ***
ToDaFelt: raises $3 to $6
linuxhunter: calls $3
*** FLOP *** [7s Qh Qs]
linuxhunter: bets $3
ToDaFelt: calls $3
*** TURN *** [7s Qh Qs] [2s]
linuxhunter: bets $6
ToDaFelt: calls $6
*** RIVER *** [7s Qh Qs 2s] [Ah]
linuxhunter: bets $6
ToDaFelt: calls $6
*** SHOW DOWN ***
linuxhunter: shows [7c 9d] (two pair, Queens and Sevens)
ToDaFelt: shows [As Kc] (two pair, Aces and Queens)
ToDaFelt collected $41.50 from pot
*** SUMMARY ***
Total pot $42 | Rake $0.50
Board [7s Qh Qs 2s Ah]
Seat 3: linuxhunter (big blind) showed [7c 9d] and lost with two pair, Queens and Sevens
Seat 6: ToDaFelt (button) (small blind) showed [As Kc] and won ($41.50) with two pair, Aces and Queens


PokerStars Hand #162809448492:  Hold'em Limit ($3/$6 USD) - 2016/12/11 22:05:10 ET
Table 'Weber' 6-max Seat #6 is the button
Seat 3: linuxhunter ($97.08 in chips)
Seat 6: ToDaFelt ($358.83 in chips)
ToDaFelt: posts small blind $1
linuxhunter: posts big blind $3
*** HOLE CARDS ***
linuxhunter said, "ofcd"
ToDaFelt: folds
Uncalled bet ($2) returned to linuxhunter
linuxhunter collected $2 from pot
linuxhunter: doesn't show hand
*** SUMMARY ***
Total pot $2 | Rake $0
Seat 3: linuxhunter (big blind) collected ($2)
Seat 6: ToDaFelt (button) (small blind) folded before Flop


PokerStars Hand #162809445703:  Hold'em Limit ($3/$6 USD) - 2016/12/11 22:05:03 ET
Table 'Weber' 6-max Seat #3 is the button
Seat 3: linuxhunter ($98.08 in chips)
Seat 6: ToDaFelt ($357.83 in chips)
linuxhunter: posts small blind $1
ToDaFelt: posts big blind $3
*** HOLE CARDS ***
linuxhunter: folds
Uncalled bet ($2) returned to ToDaFelt
ToDaFelt collected $2 from pot
ToDaFelt: doesn't show hand
*** SUMMARY ***
Total pot $2 | Rake $0
Seat 3: linuxhunter (button) (small blind) folded before Flop
Seat 6: ToDaFelt (big blind) collected ($2)


PokerStars Hand #162809450614:  Hold'em Limit ($3/$6 USD) - 2016/12/11 22:05:16 ET
Table 'Weber' 6-max Seat #3 is the button
Seat 3: linuxhunter ($98.08 in chips)
Seat 6: ToDaFelt ($357.83 in chips)
linuxhunter: posts small blind $1
ToDaFelt: posts big blind $3
*** HOLE CARDS ***
linuxhunter: raises $3 to $6
ToDaFelt: raises $3 to $9
linuxhunter: calls $3
*** FLOP *** [7h 7c 3d]
ToDaFelt: bets $3
linuxhunter: calls $3
*** TURN *** [7h 7c 3d] [As]
ToDaFelt: bets $6
linuxhunter: folds
Uncalled bet ($6) returned to ToDaFelt
ToDaFelt collected $23.52 from pot
ToDaFelt: doesn't show hand
*** SUMMARY ***
Total pot $24 | Rake $0.48
Board [7h 7c 3d As]
Seat 3: linuxhunter (button) (small blind) folded on the Turn
Seat 6: ToDaFelt (big blind) collected ($23.52)


PokerStars Hand #162809456609:  Hold'em Limit ($3/$6 USD) - 2016/12/11 22:05:32 ET
Table 'Weber' 6-max Seat #6 is the button
Seat 3: linuxhunter ($86.08 in chips)
Seat 6: ToDaFelt ($369.35 in chips)
ToDaFelt: posts small blind $1
linuxhunter: posts big blind $3
*** HOLE CARDS ***
ToDaFelt: raises $3 to $6
linuxhunter: calls $3
*** FLOP *** [Qs 5h As]
linuxhunter: folds
ToDaFelt collected $11.76 from pot
ToDaFelt: doesn't show hand
*** SUMMARY ***
Total pot $12 | Rake $0.24
Board [Qs 5h As]
Seat 3: linuxhunter (big blind) folded on the Flop
Seat 6: ToDaFelt (button) (small blind) collected ($11.76)


PokerStars Hand #162809476724:  Hold'em Limit ($3/$6 USD) - 2016/12/11 22:06:24 ET
Table 'Weber' 6-max Seat #6 is the button
Seat 3: linuxhunter ($86.72 in chips)
Seat 6: ToDaFelt ($368.11 in chips)
ToDaFelt: posts small blind $1
linuxhunter: posts big blind $3
*** HOLE CARDS ***
ToDaFelt: raises $3 to $6
linuxhunter: raises $3 to $9
ToDaFelt: calls $3
*** FLOP *** [9s 6h 8d]
linuxhunter: bets $3
ToDaFelt: calls $3
*** TURN *** [9s 6h 8d] [Qd]
linuxhunter: bets $6
ToDaFelt: folds
Uncalled bet ($6) returned to linuxhunter
linuxhunter collected $23.52 from pot
linuxhunter: doesn't show hand
*** SUMMARY ***
Total pot $24 | Rake $0.48
Board [9s 6h 8d Qd]
Seat 3: linuxhunter (big blind) collected ($23.52)
Seat 6: ToDaFelt (button) (small blind) folded on the Turn


PokerStars Hand #162809462854:  Hold'em Limit ($3/$6 USD) - 2016/12/11 22:05:48 ET
Table 'Weber' 6-max Seat #6 is the button
Seat 3: linuxhunter ($79.08 in chips)
Seat 6: ToDaFelt ($376.11 in chips)
ToDaFelt: posts small blind $1
linuxhunter: posts big blind $3
*** HOLE CARDS ***
ToDaFelt: raises $3 to $6
linuxhunter: folds
Uncalled bet ($3) returned to ToDaFelt
ToDaFelt collected $6 from pot
ToDaFelt: doesn't show hand
*** SUMMARY ***
Total pot $6 | Rake $0
Seat 3: linuxhunter (big blind) folded before Flop
Seat 6: ToDaFelt (button) (small blind) collected ($6)


PokerStars Hand #162809461041:  Hold'em Limit ($3/$6 USD) - 2016/12/11 22:05:43 ET
Table 'Weber' 6-max Seat #3 is the button
Seat 3: linuxhunter ($80.08 in chips)
Seat 6: ToDaFelt ($375.11 in chips)
linuxhunter: posts small blind $1
ToDaFelt: posts big blind $3
*** HOLE CARDS ***
linuxhunter: folds
Uncalled bet ($2) returned to ToDaFelt
ToDaFelt collected $2 from pot
ToDaFelt: doesn't show hand
*** SUMMARY ***
Total pot $2 | Rake $0
Seat 3: linuxhunter (button) (small blind) folded before Flop
Seat 6: ToDaFelt (big blind) collected ($2)


PokerStars Hand #162809464878:  Hold'em Limit ($3/$6 USD) - 2016/12/11 22:05:53 ET
Table 'Weber' 6-max Seat #3 is the button
Seat 3: linuxhunter ($76.08 in chips)
Seat 6: ToDaFelt ($379.11 in chips)
linuxhunter: posts small blind $1
ToDaFelt: posts big blind $3
*** HOLE CARDS ***
linuxhunter: raises $3 to $6
ToDaFelt: folds
Uncalled bet ($3) returned to linuxhunter
linuxhunter collected $6 from pot
linuxhunter: doesn't show hand
*** SUMMARY ***
Total pot $6 | Rake $0
Seat 3: linuxhunter (button) (small blind) collected ($6)
Seat 6: ToDaFelt (big blind) folded before Flop


PokerStars Hand #162809474740:  Hold'em Limit ($3/$6 USD) - 2016/12/11 22:06:19 ET
Table 'Weber' 6-max Seat #3 is the button
Seat 3: linuxhunter ($87.72 in chips)
Seat 6: ToDaFelt ($367.11 in chips)
linuxhunter: posts small blind $1
ToDaFelt: posts big blind $3
*** HOLE CARDS ***
linuxhunter: folds
Uncalled bet ($2) returned to ToDaFelt
ToDaFelt collected $2 from pot
ToDaFelt: doesn't show hand
*** SUMMARY ***
Total pot $2 | Rake $0
Seat 3: linuxhunter (button) (small blind) folded before Flop
Seat 6: ToDaFelt (big blind) collected ($2)


PokerStars Hand #162809467420:  Hold'em Limit ($3/$6 USD) - 2016/12/11 22:06:00 ET
Table 'Weber' 6-max Seat #6 is the button
Seat 3: linuxhunter ($79.08 in chips)
Seat 6: ToDaFelt ($376.11 in chips)
ToDaFelt: posts small blind $1
linuxhunter: posts big blind $3
*** HOLE CARDS ***
ToDaFelt: raises $3 to $6
linuxhunter: calls $3
*** FLOP *** [Kc 7h 5s]
linuxhunter: bets $3
ToDaFelt: calls $3
*** TURN *** [Kc 7h 5s] [9d]
linuxhunter: bets $6
ToDaFelt: folds
Uncalled bet ($6) returned to linuxhunter
linuxhunter collected $17.64 from pot
linuxhunter: doesn't show hand
*** SUMMARY ***
Total pot $18 | Rake $0.36
Board [Kc 7h 5s 9d]
Seat 3: linuxhunter (big blind) collected ($17.64)
Seat 6: ToDaFelt (button) (small blind) folded on the Turn


PokerStars Hand #162809489535:  Hold'em Limit ($3/$6 USD) - 2016/12/11 22:06:58 ET
Table 'Weber' 6-max Seat #3 is the button
Seat 3: linuxhunter ($94.24 in chips)
Seat 6: ToDaFelt ($360.11 in chips)
linuxhunter: posts small blind $1
ToDaFelt: posts big blind $3
*** HOLE CARDS ***
linuxhunter: raises $3 to $6
ToDaFelt: folds
Uncalled bet ($3) returned to linuxhunter
linuxhunter collected $6 from pot
linuxhunter: doesn't show hand
*** SUMMARY ***
Total pot $6 | Rake $0
Seat 3: linuxhunter (button) (small blind) collected ($6)
Seat 6: ToDaFelt (big blind) folded before Flop


PokerStars Hand #162809485886:  Hold'em Limit ($3/$6 USD) - 2016/12/11 22:06:48 ET
Table 'Weber' 6-max Seat #6 is the button
Seat 3: linuxhunter ($97.24 in chips)
Seat 6: ToDaFelt ($357.11 in chips)
ToDaFelt: posts small blind $1
linuxhunter: posts big blind $3
*** HOLE CARDS ***
ToDaFelt: raises $3 to $6
linuxhunter: folds
Uncalled bet ($3) returned to ToDaFelt
ToDaFelt collected $6 from pot
ToDaFelt: doesn't show hand
*** SUMMARY ***
Total pot $6 | Rake $0
Seat 3: linuxhunter (big blind) folded before Flop
Seat 6: ToDaFelt (button) (small blind) collected ($6)


PokerStars Hand #162809483456:  Hold'em Limit ($3/$6 USD) - 2016/12/11 22:06:42 ET
Table 'Weber' 6-max Seat #3 is the button
Seat 3: linuxhunter ($98.24 in chips)
Seat 6: ToDaFelt ($356.11 in chips)
linuxhunter: posts small blind $1
ToDaFelt: posts big blind $3
*** HOLE CARDS ***
linuxhunter: folds
Uncalled bet ($2) returned to ToDaFelt
ToDaFelt collected $2 from pot
ToDaFelt: doesn't show hand
*** SUMMARY ***
Total pot $2 | Rake $0
Seat 3: linuxhunter (button) (small blind) folded before Flop
Seat 6: ToDaFelt (big blind) collected ($2)


PokerStars Hand #162809491995:  Hold'em Limit ($3/$6 USD) - 2016/12/11 22:07:04 ET
Table 'Weber' 6-max Seat #6 is the button
Seat 3: linuxhunter ($97.24 in chips)
Seat 6: ToDaFelt ($357.11 in chips)
ToDaFelt: posts small blind $1
linuxhunter: posts big blind $3
*** HOLE CARDS ***
ToDaFelt: raises $3 to $6
linuxhunter: folds
Uncalled bet ($3) returned to ToDaFelt
ToDaFelt collected $6 from pot
ToDaFelt: doesn't show hand
*** SUMMARY ***
Total pot $6 | Rake $0
Seat 3: linuxhunter (big blind) folded before Flop
Seat 6: ToDaFelt (button) (small blind) collected ($6)


PokerStars Hand #162809494792:  Hold'em Limit ($3/$6 USD) - 2016/12/11 22:07:11 ET
Table 'Weber' 6-max Seat #3 is the button
Seat 3: linuxhunter ($94.24 in chips)
Seat 6: ToDaFelt ($360.11 in chips)
linuxhunter: posts small blind $1
ToDaFelt: posts big blind $3
*** HOLE CARDS ***
linuxhunter: raises $3 to $6
ToDaFelt: calls $3
*** FLOP *** [8s 6d Ts]
ToDaFelt: checks
linuxhunter: bets $3
ToDaFelt: calls $3
*** TURN *** [8s 6d Ts] [6c]
ToDaFelt: checks
linuxhunter: bets $6
ToDaFelt: folds
Uncalled bet ($6) returned to linuxhunter
linuxhunter collected $17.64 from pot
linuxhunter: doesn't show hand
*** SUMMARY ***
Total pot $18 | Rake $0.36
Board [8s 6d Ts 6c]
Seat 3: linuxhunter (button) (small blind) collected ($17.64)
Seat 6: ToDaFelt (big blind) folded on the Turn


PokerStars Hand #162809502822:  Hold'em Limit ($3/$6 USD) - 2016/12/11 22:07:32 ET
Table 'Weber' 6-max Seat #6 is the button
Seat 3: linuxhunter ($102.88 in chips)
Seat 6: ToDaFelt ($351.11 in chips)
ToDaFelt: posts small blind $1
linuxhunter: posts big blind $3
*** HOLE CARDS ***
ToDaFelt: raises $3 to $6
linuxhunter: calls $3
*** FLOP *** [3h 3d 7s]
linuxhunter: bets $3
ToDaFelt: raises $3 to $6
linuxhunter: calls $3
*** TURN *** [3h 3d 7s] [Ks]
linuxhunter: checks
ToDaFelt: bets $6
linuxhunter: folds
Uncalled bet ($6) returned to ToDaFelt
ToDaFelt collected $23.52 from pot
ToDaFelt: doesn't show hand
*** SUMMARY ***
Total pot $24 | Rake $0.48
Board [3h 3d 7s Ks]
Seat 3: linuxhunter (big blind) folded on the Turn
Seat 6: ToDaFelt (button) (small blind) collected ($23.52)


PokerStars Hand #162809523137:  Hold'em Limit ($3/$6 USD) - 2016/12/11 22:08:26 ET
Table 'Weber' 6-max Seat #6 is the button
Seat 3: linuxhunter ($108.38 in chips)
Seat 6: ToDaFelt ($344.63 in chips)
ToDaFelt: posts small blind $1
linuxhunter: posts big blind $3
*** HOLE CARDS ***
ToDaFelt: raises $3 to $6
linuxhunter: folds
Uncalled bet ($3) returned to ToDaFelt
ToDaFelt collected $6 from pot
ToDaFelt: doesn't show hand
*** SUMMARY ***
Total pot $6 | Rake $0
Seat 3: linuxhunter (big blind) folded before Flop
Seat 6: ToDaFelt (button) (small blind) collected ($6)


PokerStars Hand #162809511934:  Hold'em Limit ($3/$6 USD) - 2016/12/11 22:07:56 ET
Table 'Weber' 6-max Seat #3 is the button
Seat 3: linuxhunter ($90.88 in chips)
Seat 6: ToDaFelt ($362.63 in chips)
linuxhunter: posts small blind $1
ToDaFelt: posts big blind $3
*** HOLE CARDS ***
linuxhunter: raises $3 to $6
ToDaFelt: raises $3 to $9
linuxhunter: calls $3
*** FLOP *** [8c 8h Ks]
ToDaFelt: bets $3
linuxhunter: calls $3
*** TURN *** [8c 8h Ks] [9h]
ToDaFelt: checks
linuxhunter: bets $6
ToDaFelt: calls $6
*** RIVER *** [8c 8h Ks 9h] [Jh]
ToDaFelt: checks
linuxhunter: checks
*** SHOW DOWN ***
ToDaFelt: shows [Qs Ad] (a pair of Eights)
linuxhunter: shows [Tc 9c] (two pair, Nines and Eights)
linuxhunter collected $35.50 from pot
*** SUMMARY ***
Total pot $36 | Rake $0.50
Board [8c 8h Ks 9h Jh]
Seat 3: linuxhunter (button) (small blind) showed [Tc 9c] and won ($35.50) with two pair, Nines and Eights
Seat 6: ToDaFelt (big blind) showed [Qs Ad] and lost with a pair of Eights


PokerStars Hand #162809539888:  Hold'em Limit ($3/$6 USD) - 2016/12/11 22:09:10 ET
Table 'Weber' 6-max Seat #6 is the button
Seat 3: linuxhunter ($101.26 in chips)
Seat 6: ToDaFelt ($351.39 in chips)
ToDaFelt: posts small blind $1
linuxhunter: posts big blind $3
*** HOLE CARDS ***
ToDaFelt: raises $3 to $6
linuxhunter: calls $3
*** FLOP *** [Qh 7h 4d]
linuxhunter: checks
ToDaFelt: bets $3
linuxhunter: raises $3 to $6
ToDaFelt: folds
Uncalled bet ($3) returned to linuxhunter
linuxhunter collected $17.64 from pot
linuxhunter: doesn't show hand
*** SUMMARY ***
Total pot $18 | Rake $0.36
Board [Qh 7h 4d]
Seat 3: linuxhunter (big blind) collected ($17.64)
Seat 6: ToDaFelt (button) (small blind) folded on the Flop


PokerStars Hand #162809537666:  Hold'em Limit ($3/$6 USD) - 2016/12/11 22:09:04 ET
Table 'Weber' 6-max Seat #3 is the button
Seat 3: linuxhunter ($102.26 in chips)
Seat 6: ToDaFelt ($350.39 in chips)
linuxhunter: posts small blind $1
ToDaFelt: posts big blind $3
*** HOLE CARDS ***
linuxhunter: folds
Uncalled bet ($2) returned to ToDaFelt
ToDaFelt collected $2 from pot
ToDaFelt: doesn't show hand
*** SUMMARY ***
Total pot $2 | Rake $0
Seat 3: linuxhunter (button) (small blind) folded before Flop
Seat 6: ToDaFelt (big blind) collected ($2)


PokerStars Hand #162809533270:  Hold'em Limit ($3/$6 USD) - 2016/12/11 22:08:52 ET
Table 'Weber' 6-max Seat #6 is the button
Seat 3: linuxhunter ($108.26 in chips)
Seat 6: ToDaFelt ($344.63 in chips)
ToDaFelt: posts small blind $1
linuxhunter: posts big blind $3
*** HOLE CARDS ***
ToDaFelt: raises $3 to $6
linuxhunter: calls $3
*** FLOP *** [4d Kd 6s]
linuxhunter: checks
ToDaFelt: bets $3
linuxhunter: folds
Uncalled bet ($3) returned to ToDaFelt
ToDaFelt collected $11.76 from pot
ToDaFelt: doesn't show hand
*** SUMMARY ***
Total pot $12 | Rake $0.24
Board [4d Kd 6s]
Seat 3: linuxhunter (big blind) folded on the Flop
Seat 6: ToDaFelt (button) (small blind) collected ($11.76)


PokerStars Hand #162809526346:  Hold'em Limit ($3/$6 USD) - 2016/12/11 22:08:34 ET
Table 'Weber' 6-max Seat #3 is the button
Seat 3: linuxhunter ($105.38 in chips)
Seat 6: ToDaFelt ($347.63 in chips)
linuxhunter: posts small blind $1
ToDaFelt: posts big blind $3
*** HOLE CARDS ***
linuxhunter: calls $2
ToDaFelt: checks
*** FLOP *** [8s Qs Jh]
ToDaFelt: checks
linuxhunter: bets $3
ToDaFelt: folds
Uncalled bet ($3) returned to linuxhunter
linuxhunter collected $5.88 from pot
linuxhunter: doesn't show hand
*** SUMMARY ***
Total pot $6 | Rake $0.12
Board [8s Qs Jh]
Seat 3: linuxhunter (button) (small blind) collected ($5.88)
Seat 6: ToDaFelt (big blind) folded on the Flop


PokerStars Hand #162809565263:  Hold'em Limit ($3/$6 USD) - 2016/12/11 22:10:17 ET
Table 'Weber' 6-max Seat #3 is the button
Seat 3: linuxhunter ($84.90 in chips)
Seat 6: ToDaFelt ($366.89 in chips)
linuxhunter: posts small blind $1
ToDaFelt: posts big blind $3
*** HOLE CARDS ***
linuxhunter: calls $2
ToDaFelt: checks
*** FLOP *** [4c Ah 7c]
ToDaFelt: checks
linuxhunter: checks
*** TURN *** [4c Ah 7c] [3c]
ToDaFelt: bets $6
linuxhunter: folds
Uncalled bet ($6) returned to ToDaFelt
ToDaFelt collected $5.88 from pot
ToDaFelt: doesn't show hand
*** SUMMARY ***
Total pot $6 | Rake $0.12
Board [4c Ah 7c 3c]
Seat 3: linuxhunter (button) (small blind) folded on the Turn
Seat 6: ToDaFelt (big blind) collected ($5.88)


PokerStars Hand #162809554163:  Hold'em Limit ($3/$6 USD) - 2016/12/11 22:09:48 ET
Table 'Weber' 6-max Seat #6 is the button
Seat 3: linuxhunter ($108.90 in chips)
Seat 6: ToDaFelt ($343.39 in chips)
ToDaFelt: posts small blind $1
linuxhunter: posts big blind $3
*** HOLE CARDS ***
ToDaFelt: raises $3 to $6
linuxhunter: calls $3
*** FLOP *** [7h Js 8c]
linuxhunter: checks
ToDaFelt: bets $3
linuxhunter: raises $3 to $6
ToDaFelt: calls $3
*** TURN *** [7h Js 8c] [4h]
linuxhunter: bets $6
ToDaFelt: raises $6 to $12
linuxhunter: calls $6
*** RIVER *** [7h Js 8c 4h] [6s]
linuxhunter: checks
ToDaFelt: checks
*** SHOW DOWN ***
linuxhunter: shows [Th 8s] (a pair of Eights)
ToDaFelt: shows [2c Jd] (a pair of Jacks)
ToDaFelt collected $47.50 from pot
*** SUMMARY ***
Total pot $48 | Rake $0.50
Board [7h Js 8c 4h 6s]
Seat 3: linuxhunter (big blind) showed [Th 8s] and lost with a pair of Eights
Seat 6: ToDaFelt (button) (small blind) showed [2c Jd] and won ($47.50) with a pair of Jacks


PokerStars Hand #162809552349:  Hold'em Limit ($3/$6 USD) - 2016/12/11 22:09:43 ET
Table 'Weber' 6-max Seat #3 is the button
Seat 3: linuxhunter ($109.90 in chips)
Seat 6: ToDaFelt ($342.39 in chips)
linuxhunter: posts small blind $1
ToDaFelt: posts big blind $3
*** HOLE CARDS ***
linuxhunter: folds
Uncalled bet ($2) returned to ToDaFelt
ToDaFelt collected $2 from pot
ToDaFelt: doesn't show hand
*** SUMMARY ***
Total pot $2 | Rake $0
Seat 3: linuxhunter (button) (small blind) folded before Flop
Seat 6: ToDaFelt (big blind) collected ($2)


PokerStars Hand #162809580992:  Hold'em Limit ($3/$6 USD) - 2016/12/11 22:10:59 ET
Table 'Weber' 6-max Seat #6 is the button
Seat 3: linuxhunter ($81.90 in chips)
Seat 6: ToDaFelt ($369.77 in chips)
ToDaFelt: posts small blind $1
linuxhunter: posts big blind $3
*** HOLE CARDS ***
ToDaFelt: raises $3 to $6
linuxhunter: calls $3
*** FLOP *** [7d Ac Kc]
linuxhunter: bets $3
ToDaFelt: calls $3
*** TURN *** [7d Ac Kc] [9h]
linuxhunter: bets $6
ToDaFelt: calls $6
*** RIVER *** [7d Ac Kc 9h] [3s]
linuxhunter: bets $6
ToDaFelt: calls $6
*** SHOW DOWN ***
linuxhunter: shows [Ks Jd] (a pair of Kings)
ToDaFelt: mucks hand
linuxhunter collected $41.50 from pot
*** SUMMARY ***
Total pot $42 | Rake $0.50
Board [7d Ac Kc 9h 3s]
Seat 3: linuxhunter (big blind) showed [Ks Jd] and won ($41.50) with a pair of Kings
Seat 6: ToDaFelt (button) (small blind) mucked


PokerStars Hand #162809579063:  Hold'em Limit ($3/$6 USD) - 2016/12/11 22:10:54 ET
Table 'Weber' 6-max Seat #3 is the button
Seat 3: linuxhunter ($82.90 in chips)
Seat 6: ToDaFelt ($368.77 in chips)
linuxhunter: posts small blind $1
ToDaFelt: posts big blind $3
*** HOLE CARDS ***
linuxhunter: folds
Uncalled bet ($2) returned to ToDaFelt
ToDaFelt collected $2 from pot
ToDaFelt: doesn't show hand
*** SUMMARY ***
Total pot $2 | Rake $0
Seat 3: linuxhunter (button) (small blind) folded before Flop
Seat 6: ToDaFelt (big blind) collected ($2)


PokerStars Hand #162809573758:  Hold'em Limit ($3/$6 USD) - 2016/12/11 22:10:39 ET
Table 'Weber' 6-max Seat #6 is the button
Seat 3: linuxhunter ($81.90 in chips)
Seat 6: ToDaFelt ($369.77 in chips)
ToDaFelt: posts small blind $1
linuxhunter: posts big blind $3
*** HOLE CARDS ***
ToDaFelt: folds
Uncalled bet ($2) returned to linuxhunter
linuxhunter collected $2 from pot
linuxhunter: doesn't show hand
*** SUMMARY ***
Total pot $2 | Rake $0
Seat 3: linuxhunter (big blind) collected ($2)
Seat 6: ToDaFelt (button) (small blind) folded before Flop


PokerStars Hand #162809596686:  Hold'em Limit ($3/$6 USD) - 2016/12/11 22:11:41 ET
Table 'Weber' 6-max Seat #3 is the button
Seat 3: linuxhunter ($98.40 in chips)
Seat 6: ToDaFelt ($352.77 in chips)
linuxhunter: posts small blind $1
ToDaFelt: posts big blind $3
*** HOLE CARDS ***
linuxhunter: folds
Uncalled bet ($2) returned to ToDaFelt
ToDaFelt collected $2 from pot
ToDaFelt: doesn't show hand
*** SUMMARY ***
Total pot $2 | Rake $0
Seat 3: linuxhunter (button) (small blind) folded before Flop
Seat 6: ToDaFelt (big blind) collected ($2)


PokerStars Hand #162809593562:  Hold'em Limit ($3/$6 USD) - 2016/12/11 22:11:32 ET
Table 'Weber' 6-max Seat #6 is the button
Seat 3: linuxhunter ($101.40 in chips)
Seat 6: ToDaFelt ($349.77 in chips)
ToDaFelt: posts small blind $1
linuxhunter: posts big blind $3
*** HOLE CARDS ***
ToDaFelt: raises $3 to $6
linuxhunter: folds
Uncalled bet ($3) returned to ToDaFelt
ToDaFelt collected $6 from pot
ToDaFelt: doesn't show hand
*** SUMMARY ***
Total pot $6 | Rake $0
Seat 3: linuxhunter (big blind) folded before Flop
Seat 6: ToDaFelt (button) (small blind) collected ($6)


PokerStars Hand #162809591516:  Hold'em Limit ($3/$6 USD) - 2016/12/11 22:11:26 ET
Table 'Weber' 6-max Seat #3 is the button
Seat 3: linuxhunter ($102.40 in chips)
Seat 6: ToDaFelt ($348.77 in chips)
linuxhunter: posts small blind $1
ToDaFelt: posts big blind $3
*** HOLE CARDS ***
linuxhunter: folds
Uncalled bet ($2) returned to ToDaFelt
ToDaFelt collected $2 from pot
ToDaFelt: doesn't show hand
*** SUMMARY ***
Total pot $2 | Rake $0
Seat 3: linuxhunter (button) (small blind) folded before Flop
Seat 6: ToDaFelt (big blind) collected ($2)


PokerStars Hand #162809609205:  Hold'em Limit ($3/$6 USD) - 2016/12/11 22:12:14 ET
Table 'Weber' 6-max Seat #3 is the button
Seat 3: linuxhunter ($91.40 in chips)
Seat 6: ToDaFelt ($359.53 in chips)
linuxhunter: posts small blind $1
ToDaFelt: posts big blind $3
*** HOLE CARDS ***
linuxhunter: raises $3 to $6
ToDaFelt: folds
Uncalled bet ($3) returned to linuxhunter
linuxhunter collected $6 from pot
linuxhunter: doesn't show hand
*** SUMMARY ***
Total pot $6 | Rake $0
Seat 3: linuxhunter (button) (small blind) collected ($6)
Seat 6: ToDaFelt (big blind) folded before Flop


PokerStars Hand #162809607257:  Hold'em Limit ($3/$6 USD) - 2016/12/11 22:12:09 ET
Table 'Weber' 6-max Seat #6 is the button
Seat 3: linuxhunter ($90.40 in chips)
Seat 6: ToDaFelt ($360.53 in chips)
ToDaFelt: posts small blind $1
linuxhunter: posts big blind $3
*** HOLE CARDS ***
ToDaFelt: folds
Uncalled bet ($2) returned to linuxhunter
linuxhunter collected $2 from pot
linuxhunter: doesn't show hand
*** SUMMARY ***
Total pot $2 | Rake $0
Seat 3: linuxhunter (big blind) collected ($2)
Seat 6: ToDaFelt (button) (small blind) folded before Flop


PokerStars Hand #162809605369:  Hold'em Limit ($3/$6 USD) - 2016/12/11 22:12:04 ET
Table 'Weber' 6-max Seat #3 is the button
Seat 3: linuxhunter ($91.40 in chips)
Seat 6: ToDaFelt ($359.53 in chips)
linuxhunter: posts small blind $1
ToDaFelt: posts big blind $3
*** HOLE CARDS ***
linuxhunter: folds
Uncalled bet ($2) returned to ToDaFelt
ToDaFelt collected $2 from pot
ToDaFelt: doesn't show hand
*** SUMMARY ***
Total pot $2 | Rake $0
Seat 3: linuxhunter (button) (small blind) folded before Flop
Seat 6: ToDaFelt (big blind) collected ($2)


PokerStars Hand #162809599052:  Hold'em Limit ($3/$6 USD) - 2016/12/11 22:11:47 ET
Table 'Weber' 6-max Seat #6 is the button
Seat 3: linuxhunter ($97.40 in chips)
Seat 6: ToDaFelt ($353.77 in chips)
ToDaFelt: posts small blind $1
linuxhunter: posts big blind $3
*** HOLE CARDS ***
ToDaFelt: raises $3 to $6
linuxhunter: calls $3
*** FLOP *** [4s 4c 9d]
linuxhunter: checks
ToDaFelt: bets $3
linuxhunter: folds
Uncalled bet ($3) returned to ToDaFelt
ToDaFelt collected $11.76 from pot
ToDaFelt: doesn't show hand
*** SUMMARY ***
Total pot $12 | Rake $0.24
Board [4s 4c 9d]
Seat 3: linuxhunter (big blind) folded on the Flop
Seat 6: ToDaFelt (button) (small blind) collected ($11.76)


PokerStars Hand #162809624735:  Hold'em Limit ($3/$6 USD) - 2016/12/11 22:12:56 ET
Table 'Weber' 6-max Seat #6 is the button
Seat 3: linuxhunter ($116.90 in chips)
Seat 6: ToDaFelt ($333.53 in chips)
ToDaFelt: posts small blind $1
linuxhunter: posts big blind $3
*** HOLE CARDS ***
ToDaFelt: raises $3 to $6
linuxhunter: folds
Uncalled bet ($3) returned to ToDaFelt
ToDaFelt collected $6 from pot
ToDaFelt: doesn't show hand
*** SUMMARY ***
Total pot $6 | Rake $0
Seat 3: linuxhunter (big blind) folded before Flop
Seat 6: ToDaFelt (button) (small blind) collected ($6)


PokerStars Hand #162809622850:  Hold'em Limit ($3/$6 USD) - 2016/12/11 22:12:51 ET
Table 'Weber' 6-max Seat #3 is the button
Seat 3: linuxhunter ($117.90 in chips)
Seat 6: ToDaFelt ($332.53 in chips)
linuxhunter: posts small blind $1
ToDaFelt: posts big blind $3
*** HOLE CARDS ***
linuxhunter: folds
Uncalled bet ($2) returned to ToDaFelt
ToDaFelt collected $2 from pot
ToDaFelt: doesn't show hand
*** SUMMARY ***
Total pot $2 | Rake $0
Seat 3: linuxhunter (button) (small blind) folded before Flop
Seat 6: ToDaFelt (big blind) collected ($2)


PokerStars Hand #162809611640:  Hold'em Limit ($3/$6 USD) - 2016/12/11 22:12:21 ET
Table 'Weber' 6-max Seat #6 is the button
Seat 3: linuxhunter ($94.40 in chips)
Seat 6: ToDaFelt ($356.53 in chips)
ToDaFelt: posts small blind $1
linuxhunter: posts big blind $3
*** HOLE CARDS ***
ToDaFelt: raises $3 to $6
linuxhunter: calls $3
*** FLOP *** [4c Tc 6h]
linuxhunter: checks
ToDaFelt: bets $3
linuxhunter: raises $3 to $6
ToDaFelt: calls $3
*** TURN *** [4c Tc 6h] [7d]
linuxhunter: bets $6
ToDaFelt: calls $6
*** RIVER *** [4c Tc 6h 7d] [Jc]
linuxhunter: bets $6
ToDaFelt: calls $6
*** SHOW DOWN ***
linuxhunter: shows [Th 3d] (a pair of Tens)
ToDaFelt: mucks hand
linuxhunter collected $47.50 from pot
*** SUMMARY ***
Total pot $48 | Rake $0.50
Board [4c Tc 6h 7d Jc]
Seat 3: linuxhunter (big blind) showed [Th 3d] and won ($47.50) with a pair of Tens
Seat 6: ToDaFelt (button) (small blind) mucked


PokerStars Hand #162809627319:  Hold'em Limit ($3/$6 USD) - 2016/12/11 22:13:03 ET
Table 'Weber' 6-max Seat #3 is the button
Seat 3: linuxhunter ($113.90 in chips)
Seat 6: ToDaFelt ($336.53 in chips)
linuxhunter: posts small blind $1
ToDaFelt: posts big blind $3
*** HOLE CARDS ***
linuxhunter: raises $3 to $6
ToDaFelt: raises $3 to $9
linuxhunter: calls $3
*** FLOP *** [3s Jh Qc]
ToDaFelt: bets $3
linuxhunter: calls $3
*** TURN *** [3s Jh Qc] [5d]
ToDaFelt: bets $6
linuxhunter: folds
Uncalled bet ($6) returned to ToDaFelt
ToDaFelt collected $23.52 from pot
ToDaFelt: doesn't show hand
*** SUMMARY ***
Total pot $24 | Rake $0.48
Board [3s Jh Qc 5d]
Seat 3: linuxhunter (button) (small blind) folded on the Turn
Seat 6: ToDaFelt (big blind) collected ($23.52)


PokerStars Hand #162809647921:  Hold'em Limit ($3/$6 USD) - 2016/12/11 22:13:58 ET
Table 'Weber' 6-max Seat #3 is the button
Seat 3: linuxhunter ($89.90 in chips)
Seat 6: ToDaFelt ($359.57 in chips)
linuxhunter: posts small blind $1
ToDaFelt: posts big blind $3
*** HOLE CARDS ***
linuxhunter: raises $3 to $6
ToDaFelt: calls $3
*** FLOP *** [6d Kh Ac]
ToDaFelt: checks
linuxhunter: bets $3
ToDaFelt: calls $3
*** TURN *** [6d Kh Ac] [5c]
kogaymg joins the table at seat #2
ToDaFelt: checks
linuxhunter: bets $6
ToDaFelt: raises $6 to $12
linuxhunter: calls $6
*** RIVER *** [6d Kh Ac 5c] [9s]
ToDaFelt: bets $6
linuxhunter: calls $6
*** SHOW DOWN ***
ToDaFelt: shows [3h Kc] (a pair of Kings)
linuxhunter: shows [Th Ks] (a pair of Kings - Ace+Ten kicker)
linuxhunter collected $53.50 from pot
*** SUMMARY ***
Total pot $54 | Rake $0.50
Board [6d Kh Ac 5c 9s]
Seat 3: linuxhunter (button) (small blind) showed [Th Ks] and won ($53.50) with a pair of Kings
Seat 6: ToDaFelt (big blind) showed [3h Kc] and lost with a pair of Kings


PokerStars Hand #162809636913:  Hold'em Limit ($3/$6 USD) - 2016/12/11 22:13:29 ET
Table 'Weber' 6-max Seat #6 is the button
Seat 3: linuxhunter ($101.90 in chips)
Seat 6: ToDaFelt ($348.05 in chips)
ToDaFelt: posts small blind $1
linuxhunter: posts big blind $3
*** HOLE CARDS ***
ToDaFelt: raises $3 to $6
linuxhunter: calls $3
*** FLOP *** [6c Ah Kh]
linuxhunter: checks
ToDaFelt: checks
*** TURN *** [6c Ah Kh] [Jh]
linuxhunter: checks
ToDaFelt: bets $6
linuxhunter: calls $6
*** RIVER *** [6c Ah Kh Jh] [5d]
linuxhunter: checks
ToDaFelt: bets $6
linuxhunter: folds
Uncalled bet ($6) returned to ToDaFelt
ToDaFelt collected $23.52 from pot
ToDaFelt: doesn't show hand
*** SUMMARY ***
Total pot $24 | Rake $0.48
Board [6c Ah Kh Jh 5d]
Seat 3: linuxhunter (big blind) folded on the River
Seat 6: ToDaFelt (button) (small blind) collected ($23.52)


PokerStars Hand #162809741367:  Hold'em Limit ($3/$6 USD) - 2016/12/11 22:17:49 ET
Table 'Weber' 6-max Seat #3 is the button
Seat 3: linuxhunter ($132.43 in chips)
Seat 6: ToDaFelt ($385.79 in chips)
linuxhunter: posts small blind $1
ToDaFelt: posts big blind $3
*** HOLE CARDS ***
linuxhunter said, "ofc you hit"
linuxhunter: calls $2
ToDaFelt: checks
*** FLOP *** [Kc 7h 5s]
ToDaFelt: bets $3
linuxhunter: folds
Uncalled bet ($3) returned to ToDaFelt
ToDaFelt collected $5.88 from pot
ToDaFelt: doesn't show hand
*** SUMMARY ***
Total pot $6 | Rake $0.12
Board [Kc 7h 5s]
Seat 3: linuxhunter (button) (small blind) folded on the Flop
Seat 6: ToDaFelt (big blind) collected ($5.88)


PokerStars Hand #162809730611:  Hold'em Limit ($3/$6 USD) - 2016/12/11 22:17:20 ET
Table 'Weber' 6-max Seat #6 is the button
Seat 3: linuxhunter ($153.43 in chips)
Seat 6: ToDaFelt ($365.29 in chips)
ToDaFelt: posts small blind $1
linuxhunter: posts big blind $3
*** HOLE CARDS ***
kogaymg leaves the table
ToDaFelt: raises $3 to $6
linuxhunter: calls $3
*** FLOP *** [Ah 6c Ac]
linuxhunter: bets $3
ToDaFelt: calls $3
*** TURN *** [Ah 6c Ac] [3s]
linuxhunter: checks
ToDaFelt: checks
*** RIVER *** [Ah 6c Ac 3s] [Kh]
linuxhunter: bets $6
ToDaFelt: raises $6 to $12
linuxhunter: calls $6
*** SHOW DOWN ***
ToDaFelt: shows [Kc 4d] (two pair, Aces and Kings)
linuxhunter: mucks hand
ToDaFelt collected $41.50 from pot
*** SUMMARY ***
Total pot $42 | Rake $0.50
Board [Ah 6c Ac 3s Kh]
Seat 3: linuxhunter (big blind) mucked
Seat 6: ToDaFelt (button) (small blind) showed [Kc 4d] and won ($41.50) with two pair, Aces and Kings


PokerStars Hand #162809765309:  Hold'em Limit ($3/$6 USD) - 2016/12/11 22:18:54 ET
Table 'Weber' 6-max Seat #3 is the button
Seat 3: linuxhunter ($152.93 in chips)
Seat 6: ToDaFelt ($364.67 in chips)
linuxhunter: posts small blind $1
ToDaFelt: posts big blind $3
*** HOLE CARDS ***
linuxhunter: raises $3 to $6
ToDaFelt: raises $3 to $9
linuxhunter: calls $3
*** FLOP *** [9c 6d 4d]
ToDaFelt: bets $3
linuxhunter: raises $3 to $6
ToDaFelt: calls $3
*** TURN *** [9c 6d 4d] [6c]
ToDaFelt: checks
linuxhunter: bets $6
ToDaFelt: calls $6
*** RIVER *** [9c 6d 4d 6c] [7h]
ToDaFelt: checks
linuxhunter: checks
*** SHOW DOWN ***
ToDaFelt: shows [Kh Jd] (a pair of Sixes)
linuxhunter: shows [Qs As] (a pair of Sixes - Ace kicker)
linuxhunter collected $41.50 from pot
*** SUMMARY ***
Total pot $42 | Rake $0.50
Board [9c 6d 4d 6c 7h]
Seat 3: linuxhunter (button) (small blind) showed [Qs As] and won ($41.50) with a pair of Sixes
Seat 6: ToDaFelt (big blind) showed [Kh Jd] and lost with a pair of Sixes


PokerStars Hand #162809753718:  Hold'em Limit ($3/$6 USD) - 2016/12/11 22:18:23 ET
Table 'Weber' 6-max Seat #6 is the button
Seat 3: linuxhunter ($129.43 in chips)
Seat 6: ToDaFelt ($388.67 in chips)
ToDaFelt: posts small blind $1
linuxhunter: posts big blind $3
*** HOLE CARDS ***
ToDaFelt: raises $3 to $6
linuxhunter said, "its insane"
linuxhunter: raises $3 to $9
ToDaFelt: calls $3
*** FLOP *** [Qc 2d 6s]
linuxhunter: bets $3
ToDaFelt: calls $3
*** TURN *** [Qc 2d 6s] [Jh]
linuxhunter: bets $6
ToDaFelt: calls $6
*** RIVER *** [Qc 2d 6s Jh] [6d]
linuxhunter: bets $6
ToDaFelt: calls $6
*** SHOW DOWN ***
linuxhunter: shows [Qs Ac] (two pair, Queens and Sixes)
ToDaFelt: mucks hand
linuxhunter collected $47.50 from pot
*** SUMMARY ***
Total pot $48 | Rake $0.50
Board [Qc 2d 6s Jh 6d]
Seat 3: linuxhunter (big blind) showed [Qs Ac] and won ($47.50) with two pair, Queens and Sixes
Seat 6: ToDaFelt (button) (small blind) mucked


PokerStars Hand #162809795387:  Hold'em Limit ($3/$6 USD) - 2016/12/11 22:20:16 ET
Table 'Weber' 6-max Seat #3 is the button
Seat 3: linuxhunter ($149.43 in chips)
Seat 6: ToDaFelt ($367.17 in chips)
linuxhunter: posts small blind $1
ToDaFelt: posts big blind $3
*** HOLE CARDS ***
linuxhunter: raises $3 to $6
ToDaFelt: calls $3
*** FLOP *** [2h 2c 8c]
ToDaFelt: checks
linuxhunter: checks
*** TURN *** [2h 2c 8c] [6h]
ToDaFelt: checks
linuxhunter: bets $6
ToDaFelt: folds
Uncalled bet ($6) returned to linuxhunter
linuxhunter collected $11.76 from pot
linuxhunter: doesn't show hand
*** SUMMARY ***
Total pot $12 | Rake $0.24
Board [2h 2c 8c 6h]
Seat 3: linuxhunter (button) (small blind) collected ($11.76)
Seat 6: ToDaFelt (big blind) folded on the Turn


PokerStars Hand #162809791148:  Hold'em Limit ($3/$6 USD) - 2016/12/11 22:20:04 ET
Table 'Weber' 6-max Seat #6 is the button
Seat 3: linuxhunter ($148.43 in chips)
Seat 6: ToDaFelt ($368.17 in chips)
ToDaFelt: posts small blind $1
linuxhunter: posts big blind $3
*** HOLE CARDS ***
ToDaFelt: folds
Uncalled bet ($2) returned to linuxhunter
linuxhunter collected $2 from pot
linuxhunter: doesn't show hand
*** SUMMARY ***
Total pot $2 | Rake $0
Seat 3: linuxhunter (big blind) collected ($2)
Seat 6: ToDaFelt (button) (small blind) folded before Flop


PokerStars Hand #162809781107:  Hold'em Limit ($3/$6 USD) - 2016/12/11 22:19:37 ET
Table 'Weber' 6-max Seat #6 is the button
Seat 3: linuxhunter ($173.43 in chips)
Seat 6: ToDaFelt ($343.67 in chips)
ToDaFelt: posts small blind $1
linuxhunter: posts big blind $3
*** HOLE CARDS ***
ToDaFelt: raises $3 to $6
linuxhunter: raises $3 to $9
ToDaFelt: calls $3
*** FLOP *** [Ah Kh 7h]
linuxhunter: bets $3
ToDaFelt: calls $3
*** TURN *** [Ah Kh 7h] [8d]
linuxhunter: bets $6
ToDaFelt: calls $6
*** RIVER *** [Ah Kh 7h 8d] [3c]
linuxhunter: bets $6
ToDaFelt: calls $6
*** SHOW DOWN ***
linuxhunter: shows [Qd Qs] (a pair of Queens)
ToDaFelt: shows [Ks 2h] (a pair of Kings)
ToDaFelt collected $47.50 from pot
*** SUMMARY ***
Total pot $48 | Rake $0.50
Board [Ah Kh 7h 8d 3c]
Seat 3: linuxhunter (big blind) showed [Qd Qs] and lost with a pair of Queens
Seat 6: ToDaFelt (button) (small blind) showed [Ks 2h] and won ($47.50) with a pair of Kings


PokerStars Hand #162809807486:  Hold'em Limit ($3/$6 USD) - 2016/12/11 22:20:49 ET
Table 'Weber' 6-max Seat #6 is the button
Seat 3: linuxhunter ($155.19 in chips)
Seat 6: ToDaFelt ($361.17 in chips)
ToDaFelt: posts small blind $1
linuxhunter: posts big blind $3
*** HOLE CARDS ***
ToDaFelt: raises $3 to $6
linuxhunter: calls $3
*** FLOP *** [5d Ad 9c]
linuxhunter: bets $3
ToDaFelt: calls $3
*** TURN *** [5d Ad 9c] [7d]
linuxhunter: checks
ToDaFelt: bets $6
linuxhunter: folds
Uncalled bet ($6) returned to ToDaFelt
ToDaFelt collected $17.64 from pot
ToDaFelt: doesn't show hand
*** SUMMARY ***
Total pot $18 | Rake $0.36
Board [5d Ad 9c 7d]
Seat 3: linuxhunter (big blind) folded on the Turn
Seat 6: ToDaFelt (button) (small blind) collected ($17.64)


PokerStars Hand #162809816048:  Hold'em Limit ($3/$6 USD) - 2016/12/11 22:21:13 ET
Table 'Weber' 6-max Seat #6 is the button
Seat 3: linuxhunter ($145.19 in chips)
Seat 6: ToDaFelt ($370.81 in chips)
ToDaFelt: posts small blind $1
linuxhunter: posts big blind $3
*** HOLE CARDS ***
ToDaFelt: raises $3 to $6
linuxhunter: calls $3
*** FLOP *** [7c 4h Kc]
linuxhunter: checks
ToDaFelt: bets $3
linuxhunter: calls $3
*** TURN *** [7c 4h Kc] [Jh]
linuxhunter: checks
ToDaFelt: bets $6
linuxhunter: calls $6
*** RIVER *** [7c 4h Kc Jh] [8h]
linuxhunter: checks
ToDaFelt: bets $6
linuxhunter: folds
Uncalled bet ($6) returned to ToDaFelt
ToDaFelt collected $29.50 from pot
ToDaFelt: doesn't show hand
*** SUMMARY ***
Total pot $30 | Rake $0.50
Board [7c 4h Kc Jh 8h]
Seat 3: linuxhunter (big blind) folded on the River
Seat 6: ToDaFelt (button) (small blind) collected ($29.50)


PokerStars Hand #162809814118:  Hold'em Limit ($3/$6 USD) - 2016/12/11 22:21:07 ET
Table 'Weber' 6-max Seat #3 is the button
Seat 3: linuxhunter ($146.19 in chips)
Seat 6: ToDaFelt ($369.81 in chips)
linuxhunter: posts small blind $1
ToDaFelt: posts big blind $3
*** HOLE CARDS ***
linuxhunter: folds
Uncalled bet ($2) returned to ToDaFelt
ToDaFelt collected $2 from pot
ToDaFelt: doesn't show hand
*** SUMMARY ***
Total pot $2 | Rake $0
Seat 3: linuxhunter (button) (small blind) folded before Flop
Seat 6: ToDaFelt (big blind) collected ($2)


PokerStars Hand #162809826470:  Hold'em Limit ($3/$6 USD) - 2016/12/11 22:21:41 ET
Table 'Weber' 6-max Seat #3 is the button
Seat 3: linuxhunter ($130.19 in chips)
Seat 6: ToDaFelt ($385.31 in chips)
linuxhunter: posts small blind $1
ToDaFelt: posts big blind $3
*** HOLE CARDS ***
linuxhunter: raises $3 to $6
ToDaFelt: calls $3
*** FLOP *** [6d 9c Qc]
ToDaFelt: checks
linuxhunter: bets $3
Brama Br joins the table at seat #1
ToDaFelt: raises $3 to $6
linuxhunter: calls $3
*** TURN *** [6d 9c Qc] [Kc]
ToDaFelt: bets $6
linuxhunter: calls $6
*** RIVER *** [6d 9c Qc Kc] [Th]
ToDaFelt: checks
linuxhunter: checks
*** SHOW DOWN ***
ToDaFelt: shows [Qs 7h] (a pair of Queens)
linuxhunter: mucks hand
ToDaFelt collected $35.50 from pot
*** SUMMARY ***
Total pot $36 | Rake $0.50
Board [6d 9c Qc Kc Th]
Seat 3: linuxhunter (button) (small blind) mucked
Seat 6: ToDaFelt (big blind) showed [Qs 7h] and won ($35.50) with a pair of Queens


PokerStars Hand #162810400069:  Hold'em Limit ($3/$6 USD) - 2016/12/11 22:49:05 ET
Table 'Weber' 6-max Seat #1 is the button
Seat 1: Brama Br ($350.83 in chips)
Seat 6: ToDaFelt ($432.76 in chips)
Brama Br: posts small blind $1
ToDaFelt: posts big blind $3
*** HOLE CARDS ***
Brama Br: raises $3 to $6
ToDaFelt: calls $3
*** FLOP *** [Ks Td Qd]
ToDaFelt: checks
Brama Br: bets $3
ToDaFelt: folds
Uncalled bet ($3) returned to Brama Br
Brama Br collected $11.76 from pot
Brama Br: doesn't show hand
*** SUMMARY ***
Total pot $12 | Rake $0.24
Board [Ks Td Qd]
Seat 1: Brama Br (button) (small blind) collected ($11.76)
Seat 6: ToDaFelt (big blind) folded on the Flop


PokerStars Hand #162810407323:  Hold'em Limit ($3/$6 USD) - 2016/12/11 22:49:27 ET
Table 'Weber' 6-max Seat #6 is the button
Seat 1: Brama Br ($356.59 in chips)
Seat 6: ToDaFelt ($426.76 in chips)
ToDaFelt: posts small blind $1
Brama Br: posts big blind $3
*** HOLE CARDS ***
ToDaFelt: raises $3 to $6
Brama Br: raises $3 to $9
ToDaFelt: calls $3
*** FLOP *** [As 6c 9s]
Brama Br: bets $3
ToDaFelt: calls $3
*** TURN *** [As 6c 9s] [Qc]
Brama Br: bets $6
ToDaFelt: raises $6 to $12
Brama Br: calls $6
*** RIVER *** [As 6c 9s Qc] [2h]
Brama Br: checks
ToDaFelt: bets $6
Brama Br: calls $6
*** SHOW DOWN ***
ToDaFelt: shows [5h Ah] (a pair of Aces)
Brama Br: mucks hand
ToDaFelt collected $59.50 from pot
*** SUMMARY ***
Total pot $60 | Rake $0.50
Board [As 6c 9s Qc 2h]
Seat 1: Brama Br (big blind) mucked
Seat 6: ToDaFelt (button) (small blind) showed [5h Ah] and won ($59.50) with a pair of Aces


PokerStars Hand #162810420326:  Hold'em Limit ($3/$6 USD) - 2016/12/11 22:50:07 ET
Table 'Weber' 6-max Seat #1 is the button
Seat 1: Brama Br ($326.59 in chips)
Seat 6: ToDaFelt ($456.26 in chips)
Brama Br: posts small blind $1
ToDaFelt: posts big blind $3
*** HOLE CARDS ***
Brama Br: raises $3 to $6
ToDaFelt: calls $3
*** FLOP *** [7c 7h 6d]
linuxhunter leaves the table
ToDaFelt: checks
Brama Br: bets $3
ToDaFelt: raises $3 to $6
Brama Br: raises $3 to $9
ToDaFelt: calls $3
*** TURN *** [7c 7h 6d] [8h]
ToDaFelt: checks
Brama Br: bets $6
ToDaFelt: calls $6
*** RIVER *** [7c 7h 6d 8h] [Qc]
ToDaFelt: checks
Brama Br: checks
*** SHOW DOWN ***
ToDaFelt: shows [6h Jh] (two pair, Sevens and Sixes)
Brama Br: mucks hand
ToDaFelt collected $41.50 from pot
*** SUMMARY ***
Total pot $42 | Rake $0.50
Board [7c 7h 6d 8h Qc]
Seat 1: Brama Br (button) (small blind) mucked
Seat 6: ToDaFelt (big blind) showed [6h Jh] and won ($41.50) with two pair, Sevens and Sixes


PokerStars Hand #162810442248:  Hold'em Limit ($3/$6 USD) - 2016/12/11 22:50:55 ET
Table 'Weber' 6-max Seat #6 is the button
Seat 1: Brama Br ($305.59 in chips)
Seat 6: ToDaFelt ($476.76 in chips)
ToDaFelt: posts small blind $1
Brama Br: posts big blind $3
*** HOLE CARDS ***
ToDaFelt: folds
Uncalled bet ($2) returned to Brama Br
Brama Br collected $2 from pot
Brama Br: doesn't show hand
*** SUMMARY ***
Total pot $2 | Rake $0
Seat 1: Brama Br (big blind) collected ($2)
Seat 6: ToDaFelt (button) (small blind) folded before Flop


PokerStars Hand #162810444972:  Hold'em Limit ($3/$6 USD) - 2016/12/11 22:51:03 ET
Table 'Weber' 6-max Seat #1 is the button
Seat 1: Brama Br ($306.59 in chips)
Seat 6: ToDaFelt ($475.76 in chips)
Brama Br: posts small blind $1
ToDaFelt: posts big blind $3
*** HOLE CARDS ***
Brama Br: raises $3 to $6
Brama Br said, "zzzzzzzzzzz"
ToDaFelt: calls $3
*** FLOP *** [Kc 8h 5s]
40 ft cliff joins the table at seat #2
Brama Br said, "assim tenho que ir dormir"
ToDaFelt: checks
Brama Br: bets $3
ToDaFelt: raises $3 to $6
Brama Br: raises $3 to $9
ToDaFelt: calls $3
*** TURN *** [Kc 8h 5s] [7d]
ToDaFelt: checks
Brama Br: bets $6
ToDaFelt: calls $6
*** RIVER *** [Kc 8h 5s 7d] [3d]
ToDaFelt: checks
Brama Br: bets $6
ToDaFelt: calls $6
*** SHOW DOWN ***
Brama Br: shows [Kh As] (a pair of Kings)
ToDaFelt: mucks hand
Brama Br collected $53.50 from pot
*** SUMMARY ***
Total pot $54 | Rake $0.50
Board [Kc 8h 5s 7d 3d]
Seat 1: Brama Br (button) (small blind) showed [Kh As] and won ($53.50) with a pair of Kings
Seat 6: ToDaFelt (big blind) mucked


PokerStars Hand #162810467716:  Hold'em Limit ($3/$6 USD) - 2016/12/11 22:52:12 ET
Table 'Weber' 6-max Seat #6 is the button
Seat 1: Brama Br ($333.09 in chips)
Seat 6: ToDaFelt ($448.76 in chips)
ToDaFelt: posts small blind $1
Brama Br: posts big blind $3
*** HOLE CARDS ***
ToDaFelt: raises $3 to $6
Brama Br: calls $3
*** FLOP *** [9s Jc 3s]
Brama Br: checks
ToDaFelt: bets $3
Brama Br: calls $3
*** TURN *** [9s Jc 3s] [7s]
Brama Br: checks
ToDaFelt: bets $6
Brama Br: calls $6
*** RIVER *** [9s Jc 3s 7s] [4h]
Brama Br: checks
ToDaFelt: bets $6
Brama Br: calls $6
*** SHOW DOWN ***
ToDaFelt: shows [9d 9h] (three of a kind, Nines)
Brama Br: mucks hand
ToDaFelt collected $41.50 from pot
*** SUMMARY ***
Total pot $42 | Rake $0.50
Board [9s Jc 3s 7s 4h]
Seat 1: Brama Br (big blind) mucked
Seat 6: ToDaFelt (button) (small blind) showed [9d 9h] and won ($41.50) with three of a kind, Nines


PokerStars Hand #162811494202:  Hold'em Limit ($3/$6 USD) - 2016/12/11 23:50:05 ET
Table 'Weber' 6-max Seat #1 is the button
Seat 1: karambakilla ($90.69 in chips)
Seat 6: ToDaFelt ($586.43 in chips)
karambakilla: posts small blind $1
pecs680: is sitting out
ToDaFelt: posts big blind $3
*** HOLE CARDS ***
karambakilla: raises $3 to $6
ToDaFelt: calls $3
*** FLOP *** [4c 6d 7d]
ToDaFelt: checks
karambakilla: bets $3
ToDaFelt: folds
Uncalled bet ($3) returned to karambakilla
karambakilla collected $11.76 from pot
karambakilla: doesn't show hand
*** SUMMARY ***
Total pot $12 | Rake $0.24
Board [4c 6d 7d]
Seat 1: karambakilla (button) (small blind) collected ($11.76)
Seat 6: ToDaFelt (big blind) folded on the Flop


