PokerStars Hand #152256540702:  Hold'em Limit ($3/$6 USD) - 2016/04/21 18:25:11 ET
Table 'Weber III' 6-max Seat #2 is the button
Seat 1: mr nice 30 ($43 in chips)
Seat 2: GarryMcCoy ($89.05 in chips)
GarryMcCoy: posts small blind $1
mr nice 30: posts big blind $3
*** HOLE CARDS ***
GarryMcCoy: folds
Uncalled bet ($2) returned to mr nice 30
mr nice 30 collected $2 from pot
mr nice 30: doesn't show hand
*** SUMMARY ***
Total pot $2 | Rake $0
Seat 1: mr nice 30 (big blind) collected ($2)
Seat 2: GarryMcCoy (button) (small blind) folded before Flop


PokerStars Hand #152256517562:  Hold'em Limit ($3/$6 USD) - 2016/04/21 18:24:39 ET
Table 'Weber III' 6-max Seat #1 is the button
Seat 1: mr nice 30 ($70 in chips)
Seat 2: GarryMcCoy ($62.55 in chips)
mr nice 30: posts small blind $1
GarryMcCoy: posts big blind $3
*** HOLE CARDS ***
vestimokrec joins the table at seat #4
mr nice 30: raises $3 to $6
GarryMcCoy: raises $3 to $9
mr nice 30: raises $3 to $12
Betting is capped
GarryMcCoy: calls $3
*** FLOP *** [7d 2s Ks]
GarryMcCoy: checks
mr nice 30: bets $3
GarryMcCoy: calls $3
*** TURN *** [7d 2s Ks] [3h]
GarryMcCoy: checks
mr nice 30: bets $6
GarryMcCoy: calls $6
*** RIVER *** [7d 2s Ks 3h] [6s]
GarryMcCoy: checks
mr nice 30: bets $6
GarryMcCoy: calls $6
*** SHOW DOWN ***
mr nice 30: shows [8s Ah] (high card Ace)
GarryMcCoy: shows [7h Ad] (a pair of Sevens)
GarryMcCoy collected $53.50 from pot
*** SUMMARY ***
Total pot $54 | Rake $0.50
Board [7d 2s Ks 3h 6s]
Seat 1: mr nice 30 (button) (small blind) showed [8s Ah] and lost with high card Ace
Seat 2: GarryMcCoy (big blind) showed [7h Ad] and won ($53.50) with a pair of Sevens


PokerStars Hand #152256557881:  Hold'em Limit ($3/$6 USD) - 2016/04/21 18:25:35 ET
Table 'Weber III' 6-max Seat #2 is the button
Seat 1: mr nice 30 ($49.76 in chips)
Seat 2: GarryMcCoy ($82.05 in chips)
GarryMcCoy: posts small blind $1
mr nice 30: posts big blind $3
*** HOLE CARDS ***
GarryMcCoy: raises $3 to $6
mr nice 30: raises $3 to $9
GarryMcCoy: calls $3
*** FLOP *** [9s Jh Td]
mr nice 30: bets $3
GarryMcCoy: raises $3 to $6
mr nice 30: calls $3
*** TURN *** [9s Jh Td] [Ad]
mr nice 30: checks
GarryMcCoy: bets $6
mr nice 30: raises $6 to $12
GarryMcCoy: raises $6 to $18
mr nice 30: calls $6
*** RIVER *** [9s Jh Td Ad] [7h]
mr nice 30: checks
GarryMcCoy: bets $6
mr nice 30: folds
Uncalled bet ($6) returned to GarryMcCoy
GarryMcCoy collected $65.50 from pot
GarryMcCoy: doesn't show hand
*** SUMMARY ***
Total pot $66 | Rake $0.50
Board [9s Jh Td Ad 7h]
Seat 1: mr nice 30 (big blind) folded on the River
Seat 2: GarryMcCoy (button) (small blind) collected ($65.50)


PokerStars Hand #152256545610:  Hold'em Limit ($3/$6 USD) - 2016/04/21 18:25:18 ET
Table 'Weber III' 6-max Seat #1 is the button
Seat 1: mr nice 30 ($44 in chips)
Seat 2: GarryMcCoy ($88.05 in chips)
mr nice 30: posts small blind $1
GarryMcCoy: posts big blind $3
*** HOLE CARDS ***
mr nice 30: raises $3 to $6
GarryMcCoy: calls $3
*** FLOP *** [9c 5s 2h]
GarryMcCoy: checks
mr nice 30: bets $3
GarryMcCoy: folds
Uncalled bet ($3) returned to mr nice 30
mr nice 30 collected $11.76 from pot
mr nice 30: doesn't show hand
*** SUMMARY ***
Total pot $12 | Rake $0.24
Board [9c 5s 2h]
Seat 1: mr nice 30 (button) (small blind) collected ($11.76)
Seat 2: GarryMcCoy (big blind) folded on the Flop


