PokerStars Hand #165461386381:  Hold'em Limit ($3/$6 USD) - 2017/01/31 12:06:10 ET
Table 'Weber III' 6-max Seat #3 is the button
Seat 3: sim5sim5 ($72 in chips)
Seat 5: belik555 ($90 in chips)
Barmaley007 joins the table at seat #6
sim5sim5: posts small blind $1
belik555: posts big blind $3
*** HOLE CARDS ***
sim5sim5: raises $3 to $6
rascal_319 joins the table at seat #1
belik555: calls $3
*** FLOP *** [Ac 6s 5d]
belik555: checks
sim5sim5: bets $3
belik555: calls $3
*** TURN *** [Ac 6s 5d] [3c]
belik555: checks
B_loJkl joins the table at seat #2
sim5sim5: checks
*** RIVER *** [Ac 6s 5d 3c] [4c]
belik555: checks
sim5sim5: checks
*** SHOW DOWN ***
belik555: shows [8s 5h] (a pair of Fives)
sim5sim5: mucks hand
belik555 collected $17.64 from pot
*** SUMMARY ***
Total pot $18 | Rake $0.36
Board [Ac 6s 5d 3c 4c]
Seat 3: sim5sim5 (button) (small blind) mucked
Seat 5: belik555 (big blind) showed [8s 5h] and won ($17.64) with a pair of Fives


PokerStars Hand #165463205254:  Hold'em Limit ($3/$6 USD) - 2017/01/31 12:41:57 ET
Table 'Weber III' 6-max Seat #6 is the button
Seat 3: Slava1961 ($110.67 in chips)
Seat 6: zorantoronto ($180.09 in chips)
zorantoronto: posts small blind $1
B_loJkl: is sitting out
Slava1961: posts big blind $3
*** HOLE CARDS ***
zorantoronto: folds
Uncalled bet ($2) returned to Slava1961
B_loJkl leaves the table
Slava1961 collected $2 from pot
Slava1961: doesn't show hand
*** SUMMARY ***
Total pot $2 | Rake $0
Seat 3: Slava1961 (big blind) collected ($2)
Seat 6: zorantoronto (button) (small blind) folded before Flop


