PokerStars Hand #144259793576:  Hold'em Limit ($3/$6 USD) - 2015/11/23 8:40:27 ET
Table 'Wei' 10-max Seat #7 is the button
Seat 6: Actionni13 ($153 in chips)
Seat 7: godmoves ($106.26 in chips)
godmoves: posts small blind $1
Actionni13: posts big blind $3
*** HOLE CARDS ***
godmoves: raises $3 to $6
Actionni13: calls $3
*** FLOP *** [4s 5d Jc]
Actionni13: checks
godmoves: bets $3
pokkermon joins the table at seat #8
Actionni13: calls $3
*** TURN *** [4s 5d Jc] [6h]
Actionni13: checks
godmoves: bets $6
HAL9QQQ joins the table at seat #9
Actionni13: calls $6
*** RIVER *** [4s 5d Jc 6h] [Kh]
Actionni13: checks
godmoves: bets $6
Actionni13: folds
Uncalled bet ($6) returned to godmoves
godmoves collected $29.50 from pot
*** SUMMARY ***
Total pot $30 | Rake $0.50
Board [4s 5d Jc 6h Kh]
Seat 6: Actionni13 (big blind) folded on the River
Seat 7: godmoves (button) (small blind) collected ($29.50)


PokerStars Hand #144259817300:  Hold'em Limit ($3/$6 USD) - 2015/11/23 8:41:08 ET
Table 'Wei' 10-max Seat #6 is the button
Seat 6: Actionni13 ($150 in chips)
Seat 7: godmoves ($120.76 in chips)
Actionni13: posts small blind $1
godmoves: posts big blind $3
*** HOLE CARDS ***
Actionni13: raises $3 to $6
godmoves: calls $3
*** FLOP *** [5s Td Ad]
godmoves: checks
Actionni13: bets $3
godmoves: folds
Uncalled bet ($3) returned to Actionni13
Actionni13 collected $11.76 from pot
Actionni13: doesn't show hand
*** SUMMARY ***
Total pot $12 | Rake $0.24
Board [5s Td Ad]
Seat 6: Actionni13 (button) (small blind) collected ($11.76)
Seat 7: godmoves (big blind) folded on the Flop


PokerStars Hand #144260016880:  Hold'em Limit ($3/$6 USD) - 2015/11/23 8:46:42 ET
Table 'Wei' 10-max Seat #8 is the button
Seat 6: Actionni13 ($150 in chips)
Seat 8: pokkermon ($196.56 in chips)
pokkermon: posts small blind $1
HAL9QQQ: is sitting out
Actionni13: posts big blind $3
*** HOLE CARDS ***
pokkermon: raises $3 to $6
HAL9QQQ leaves the table
Actionni13: calls $3
*** FLOP *** [Ah 2c 9c]
Actionni13: checks
pokkermon: bets $3
Actionni13: raises $3 to $6
pokkermon: folds
Uncalled bet ($3) returned to Actionni13
Actionni13 collected $17.64 from pot
Actionni13: doesn't show hand
*** SUMMARY ***
Total pot $18 | Rake $0.36
Board [Ah 2c 9c]
Seat 6: Actionni13 (big blind) collected ($17.64)
Seat 8: pokkermon (button) (small blind) folded on the Flop


