PokerStars Hand #176736145128:  Hold'em Limit ($3/$6 USD) - 2017/10/10 10:41:00 ET
Table 'Wei' 6-max Seat #6 is the button
Seat 4: Agrotait ($51 in chips)
Seat 6: vestimokrec ($125.70 in chips)
vestimokrec: posts small blind $1
Agrotait: posts big blind $3
*** HOLE CARDS ***
vestimokrec: raises $3 to $6
Agrotait: raises $3 to $9
vestimokrec: calls $3
*** FLOP *** [8d Kc 2h]
Agrotait: bets $3
vestimokrec: folds
Uncalled bet ($3) returned to Agrotait
Agrotait collected $17.64 from pot
Agrotait: doesn't show hand
vestimokrec leaves the table
*** SUMMARY ***
Total pot $18 | Rake $0.36
Board [8d Kc 2h]
Seat 4: Agrotait (big blind) collected ($17.64)
Seat 6: vestimokrec (button) (small blind) folded on the Flop


PokerStars Hand #176736141452:  Hold'em Limit ($3/$6 USD) - 2017/10/10 10:40:53 ET
Table 'Wei' 6-max Seat #4 is the button
Seat 4: Agrotait ($52 in chips)
Seat 6: vestimokrec ($124.70 in chips)
Agrotait: posts small blind $1
vestimokrec: posts big blind $3
*** HOLE CARDS ***
Agrotait: folds
Uncalled bet ($2) returned to vestimokrec
allexso leaves the table
vestimokrec collected $2 from pot
vestimokrec: doesn't show hand
*** SUMMARY ***
Total pot $2 | Rake $0
Seat 4: Agrotait (button) (small blind) folded before Flop
Seat 6: vestimokrec (big blind) collected ($2)


