PokerStars Hand #146177161961:  Hold'em Limit ($3/$6 USD) - 2015/12/30 12:11:14 ET
Table 'Wempe II' 6-max Seat #6 is the button
Seat 5: Pandakey ($169.64 in chips)
Seat 6: LolDnkaments ($72 in chips)
LolDnkaments: posts small blind $1
Pandakey: posts big blind $3
*** HOLE CARDS ***
LolDnkaments: folds
Uncalled bet ($2) returned to Pandakey
Pandakey collected $2 from pot
Pandakey: doesn't show hand
*** SUMMARY ***
Total pot $2 | Rake $0
Seat 5: Pandakey (big blind) collected ($2)
Seat 6: LolDnkaments (button) (small blind) folded before Flop


PokerStars Hand #146177156656:  Hold'em Limit ($3/$6 USD) - 2015/12/30 12:11:08 ET
Table 'Wempe II' 6-max Seat #5 is the button
Seat 5: Pandakey ($166.64 in chips)
Seat 6: LolDnkaments ($72 in chips)
Pandakey: posts small blind $1
LolDnkaments: posts big blind $3
*** HOLE CARDS ***
Pandakey: raises $3 to $6
LolDnkaments: folds
Uncalled bet ($3) returned to Pandakey
Pandakey collected $6 from pot
Pandakey: doesn't show hand
*** SUMMARY ***
Total pot $6 | Rake $0
Seat 5: Pandakey (button) (small blind) collected ($6)
Seat 6: LolDnkaments (big blind) folded before Flop


PokerStars Hand #146178099544:  Hold'em Limit ($3/$6 USD) - 2015/12/30 12:28:37 ET
Table 'Wempe II' 6-max Seat #5 is the button
Seat 2: LoveMeLive ($54 in chips)
Seat 5: Pandakey ($170.64 in chips)
Pandakey: posts small blind $1
LoveMeLive: posts big blind $3
*** HOLE CARDS ***
Pandakey has timed out
Pandakey: folds
Uncalled bet ($2) returned to LoveMeLive
LoveMeLive collected $2 from pot
LoveMeLive: doesn't show hand
*** SUMMARY ***
Total pot $2 | Rake $0
Seat 2: LoveMeLive (big blind) collected ($2)
Seat 5: Pandakey (button) (small blind) folded before Flop


PokerStars Hand #146182453173:  Hold'em Limit ($3/$6 USD) - 2015/12/30 13:44:43 ET
Table 'Wempe II' 6-max Seat #4 is the button
Seat 3: Philly0813 ($93.13 in chips)
Seat 4: PelonCabelao ($72 in chips)
PelonCabelao: posts small blind $1
Philly0813: posts big blind $3
*** HOLE CARDS ***
PelonCabelao: raises $3 to $6
Philly0813: calls $3
*** FLOP *** [3s 8c 2d]
Philly0813: bets $3
PelonCabelao: calls $3
*** TURN *** [3s 8c 2d] [Ah]
Philly0813: checks
PelonCabelao: checks
*** RIVER *** [3s 8c 2d Ah] [Ts]
Philly0813: bets $6
PelonCabelao: calls $6
*** SHOW DOWN ***
Philly0813: shows [Tc 9c] (a pair of Tens)
PelonCabelao: mucks hand
Philly0813 collected $29.50 from pot
*** SUMMARY ***
Total pot $30 | Rake $0.50
Board [3s 8c 2d Ah Ts]
Seat 3: Philly0813 (big blind) showed [Tc 9c] and won ($29.50) with a pair of Tens
Seat 4: PelonCabelao (button) (small blind) mucked


PokerStars Hand #146182553398:  Hold'em Limit ($3/$6 USD) - 2015/12/30 13:46:23 ET
Table 'Wempe II' 6-max Seat #4 is the button
Seat 3: Philly0813 ($86.39 in chips)
Seat 4: PelonCabelao ($92.14 in chips)
PelonCabelao: posts small blind $1
Philly0813: posts big blind $3
*** HOLE CARDS ***
PelonCabelao: raises $3 to $6
Philly0813: folds
Uncalled bet ($3) returned to PelonCabelao
PelonCabelao collected $6 from pot
PelonCabelao: doesn't show hand
*** SUMMARY ***
Total pot $6 | Rake $0
Seat 3: Philly0813 (big blind) folded before Flop
Seat 4: PelonCabelao (button) (small blind) collected ($6)


PokerStars Hand #146182533032:  Hold'em Limit ($3/$6 USD) - 2015/12/30 13:46:03 ET
Table 'Wempe II' 6-max Seat #3 is the button
Seat 3: Philly0813 ($104.39 in chips)
Seat 4: PelonCabelao ($74.64 in chips)
Philly0813: posts small blind $1
PelonCabelao: posts big blind $3
*** HOLE CARDS ***
Philly0813: raises $3 to $6
PelonCabelao: raises $3 to $9
Philly0813: calls $3
*** FLOP *** [3d 6c Ac]
PelonCabelao: bets $3
Philly0813: calls $3
*** TURN *** [3d 6c Ac] [2h]
PelonCabelao: bets $6
Philly0813: calls $6
*** RIVER *** [3d 6c Ac 2h] [Js]
PelonCabelao: bets $6
Philly0813: folds
Uncalled bet ($6) returned to PelonCabelao
PelonCabelao collected $35.50 from pot
PelonCabelao: doesn't show hand
*** SUMMARY ***
Total pot $36 | Rake $0.50
Board [3d 6c Ac 2h Js]
Seat 3: Philly0813 (button) (small blind) folded on the River
Seat 4: PelonCabelao (big blind) collected ($35.50)


PokerStars Hand #146182518577:  Hold'em Limit ($3/$6 USD) - 2015/12/30 13:45:48 ET
Table 'Wempe II' 6-max Seat #4 is the button
Seat 3: Philly0813 ($98.63 in chips)
Seat 4: PelonCabelao ($80.64 in chips)
PelonCabelao: posts small blind $1
Philly0813: posts big blind $3
*** HOLE CARDS ***
PelonCabelao: raises $3 to $6
Philly0813: calls $3
*** FLOP *** [Tc 5d 9s]
Philly0813: bets $3
PelonCabelao: folds
Uncalled bet ($3) returned to Philly0813
Philly0813 collected $11.76 from pot
Philly0813: doesn't show hand
*** SUMMARY ***
Total pot $12 | Rake $0.24
Board [Tc 5d 9s]
Seat 3: Philly0813 (big blind) collected ($11.76)
Seat 4: PelonCabelao (button) (small blind) folded on the Flop


PokerStars Hand #146182492918:  Hold'em Limit ($3/$6 USD) - 2015/12/30 13:45:23 ET
Table 'Wempe II' 6-max Seat #3 is the button
Seat 3: Philly0813 ($107.63 in chips)
Seat 4: PelonCabelao ($72 in chips)
Philly0813: posts small blind $1
PelonCabelao: posts big blind $3
*** HOLE CARDS ***
Philly0813: raises $3 to $6
PelonCabelao: calls $3
*** FLOP *** [Ac Th Qc]
PelonCabelao: checks
Philly0813: bets $3
PelonCabelao: calls $3
*** TURN *** [Ac Th Qc] [4d]
PelonCabelao: checks
Philly0813: checks
*** RIVER *** [Ac Th Qc 4d] [5h]
PelonCabelao: bets $6
Philly0813: folds
Uncalled bet ($6) returned to PelonCabelao
PelonCabelao collected $17.64 from pot
PelonCabelao: doesn't show hand
*** SUMMARY ***
Total pot $18 | Rake $0.36
Board [Ac Th Qc 4d 5h]
Seat 3: Philly0813 (button) (small blind) folded on the River
Seat 4: PelonCabelao (big blind) collected ($17.64)


PokerStars Hand #146182567557:  Hold'em Limit ($3/$6 USD) - 2015/12/30 13:46:37 ET
Table 'Wempe II' 6-max Seat #4 is the button
Seat 3: Philly0813 ($82.39 in chips)
Seat 4: PelonCabelao ($96.14 in chips)
PelonCabelao: posts small blind $1
Philly0813: posts big blind $3
*** HOLE CARDS ***
PelonCabelao: raises $3 to $6
Philly0813: calls $3
*** FLOP *** [6s 6c 5s]
Philly0813: checks
PelonCabelao: bets $3
Philly0813: raises $3 to $6
PelonCabelao: calls $3
*** TURN *** [6s 6c 5s] [8d]
Philly0813: bets $6
PelonCabelao: calls $6
*** RIVER *** [6s 6c 5s 8d] [Ac]
Philly0813: bets $6
PelonCabelao: calls $6
*** SHOW DOWN ***
Philly0813: shows [Qd 5d] (two pair, Sixes and Fives)
PelonCabelao: shows [9c 5h] (two pair, Sixes and Fives)
Philly0813 collected $23.75 from pot
PelonCabelao collected $23.75 from pot
*** SUMMARY ***
Total pot $48 | Rake $0.50
Board [6s 6c 5s 8d Ac]
Seat 3: Philly0813 (big blind) showed [Qd 5d] and won ($23.75) with two pair, Sixes and Fives
Seat 4: PelonCabelao (button) (small blind) showed [9c 5h] and won ($23.75) with two pair, Sixes and Fives


PokerStars Hand #146182562518:  Hold'em Limit ($3/$6 USD) - 2015/12/30 13:46:32 ET
Table 'Wempe II' 6-max Seat #3 is the button
Seat 3: Philly0813 ($83.39 in chips)
Seat 4: PelonCabelao ($95.14 in chips)
Philly0813: posts small blind $1
PelonCabelao: posts big blind $3
*** HOLE CARDS ***
Philly0813: folds
Uncalled bet ($2) returned to PelonCabelao
PelonCabelao collected $2 from pot
PelonCabelao: doesn't show hand
*** SUMMARY ***
Total pot $2 | Rake $0
Seat 3: Philly0813 (button) (small blind) folded before Flop
Seat 4: PelonCabelao (big blind) collected ($2)


PokerStars Hand #146182602330:  Hold'em Limit ($3/$6 USD) - 2015/12/30 13:47:08 ET
Table 'Wempe II' 6-max Seat #3 is the button
Seat 3: Philly0813 ($82.14 in chips)
Seat 4: PelonCabelao ($95.89 in chips)
Philly0813: posts small blind $1
PelonCabelao: posts big blind $3
*** HOLE CARDS ***
Philly0813: raises $3 to $6
PelonCabelao: calls $3
*** FLOP *** [Kh Tc As]
Bonsey_1 joins the table at seat #6
PelonCabelao: checks
Philly0813: bets $3
PelonCabelao: raises $3 to $6
Philly0813: calls $3
*** TURN *** [Kh Tc As] [Th]
PelonCabelao: bets $6
Philly0813: calls $6
*** RIVER *** [Kh Tc As Th] [Jd]
PelonCabelao: bets $6
Philly0813: calls $6
*** SHOW DOWN ***
PelonCabelao: shows [Qd 7c] (a straight, Ten to Ace)
Philly0813: mucks hand
PelonCabelao collected $47.50 from pot
*** SUMMARY ***
Total pot $48 | Rake $0.50
Board [Kh Tc As Th Jd]
Seat 3: Philly0813 (button) (small blind) mucked
Seat 4: PelonCabelao (big blind) showed [Qd 7c] and won ($47.50) with a straight, Ten to Ace


PokerStars Hand #146182751321:  Hold'em Limit ($3/$6 USD) - 2015/12/30 13:49:31 ET
Table 'Wempe II' 6-max Seat #3 is the button
Seat 3: Philly0813 ($92.07 in chips)
Seat 4: PelonCabelao ($141.41 in chips)
Philly0813: posts small blind $1
PelonCabelao: posts big blind $3
*** HOLE CARDS ***
Philly0813: folds
Uncalled bet ($2) returned to PelonCabelao
PelonCabelao collected $2 from pot
PelonCabelao: doesn't show hand
*** SUMMARY ***
Total pot $2 | Rake $0
Seat 3: Philly0813 (button) (small blind) folded before Flop
Seat 4: PelonCabelao (big blind) collected ($2)


PokerStars Hand #146182743293:  Hold'em Limit ($3/$6 USD) - 2015/12/30 13:49:23 ET
Table 'Wempe II' 6-max Seat #4 is the button
Seat 3: Philly0813 ($95.07 in chips)
Seat 4: PelonCabelao ($138.41 in chips)
PelonCabelao: posts small blind $1
Philly0813: posts big blind $3
*** HOLE CARDS ***
PelonCabelao: raises $3 to $6
Philly0813: folds
Uncalled bet ($3) returned to PelonCabelao
PelonCabelao collected $6 from pot
PelonCabelao: doesn't show hand
*** SUMMARY ***
Total pot $6 | Rake $0
Seat 3: Philly0813 (big blind) folded before Flop
Seat 4: PelonCabelao (button) (small blind) collected ($6)


PokerStars Hand #146187858179:  Hold'em Limit ($3/$6 USD) - 2015/12/30 15:17:17 ET
Table 'Wempe II' 6-max Seat #3 is the button
Seat 3: Florin555330 ($336.82 in chips)
Seat 4: PelonCabelao ($93.82 in chips)
Florin555330: posts small blind $1
PelonCabelao: posts big blind $3
*** HOLE CARDS ***
Florin555330: folds
Uncalled bet ($2) returned to PelonCabelao
PelonCabelao collected $2 from pot
PelonCabelao: doesn't show hand
*** SUMMARY ***
Total pot $2 | Rake $0
Seat 3: Florin555330 (button) (small blind) folded before Flop
Seat 4: PelonCabelao (big blind) collected ($2)


PokerStars Hand #146187821073:  Hold'em Limit ($3/$6 USD) - 2015/12/30 15:16:41 ET
Table 'Wempe II' 6-max Seat #4 is the button
Seat 3: Florin555330 ($345.82 in chips)
Seat 4: PelonCabelao ($85.18 in chips)
PelonCabelao: posts small blind $1
Bublis: is sitting out
Florin555330: posts big blind $3
*** HOLE CARDS ***
Bublis leaves the table
PelonCabelao: raises $3 to $6
Florin555330: calls $3
*** FLOP *** [3s 9d Qc]
Florin555330: checks
PelonCabelao: bets $3
Florin555330: calls $3
*** TURN *** [3s 9d Qc] [Jh]
Florin555330: checks
PelonCabelao: bets $6
Florin555330: folds
Uncalled bet ($6) returned to PelonCabelao
PelonCabelao collected $17.64 from pot
PelonCabelao: doesn't show hand
*** SUMMARY ***
Total pot $18 | Rake $0.36
Board [3s 9d Qc Jh]
Seat 3: Florin555330 (big blind) folded on the Turn
Seat 4: PelonCabelao (button) (small blind) collected ($17.64)


PokerStars Hand #146191149491:  Hold'em Limit ($3/$6 USD) - 2015/12/30 16:11:53 ET
Table 'Wempe II' 6-max Seat #4 is the button
Seat 1: lordlebedev ($123.99 in chips)
Seat 4: PelonCabelao ($268 in chips)
PelonCabelao: posts small blind $1
lordlebedev: posts big blind $3
*** HOLE CARDS ***
PelonCabelao: raises $3 to $6
lordlebedev: calls $3
*** FLOP *** [Jh 6c Qc]
lordlebedev: checks
PelonCabelao: bets $3
lordlebedev: calls $3
*** TURN *** [Jh 6c Qc] [5c]
lordlebedev: checks
PelonCabelao: bets $6
lordlebedev: calls $6
*** RIVER *** [Jh 6c Qc 5c] [7h]
lordlebedev: checks
PelonCabelao: bets $6
lordlebedev: calls $6
*** SHOW DOWN ***
PelonCabelao: shows [3d 4c] (a straight, Three to Seven)
lordlebedev: mucks hand
PelonCabelao collected $41.50 from pot
*** SUMMARY ***
Total pot $42 | Rake $0.50
Board [Jh 6c Qc 5c 7h]
Seat 1: lordlebedev (big blind) mucked
Seat 4: PelonCabelao (button) (small blind) showed [3d 4c] and won ($41.50) with a straight, Three to Seven


PokerStars Hand #146191144209:  Hold'em Limit ($3/$6 USD) - 2015/12/30 16:11:48 ET
Table 'Wempe II' 6-max Seat #1 is the button
Seat 1: lordlebedev ($124.99 in chips)
Seat 4: PelonCabelao ($267 in chips)
lordlebedev: posts small blind $1
Chessnok was removed from the table for failing to post
PelonCabelao: posts big blind $3
*** HOLE CARDS ***
lordlebedev: folds
Uncalled bet ($2) returned to PelonCabelao
PelonCabelao collected $2 from pot
PelonCabelao: doesn't show hand
*** SUMMARY ***
Total pot $2 | Rake $0
Seat 1: lordlebedev (button) (small blind) folded before Flop
Seat 4: PelonCabelao (big blind) collected ($2)


PokerStars Hand #146191101004:  Hold'em Limit ($3/$6 USD) - 2015/12/30 16:11:06 ET
Table 'Wempe II' 6-max Seat #4 is the button
Seat 1: lordlebedev ($116.35 in chips)
Seat 4: PelonCabelao ($276 in chips)
PelonCabelao: posts small blind $1
Xerxesklonk: is sitting out
lordlebedev: posts big blind $3
*** HOLE CARDS ***
PelonCabelao: raises $3 to $6
lordlebedev: calls $3
*** FLOP *** [2s 6d 4d]
Xerxesklonk leaves the table
lordlebedev: checks
PelonCabelao: bets $3
lordlebedev: calls $3
*** TURN *** [2s 6d 4d] [3s]
lordlebedev: checks
PelonCabelao: checks
*** RIVER *** [2s 6d 4d 3s] [Td]
lordlebedev: bets $6
PelonCabelao: folds
Uncalled bet ($6) returned to lordlebedev
lordlebedev collected $17.64 from pot
*** SUMMARY ***
Total pot $18 | Rake $0.36
Board [2s 6d 4d 3s Td]
Seat 1: lordlebedev (big blind) collected ($17.64)
Seat 4: PelonCabelao (button) (small blind) folded on the River


PokerStars Hand #146191209729:  Hold'em Limit ($3/$6 USD) - 2015/12/30 16:12:51 ET
Table 'Wempe II' 6-max Seat #4 is the button
Seat 1: lordlebedev ($123.49 in chips)
Seat 4: PelonCabelao ($267.50 in chips)
Chessnok joins the table at seat #3
PelonCabelao: posts small blind $1
lordlebedev: posts big blind $3
*** HOLE CARDS ***
PelonCabelao: raises $3 to $6
lordlebedev: calls $3
*** FLOP *** [4c 5d 2s]
lordlebedev: checks
PelonCabelao: bets $3
lordlebedev: calls $3
*** TURN *** [4c 5d 2s] [3c]
lordlebedev: checks
PelonCabelao: bets $6
lordlebedev: calls $6
*** RIVER *** [4c 5d 2s 3c] [3d]
lordlebedev: checks
PelonCabelao: bets $6
lordlebedev: calls $6
*** SHOW DOWN ***
PelonCabelao: shows [8c 7c] (a pair of Threes)
lordlebedev: shows [4s Qd] (two pair, Fours and Threes)
lordlebedev collected $41.50 from pot
*** SUMMARY ***
Total pot $42 | Rake $0.50
Board [4c 5d 2s 3c 3d]
Seat 1: lordlebedev (big blind) showed [4s Qd] and won ($41.50) with two pair, Fours and Threes
Seat 4: PelonCabelao (button) (small blind) showed [8c 7c] and lost with a pair of Threes


PokerStars Hand #146191189096:  Hold'em Limit ($3/$6 USD) - 2015/12/30 16:12:31 ET
Table 'Wempe II' 6-max Seat #1 is the button
Seat 1: lordlebedev ($102.99 in chips)
Seat 4: PelonCabelao ($288.50 in chips)
lordlebedev: posts small blind $1
vestimokrec was removed from the table for failing to post
PelonCabelao: posts big blind $3
*** HOLE CARDS ***
lordlebedev: calls $2
PelonCabelao: checks
*** FLOP *** [5s Ks 7d]
PelonCabelao: checks
lordlebedev: bets $3
vestimokrec joins the table at seat #2
PelonCabelao: raises $3 to $6
lordlebedev: calls $3
*** TURN *** [5s Ks 7d] [Qh]
PelonCabelao: bets $6
lordlebedev: calls $6
*** RIVER *** [5s Ks 7d Qh] [9s]
PelonCabelao: bets $6
lordlebedev: calls $6
*** SHOW DOWN ***
PelonCabelao: shows [3c 6h] (high card King)
lordlebedev: shows [9c 8c] (a pair of Nines)
lordlebedev collected $41.50 from pot
*** SUMMARY ***
Total pot $42 | Rake $0.50
Board [5s Ks 7d Qh 9s]
Seat 1: lordlebedev (button) (small blind) showed [9c 8c] and won ($41.50) with a pair of Nines
Seat 4: PelonCabelao (big blind) showed [3c 6h] and lost with high card King


PokerStars Hand #146193120316:  Hold'em Limit ($3/$6 USD) - 2015/12/30 16:43:48 ET
Table 'Wempe II' 6-max Seat #5 is the button
Seat 1: Pandakey ($85 in chips)
Seat 5: soakas ($65 in chips)
PelonCabelao will be allowed to play after the button
soakas: posts small blind $1
Tichonov28: is sitting out
Pandakey: posts big blind $3
*** HOLE CARDS ***
soakas: folds
Uncalled bet ($2) returned to Pandakey
Pandakey collected $2 from pot
Pandakey: doesn't show hand
*** SUMMARY ***
Total pot $2 | Rake $0
Seat 1: Pandakey (big blind) collected ($2)
Seat 5: soakas (button) (small blind) folded before Flop


PokerStars Hand #146193682141:  Hold'em Limit ($3/$6 USD) - 2015/12/30 16:50:53 ET
Table 'Wempe II' 6-max Seat #4 is the button
Seat 2: Naban515 ($27.07 in chips)
Seat 4: PelonCabelao ($95.68 in chips)
PelonCabelao: posts small blind $1
Naban515: posts big blind $3
*** HOLE CARDS ***
PelonCabelao: raises $3 to $6
Naban515: raises $3 to $9
PelonCabelao: calls $3
*** FLOP *** [9c Ah 2c]
Naban515: bets $3
PelonCabelao: calls $3
*** TURN *** [9c Ah 2c] [Th]
Naban515: bets $6
PelonCabelao: raises $6 to $12
Naban515: calls $6
*** RIVER *** [9c Ah 2c Th] [As]
Naban515: checks
PelonCabelao: bets $6
Naban515: folds
Uncalled bet ($6) returned to PelonCabelao
PelonCabelao collected $47.50 from pot
PelonCabelao: doesn't show hand
*** SUMMARY ***
Total pot $48 | Rake $0.50
Board [9c Ah 2c Th As]
Seat 2: Naban515 (big blind) folded on the River
Seat 4: PelonCabelao (button) (small blind) collected ($47.50)


PokerStars Hand #146193771132:  Hold'em Limit ($3/$6 USD) - 2015/12/30 16:51:52 ET
Table 'Wempe II' 6-max Seat #2 is the button
Seat 2: Naban515 ($3.07 in chips)
Seat 4: PelonCabelao ($119.18 in chips)
Naban515: posts small blind $1
PelonCabelao: posts big blind $3
*** HOLE CARDS ***
Naban515: raises $0.07 to $3.07 and is all-in
PelonCabelao: calls $0.07
*** FLOP *** [Qs 4c 6c]
*** TURN *** [Qs 4c 6c] [5c]
*** RIVER *** [Qs 4c 6c 5c] [7c]
*** SHOW DOWN ***
PelonCabelao: shows [6d Qd] (two pair, Queens and Sixes)
Naban515: shows [Th Kh] (high card King)
PelonCabelao collected $6.02 from pot
*** SUMMARY ***
Total pot $6.14 | Rake $0.12
Board [Qs 4c 6c 5c 7c]
Seat 2: Naban515 (button) (small blind) showed [Th Kh] and lost with high card King
Seat 4: PelonCabelao (big blind) showed [6d Qd] and won ($6.02) with two pair, Queens and Sixes


PokerStars Hand #146193796744:  Hold'em Limit ($3/$6 USD) - 2015/12/30 16:52:11 ET
Table 'Wempe II' 6-max Seat #4 is the button
Seat 1: Pandakey ($71.53 in chips)
Seat 4: PelonCabelao ($122.13 in chips)
PelonCabelao: posts small blind $1
soakas was removed from the table for failing to post
Pandakey: posts big blind $3
*** HOLE CARDS ***
PelonCabelao: raises $3 to $6
Naban515 leaves the table
Pandakey: calls $3
*** FLOP *** [3c Kd Jd]
Pandakey: checks
PelonCabelao: bets $3
Pandakey: folds
Uncalled bet ($3) returned to PelonCabelao
PelonCabelao collected $11.76 from pot
PelonCabelao: doesn't show hand
*** SUMMARY ***
Total pot $12 | Rake $0.24
Board [3c Kd Jd]
Seat 1: Pandakey (big blind) folded on the Flop
Seat 4: PelonCabelao (button) (small blind) collected ($11.76)


PokerStars Hand #146193891814:  Hold'em Limit ($3/$6 USD) - 2015/12/30 16:53:15 ET
Table 'Wempe II' 6-max Seat #4 is the button
Seat 1: Pandakey ($47.53 in chips)
Seat 4: PelonCabelao ($145.39 in chips)
PelonCabelao: posts small blind $1
Pandakey: posts big blind $3
*** HOLE CARDS ***
PelonCabelao: raises $3 to $6
Pandakey: folds
Uncalled bet ($3) returned to PelonCabelao
PelonCabelao collected $6 from pot
PelonCabelao: doesn't show hand
*** SUMMARY ***
Total pot $6 | Rake $0
Seat 1: Pandakey (big blind) folded before Flop
Seat 4: PelonCabelao (button) (small blind) collected ($6)


PokerStars Hand #146193839356:  Hold'em Limit ($3/$6 USD) - 2015/12/30 16:52:40 ET
Table 'Wempe II' 6-max Seat #1 is the button
Seat 1: Pandakey ($65.53 in chips)
Seat 4: PelonCabelao ($127.89 in chips)
Pandakey: posts small blind $1
PelonCabelao: posts big blind $3
*** HOLE CARDS ***
Pandakey: raises $3 to $6
PelonCabelao: calls $3
*** FLOP *** [8h Ks 6c]
PelonCabelao: checks
Pandakey: checks
*** TURN *** [8h Ks 6c] [4h]
PelonCabelao: bets $6
Pandakey: calls $6
*** RIVER *** [8h Ks 6c 4h] [7d]
PelonCabelao: bets $6
Pandakey: calls $6
*** SHOW DOWN ***
PelonCabelao: shows [3d Kh] (a pair of Kings)
Pandakey: mucks hand
PelonCabelao collected $35.50 from pot
*** SUMMARY ***
Total pot $36 | Rake $0.50
Board [8h Ks 6c 4h 7d]
Seat 1: Pandakey (button) (small blind) mucked
Seat 4: PelonCabelao (big blind) showed [3d Kh] and won ($35.50) with a pair of Kings


PokerStars Hand #146193912642:  Hold'em Limit ($3/$6 USD) - 2015/12/30 16:53:29 ET
Table 'Wempe II' 6-max Seat #1 is the button
Seat 1: Pandakey ($44.53 in chips)
Seat 4: PelonCabelao ($148.39 in chips)
Pandakey: posts small blind $1
PelonCabelao: posts big blind $3
*** HOLE CARDS ***
Pandakey: folds
Uncalled bet ($2) returned to PelonCabelao
PelonCabelao collected $2 from pot
*** SUMMARY ***
Total pot $2 | Rake $0
Seat 1: Pandakey (button) (small blind) folded before Flop
Seat 4: PelonCabelao (big blind) collected ($2)


PokerStars Hand #146193961414:  Hold'em Limit ($3/$6 USD) - 2015/12/30 16:54:04 ET
Table 'Wempe II' 6-max Seat #4 is the button
Seat 1: Pandakey ($43.53 in chips)
Seat 4: Shara.Vi ($99.52 in chips)
Shara.Vi: posts small blind $1
Pandakey: posts big blind $3
*** HOLE CARDS ***
Shara.Vi: raises $3 to $6
vestimokrec joins the table at seat #5
Pandakey: calls $3
*** FLOP *** [3c 8s 2h]
Pandakey: checks
Shara.Vi: bets $3
Pandakey: raises $3 to $6
Shara.Vi: calls $3
*** TURN *** [3c 8s 2h] [6c]
Pandakey: bets $6
Shara.Vi: calls $6
*** RIVER *** [3c 8s 2h 6c] [Kd]
Pandakey: bets $6
Shara.Vi: folds
Uncalled bet ($6) returned to Pandakey
Pandakey collected $35.50 from pot
Pandakey: doesn't show hand
*** SUMMARY ***
Total pot $36 | Rake $0.50
Board [3c 8s 2h 6c Kd]
Seat 1: Pandakey (big blind) collected ($35.50)
Seat 4: Shara.Vi (button) (small blind) folded on the River


PokerStars Hand #146194011530:  Hold'em Limit ($3/$6 USD) - 2015/12/30 16:54:45 ET
Table 'Wempe II' 6-max Seat #1 is the button
Seat 1: Pandakey ($61.03 in chips)
Seat 4: Shara.Vi ($81.52 in chips)
Pandakey: posts small blind $1
Shara.Vi: posts big blind $3
*** HOLE CARDS ***
Pandakey: raises $3 to $6
Shara.Vi: raises $3 to $9
Pandakey: calls $3
*** FLOP *** [7d 7h 2h]
Shara.Vi: bets $3
Azas joins the table at seat #6
Pandakey: calls $3
*** TURN *** [7d 7h 2h] [7s]
Shara.Vi: bets $6
Pandakey: calls $6
*** RIVER *** [7d 7h 2h 7s] [6c]
Shara.Vi: bets $6
Pandakey: calls $6
*** SHOW DOWN ***
Shara.Vi: shows [3d Qs] (three of a kind, Sevens)
Pandakey: shows [As Ts] (three of a kind, Sevens - Ace kicker)
Pandakey collected $47.50 from pot
*** SUMMARY ***
Total pot $48 | Rake $0.50
Board [7d 7h 2h 7s 6c]
Seat 1: Pandakey (button) (small blind) showed [As Ts] and won ($47.50) with three of a kind, Sevens
Seat 4: Shara.Vi (big blind) showed [3d Qs] and lost with three of a kind, Sevens


PokerStars Hand #146200633387:  Hold'em Limit ($3/$6 USD) - 2015/12/30 18:49:44 ET
Table 'Wempe II' 6-max Seat #6 is the button
Seat 2: Kajind ($126.70 in chips)
Seat 6: Chessnok ($344.42 in chips)
Chessnok: posts small blind $1
Tomfan666: is sitting out
Kajind: posts big blind $3
*** HOLE CARDS ***
Chessnok: raises $3 to $6
Kajind: calls $3
*** FLOP *** [3c 9d 9c]
Kajind: checks
Chessnok: bets $3
Kajind: calls $3
*** TURN *** [3c 9d 9c] [7c]
Kajind: checks
Chessnok: checks
*** RIVER *** [3c 9d 9c 7c] [Td]
Kajind: checks
Chessnok: bets $6
Kajind: folds
Uncalled bet ($6) returned to Chessnok
Chessnok collected $17.64 from pot
Chessnok: doesn't show hand
*** SUMMARY ***
Total pot $18 | Rake $0.36
Board [3c 9d 9c 7c Td]
Seat 2: Kajind (big blind) folded on the River
Seat 6: Chessnok (button) (small blind) collected ($17.64)


