PokerStars Hand #151689204367:  Hold'em Limit ($3/$6 USD) - 2016/04/09 20:00:04 ET
Table 'Wempe' 6-max Seat #3 is the button
Seat 2: BuzovaPro ($113.63 in chips)
Seat 3: Psycho Dompl ($88.75 in chips)
Psycho Dompl: posts small blind $1
BuzovaPro: posts big blind $3
*** HOLE CARDS ***
Psycho Dompl: raises $3 to $6
BuzovaPro: calls $3
*** FLOP *** [4d 9s Qc]
BuzovaPro: checks
Psycho Dompl: bets $3
BuzovaPro: calls $3
*** TURN *** [4d 9s Qc] [2c]
BuzovaPro: checks
Psycho Dompl: checks
*** RIVER *** [4d 9s Qc 2c] [8s]
BuzovaPro: bets $6
Psycho Dompl: raises $6 to $12
BuzovaPro: folds
Uncalled bet ($6) returned to Psycho Dompl
Psycho Dompl collected $29.50 from pot
*** SUMMARY ***
Total pot $30 | Rake $0.50
Board [4d 9s Qc 2c 8s]
Seat 2: BuzovaPro (big blind) folded on the River
Seat 3: Psycho Dompl (button) (small blind) collected ($29.50)


PokerStars Hand #151689238470:  Hold'em Limit ($3/$6 USD) - 2016/04/09 20:01:11 ET
Table 'Wempe' 6-max Seat #3 is the button
Seat 2: BuzovaPro ($89.63 in chips)
Seat 3: Psycho Dompl ($111.89 in chips)
Psycho Dompl: posts small blind $1
BuzovaPro: posts big blind $3
*** HOLE CARDS ***
Psycho Dompl: raises $3 to $6
BuzovaPro: folds
Uncalled bet ($3) returned to Psycho Dompl
Psycho Dompl collected $6 from pot
*** SUMMARY ***
Total pot $6 | Rake $0
Seat 2: BuzovaPro (big blind) folded before Flop
Seat 3: Psycho Dompl (button) (small blind) collected ($6)


PokerStars Hand #151689225622:  Hold'em Limit ($3/$6 USD) - 2016/04/09 20:00:46 ET
Table 'Wempe' 6-max Seat #2 is the button
Seat 2: BuzovaPro ($98.63 in chips)
Seat 3: Psycho Dompl ($103.25 in chips)
BuzovaPro: posts small blind $1
Psycho Dompl: posts big blind $3
*** HOLE CARDS ***
BuzovaPro: raises $3 to $6
Psycho Dompl: calls $3
*** FLOP *** [8h 5d 4s]
Psycho Dompl: checks
BuzovaPro: bets $3
Psycho Dompl: calls $3
*** TURN *** [8h 5d 4s] [4d]
Psycho Dompl: checks
BuzovaPro: checks
*** RIVER *** [8h 5d 4s 4d] [3h]
Psycho Dompl: checks
BuzovaPro: checks
*** SHOW DOWN ***
Psycho Dompl: shows [5c Qc] (two pair, Fives and Fours)
BuzovaPro: mucks hand
Psycho Dompl collected $17.64 from pot
*** SUMMARY ***
Total pot $18 | Rake $0.36
Board [8h 5d 4s 4d 3h]
Seat 2: BuzovaPro (button) (small blind) mucked
Seat 3: Psycho Dompl (big blind) showed [5c Qc] and won ($17.64) with two pair, Fives and Fours


PokerStars Hand #151689241768:  Hold'em Limit ($3/$6 USD) - 2016/04/09 20:01:17 ET
Table 'Wempe' 6-max Seat #2 is the button
Seat 2: BuzovaPro ($86.63 in chips)
Seat 3: Psycho Dompl ($114.89 in chips)
BuzovaPro: posts small blind $1
Psycho Dompl: posts big blind $3
*** HOLE CARDS ***
BuzovaPro: raises $3 to $6
Psycho Dompl: folds
Uncalled bet ($3) returned to BuzovaPro
BuzovaPro collected $6 from pot
BuzovaPro: doesn't show hand
*** SUMMARY ***
Total pot $6 | Rake $0
Seat 2: BuzovaPro (button) (small blind) collected ($6)
Seat 3: Psycho Dompl (big blind) folded before Flop


PokerStars Hand #151689247670:  Hold'em Limit ($3/$6 USD) - 2016/04/09 20:01:28 ET
Table 'Wempe' 6-max Seat #3 is the button
Seat 2: BuzovaPro ($89.63 in chips)
Seat 3: Psycho Dompl ($111.89 in chips)
Psycho Dompl: posts small blind $1
BuzovaPro: posts big blind $3
*** HOLE CARDS ***
Psycho Dompl: calls $2
BuzovaPro: raises $3 to $6
Psycho Dompl: calls $3
*** FLOP *** [Ks 2c Ad]
BuzovaPro: bets $3
Psycho Dompl: folds
Uncalled bet ($3) returned to BuzovaPro
BuzovaPro collected $11.76 from pot
BuzovaPro: doesn't show hand
*** SUMMARY ***
Total pot $12 | Rake $0.24
Board [Ks 2c Ad]
Seat 2: BuzovaPro (big blind) collected ($11.76)
Seat 3: Psycho Dompl (button) (small blind) folded on the Flop


PokerStars Hand #151689255881:  Hold'em Limit ($3/$6 USD) - 2016/04/09 20:01:43 ET
Table 'Wempe' 6-max Seat #2 is the button
Seat 2: BuzovaPro ($95.39 in chips)
Seat 3: Psycho Dompl ($105.89 in chips)
BuzovaPro: posts small blind $1
Psycho Dompl: posts big blind $3
*** HOLE CARDS ***
BuzovaPro: folds
Uncalled bet ($2) returned to Psycho Dompl
Psycho Dompl collected $2 from pot
*** SUMMARY ***
Total pot $2 | Rake $0
Seat 2: BuzovaPro (button) (small blind) folded before Flop
Seat 3: Psycho Dompl (big blind) collected ($2)


PokerStars Hand #151689259158:  Hold'em Limit ($3/$6 USD) - 2016/04/09 20:01:49 ET
Table 'Wempe' 6-max Seat #3 is the button
Seat 2: BuzovaPro ($94.39 in chips)
Seat 3: Psycho Dompl ($106.89 in chips)
Psycho Dompl: posts small blind $1
BuzovaPro: posts big blind $3
*** HOLE CARDS ***
Psycho Dompl: raises $3 to $6
BuzovaPro: calls $3
*** FLOP *** [Js 8h 9h]
BuzovaPro: checks
Psycho Dompl: checks
*** TURN *** [Js 8h 9h] [Kd]
BuzovaPro: bets $6
Psycho Dompl: folds
Uncalled bet ($6) returned to BuzovaPro
BuzovaPro collected $11.76 from pot
BuzovaPro: doesn't show hand
*** SUMMARY ***
Total pot $12 | Rake $0.24
Board [Js 8h 9h Kd]
Seat 2: BuzovaPro (big blind) collected ($11.76)
Seat 3: Psycho Dompl (button) (small blind) folded on the Turn


PokerStars Hand #151689271713:  Hold'em Limit ($3/$6 USD) - 2016/04/09 20:02:12 ET
Table 'Wempe' 6-max Seat #2 is the button
Seat 2: BuzovaPro ($100.15 in chips)
Seat 3: Psycho Dompl ($100.89 in chips)
BuzovaPro: posts small blind $1
Psycho Dompl: posts big blind $3
*** HOLE CARDS ***
BuzovaPro: raises $3 to $6
Psycho Dompl: calls $3
*** FLOP *** [Qh Ah 7h]
Psycho Dompl: checks
BuzovaPro: bets $3
Psycho Dompl: calls $3
*** TURN *** [Qh Ah 7h] [2d]
Psycho Dompl: checks
BuzovaPro: bets $6
Psycho Dompl: folds
Uncalled bet ($6) returned to BuzovaPro
BuzovaPro collected $17.64 from pot
BuzovaPro: doesn't show hand
*** SUMMARY ***
Total pot $18 | Rake $0.36
Board [Qh Ah 7h 2d]
Seat 2: BuzovaPro (button) (small blind) collected ($17.64)
Seat 3: Psycho Dompl (big blind) folded on the Turn


PokerStars Hand #151689287591:  Hold'em Limit ($3/$6 USD) - 2016/04/09 20:02:40 ET
Table 'Wempe' 6-max Seat #3 is the button
Seat 2: BuzovaPro ($108.79 in chips)
Seat 3: Psycho Dompl ($91.89 in chips)
Psycho Dompl: posts small blind $1
BuzovaPro: posts big blind $3
*** HOLE CARDS ***
Psycho Dompl: raises $3 to $6
BuzovaPro: folds
Uncalled bet ($3) returned to Psycho Dompl
Psycho Dompl collected $6 from pot
*** SUMMARY ***
Total pot $6 | Rake $0
Seat 2: BuzovaPro (big blind) folded before Flop
Seat 3: Psycho Dompl (button) (small blind) collected ($6)


PokerStars Hand #151689305402:  Hold'em Limit ($3/$6 USD) - 2016/04/09 20:03:12 ET
Table 'Wempe' 6-max Seat #3 is the button
Seat 2: BuzovaPro ($108.79 in chips)
Seat 3: Psycho Dompl ($91.89 in chips)
Psycho Dompl: posts small blind $1
BuzovaPro: posts big blind $3
*** HOLE CARDS ***
Psycho Dompl: folds
Uncalled bet ($2) returned to BuzovaPro
BuzovaPro collected $2 from pot
BuzovaPro: doesn't show hand
*** SUMMARY ***
Total pot $2 | Rake $0
Seat 2: BuzovaPro (big blind) collected ($2)
Seat 3: Psycho Dompl (button) (small blind) folded before Flop


PokerStars Hand #151689294190:  Hold'em Limit ($3/$6 USD) - 2016/04/09 20:02:52 ET
Table 'Wempe' 6-max Seat #2 is the button
Seat 2: BuzovaPro ($105.79 in chips)
Seat 3: Psycho Dompl ($94.89 in chips)
BuzovaPro: posts small blind $1
Psycho Dompl: posts big blind $3
*** HOLE CARDS ***
BuzovaPro: raises $3 to $6
Psycho Dompl: folds
Uncalled bet ($3) returned to BuzovaPro
BuzovaPro collected $6 from pot
BuzovaPro: doesn't show hand
*** SUMMARY ***
Total pot $6 | Rake $0
Seat 2: BuzovaPro (button) (small blind) collected ($6)
Seat 3: Psycho Dompl (big blind) folded before Flop


PokerStars Hand #151689351998:  Hold'em Limit ($3/$6 USD) - 2016/04/09 20:04:35 ET
Table 'Wempe' 6-max Seat #2 is the button
Seat 2: BuzovaPro ($106.31 in chips)
Seat 3: Psycho Dompl ($93.39 in chips)
BuzovaPro: posts small blind $1
Psycho Dompl: posts big blind $3
*** HOLE CARDS ***
BuzovaPro: folds
Uncalled bet ($2) returned to Psycho Dompl
Psycho Dompl collected $2 from pot
*** SUMMARY ***
Total pot $2 | Rake $0
Seat 2: BuzovaPro (button) (small blind) folded before Flop
Seat 3: Psycho Dompl (big blind) collected ($2)


PokerStars Hand #151689355291:  Hold'em Limit ($3/$6 USD) - 2016/04/09 20:04:41 ET
Table 'Wempe' 6-max Seat #3 is the button
Seat 2: BuzovaPro ($105.31 in chips)
Seat 3: Psycho Dompl ($94.39 in chips)
Psycho Dompl: posts small blind $1
BuzovaPro: posts big blind $3
*** HOLE CARDS ***
Psycho Dompl: calls $2
BuzovaPro: checks
*** FLOP *** [Ac 9c 5h]
BuzovaPro: checks
Psycho Dompl: checks
*** TURN *** [Ac 9c 5h] [3s]
BuzovaPro: bets $6
Psycho Dompl: folds
Uncalled bet ($6) returned to BuzovaPro
BuzovaPro collected $5.88 from pot
BuzovaPro: doesn't show hand
*** SUMMARY ***
Total pot $6 | Rake $0.12
Board [Ac 9c 5h 3s]
Seat 2: BuzovaPro (big blind) collected ($5.88)
Seat 3: Psycho Dompl (button) (small blind) folded on the Turn


PokerStars Hand #151689308846:  Hold'em Limit ($3/$6 USD) - 2016/04/09 20:03:18 ET
Table 'Wempe' 6-max Seat #2 is the button
Seat 2: BuzovaPro ($109.79 in chips)
Seat 3: Psycho Dompl ($90.89 in chips)
BuzovaPro: posts small blind $1
Psycho Dompl: posts big blind $3
*** HOLE CARDS ***
BuzovaPro: raises $3 to $6
Psycho Dompl: calls $3
*** FLOP *** [7h 6c 9d]
Psycho Dompl: checks
BuzovaPro: bets $3
Psycho Dompl: calls $3
*** TURN *** [7h 6c 9d] [2s]
Psycho Dompl: checks
BuzovaPro: bets $6
Psycho Dompl: calls $6
*** RIVER *** [7h 6c 9d 2s] [Tc]
Psycho Dompl: checks
BuzovaPro: checks
*** SHOW DOWN ***
Psycho Dompl: shows [8h Th] (a straight, Six to Ten)
BuzovaPro: mucks hand
Psycho Dompl collected $29.50 from pot
*** SUMMARY ***
Total pot $30 | Rake $0.50
Board [7h 6c 9d 2s Tc]
Seat 2: BuzovaPro (button) (small blind) mucked
Seat 3: Psycho Dompl (big blind) showed [8h Th] and won ($29.50) with a straight, Six to Ten


PokerStars Hand #151689334018:  Hold'em Limit ($3/$6 USD) - 2016/04/09 20:04:03 ET
Table 'Wempe' 6-max Seat #3 is the button
Seat 2: BuzovaPro ($94.79 in chips)
Seat 3: Psycho Dompl ($105.39 in chips)
Psycho Dompl: posts small blind $1
BuzovaPro: posts big blind $3
*** HOLE CARDS ***
Psycho Dompl: calls $2
BuzovaPro: checks
*** FLOP *** [7c 7s Kc]
BuzovaPro: checks
Psycho Dompl: bets $3
BuzovaPro: calls $3
*** TURN *** [7c 7s Kc] [Jc]
BuzovaPro: checks
Psycho Dompl: bets $6
BuzovaPro: raises $6 to $12
Psycho Dompl: folds
Uncalled bet ($6) returned to BuzovaPro
BuzovaPro collected $23.52 from pot
BuzovaPro: doesn't show hand
*** SUMMARY ***
Total pot $24 | Rake $0.48
Board [7c 7s Kc Jc]
Seat 2: BuzovaPro (big blind) collected ($23.52)
Seat 3: Psycho Dompl (button) (small blind) folded on the Turn


PokerStars Hand #151689367886:  Hold'em Limit ($3/$6 USD) - 2016/04/09 20:05:03 ET
Table 'Wempe' 6-max Seat #3 is the button
Seat 2: BuzovaPro ($107.19 in chips)
Seat 3: Psycho Dompl ($92.39 in chips)
Psycho Dompl: posts small blind $1
BuzovaPro: posts big blind $3
*** HOLE CARDS ***
Psycho Dompl: folds
Uncalled bet ($2) returned to BuzovaPro
BuzovaPro collected $2 from pot
BuzovaPro: doesn't show hand
*** SUMMARY ***
Total pot $2 | Rake $0
Seat 2: BuzovaPro (big blind) collected ($2)
Seat 3: Psycho Dompl (button) (small blind) folded before Flop


PokerStars Hand #151689364602:  Hold'em Limit ($3/$6 USD) - 2016/04/09 20:04:57 ET
Table 'Wempe' 6-max Seat #2 is the button
Seat 2: BuzovaPro ($108.19 in chips)
Seat 3: Psycho Dompl ($91.39 in chips)
BuzovaPro: posts small blind $1
Psycho Dompl: posts big blind $3
*** HOLE CARDS ***
BuzovaPro: folds
Uncalled bet ($2) returned to Psycho Dompl
Psycho Dompl collected $2 from pot
*** SUMMARY ***
Total pot $2 | Rake $0
Seat 2: BuzovaPro (button) (small blind) folded before Flop
Seat 3: Psycho Dompl (big blind) collected ($2)


PokerStars Hand #151689370537:  Hold'em Limit ($3/$6 USD) - 2016/04/09 20:05:08 ET
Table 'Wempe' 6-max Seat #2 is the button
Seat 2: BuzovaPro ($108.19 in chips)
Seat 3: Psycho Dompl ($91.39 in chips)
BuzovaPro: posts small blind $1
Psycho Dompl: posts big blind $3
*** HOLE CARDS ***
BuzovaPro: raises $3 to $6
Psycho Dompl: folds
Uncalled bet ($3) returned to BuzovaPro
BuzovaPro collected $6 from pot
BuzovaPro: doesn't show hand
*** SUMMARY ***
Total pot $6 | Rake $0
Seat 2: BuzovaPro (button) (small blind) collected ($6)
Seat 3: Psycho Dompl (big blind) folded before Flop


PokerStars Hand #151689379079:  Hold'em Limit ($3/$6 USD) - 2016/04/09 20:05:23 ET
Table 'Wempe' 6-max Seat #2 is the button
Seat 2: BuzovaPro ($108.19 in chips)
Seat 3: Psycho Dompl ($91.39 in chips)
BuzovaPro: posts small blind $1
Psycho Dompl: posts big blind $3
*** HOLE CARDS ***
BuzovaPro: raises $3 to $6
Psycho Dompl: folds
Uncalled bet ($3) returned to BuzovaPro
BuzovaPro collected $6 from pot
BuzovaPro: doesn't show hand
*** SUMMARY ***
Total pot $6 | Rake $0
Seat 2: BuzovaPro (button) (small blind) collected ($6)
Seat 3: Psycho Dompl (big blind) folded before Flop


PokerStars Hand #151689375071:  Hold'em Limit ($3/$6 USD) - 2016/04/09 20:05:16 ET
Table 'Wempe' 6-max Seat #3 is the button
Seat 2: BuzovaPro ($111.19 in chips)
Seat 3: Psycho Dompl ($88.39 in chips)
Psycho Dompl: posts small blind $1
BuzovaPro: posts big blind $3
*** HOLE CARDS ***
Psycho Dompl: raises $3 to $6
BuzovaPro: folds
Uncalled bet ($3) returned to Psycho Dompl
Psycho Dompl collected $6 from pot
*** SUMMARY ***
Total pot $6 | Rake $0
Seat 2: BuzovaPro (big blind) folded before Flop
Seat 3: Psycho Dompl (button) (small blind) collected ($6)


PokerStars Hand #151689382236:  Hold'em Limit ($3/$6 USD) - 2016/04/09 20:05:29 ET
Table 'Wempe' 6-max Seat #3 is the button
Seat 2: BuzovaPro ($111.19 in chips)
Seat 3: Psycho Dompl ($88.39 in chips)
Psycho Dompl: posts small blind $1
BuzovaPro: posts big blind $3
*** HOLE CARDS ***
Psycho Dompl: raises $3 to $6
BuzovaPro: calls $3
*** FLOP *** [Tc 2h 4d]
BuzovaPro: checks
Psycho Dompl: bets $3
BuzovaPro: calls $3
*** TURN *** [Tc 2h 4d] [Ac]
BuzovaPro: checks
Psycho Dompl: checks
*** RIVER *** [Tc 2h 4d Ac] [5c]
BuzovaPro: bets $6
Psycho Dompl: folds
Uncalled bet ($6) returned to BuzovaPro
BuzovaPro collected $17.64 from pot
BuzovaPro: doesn't show hand
*** SUMMARY ***
Total pot $18 | Rake $0.36
Board [Tc 2h 4d Ac 5c]
Seat 2: BuzovaPro (big blind) collected ($17.64)
Seat 3: Psycho Dompl (button) (small blind) folded on the River


PokerStars Hand #151689393455:  Hold'em Limit ($3/$6 USD) - 2016/04/09 20:05:49 ET
Table 'Wempe' 6-max Seat #2 is the button
Seat 2: BuzovaPro ($119.83 in chips)
Seat 3: Psycho Dompl ($79.39 in chips)
BuzovaPro: posts small blind $1
Psycho Dompl: posts big blind $3
*** HOLE CARDS ***
BuzovaPro: raises $3 to $6
Psycho Dompl: raises $3 to $9
BuzovaPro: calls $3
*** FLOP *** [Qc 5h Th]
Psycho Dompl: bets $3
BuzovaPro: folds
Uncalled bet ($3) returned to Psycho Dompl
Psycho Dompl collected $17.64 from pot
*** SUMMARY ***
Total pot $18 | Rake $0.36
Board [Qc 5h Th]
Seat 2: BuzovaPro (button) (small blind) folded on the Flop
Seat 3: Psycho Dompl (big blind) collected ($17.64)


PokerStars Hand #151689429628:  Hold'em Limit ($3/$6 USD) - 2016/04/09 20:06:54 ET
Table 'Wempe' 6-max Seat #2 is the button
Seat 2: BuzovaPro ($125.33 in chips)
Seat 3: Psycho Dompl ($73.03 in chips)
BuzovaPro: posts small blind $1
Psycho Dompl: posts big blind $3
*** HOLE CARDS ***
BuzovaPro: folds
Uncalled bet ($2) returned to Psycho Dompl
Psycho Dompl collected $2 from pot
*** SUMMARY ***
Total pot $2 | Rake $0
Seat 2: BuzovaPro (button) (small blind) folded before Flop
Seat 3: Psycho Dompl (big blind) collected ($2)


PokerStars Hand #151689402027:  Hold'em Limit ($3/$6 USD) - 2016/04/09 20:06:04 ET
Table 'Wempe' 6-max Seat #3 is the button
Seat 2: BuzovaPro ($110.83 in chips)
Seat 3: Psycho Dompl ($88.03 in chips)
Psycho Dompl: posts small blind $1
BuzovaPro: posts big blind $3
*** HOLE CARDS ***
Psycho Dompl: calls $2
BuzovaPro: raises $3 to $6
Psycho Dompl: calls $3
*** FLOP *** [Jd Qd 9d]
BuzovaPro: bets $3
Psycho Dompl: calls $3
*** TURN *** [Jd Qd 9d] [Jh]
BuzovaPro: checks
Psycho Dompl: bets $6
BuzovaPro: calls $6
*** RIVER *** [Jd Qd 9d Jh] [Ts]
BuzovaPro: bets $6
Psycho Dompl: folds
Uncalled bet ($6) returned to BuzovaPro
BuzovaPro collected $29.50 from pot
BuzovaPro: doesn't show hand
*** SUMMARY ***
Total pot $30 | Rake $0.50
Board [Jd Qd 9d Jh Ts]
Seat 2: BuzovaPro (big blind) collected ($29.50)
Seat 3: Psycho Dompl (button) (small blind) folded on the River


PokerStars Hand #151689445578:  Hold'em Limit ($3/$6 USD) - 2016/04/09 20:07:22 ET
Table 'Wempe' 6-max Seat #2 is the button
Seat 2: BuzovaPro ($121.33 in chips)
Seat 3: Psycho Dompl ($76.91 in chips)
BuzovaPro: posts small blind $1
Psycho Dompl: posts big blind $3
*** HOLE CARDS ***
BuzovaPro: folds
Uncalled bet ($2) returned to Psycho Dompl
Psycho Dompl collected $2 from pot
*** SUMMARY ***
Total pot $2 | Rake $0
Seat 2: BuzovaPro (button) (small blind) folded before Flop
Seat 3: Psycho Dompl (big blind) collected ($2)


PokerStars Hand #151689432576:  Hold'em Limit ($3/$6 USD) - 2016/04/09 20:06:59 ET
Table 'Wempe' 6-max Seat #3 is the button
Seat 2: BuzovaPro ($124.33 in chips)
Seat 3: Psycho Dompl ($74.03 in chips)
Psycho Dompl: posts small blind $1
BuzovaPro: posts big blind $3
*** HOLE CARDS ***
Psycho Dompl: calls $2
BuzovaPro: checks
*** FLOP *** [Ac Kh 4c]
BuzovaPro: checks
Psycho Dompl: bets $3
BuzovaPro: folds
Uncalled bet ($3) returned to Psycho Dompl
Psycho Dompl collected $5.88 from pot
*** SUMMARY ***
Total pot $6 | Rake $0.12
Board [Ac Kh 4c]
Seat 2: BuzovaPro (big blind) folded on the Flop
Seat 3: Psycho Dompl (button) (small blind) collected ($5.88)


PokerStars Hand #151689448885:  Hold'em Limit ($3/$6 USD) - 2016/04/09 20:07:28 ET
Table 'Wempe' 6-max Seat #3 is the button
Seat 2: BuzovaPro ($120.33 in chips)
Seat 3: Psycho Dompl ($77.91 in chips)
Psycho Dompl: posts small blind $1
BuzovaPro: posts big blind $3
*** HOLE CARDS ***
Psycho Dompl: raises $3 to $6
BuzovaPro: calls $3
*** FLOP *** [4c 7d 3d]
BuzovaPro: checks
Psycho Dompl: bets $3
BuzovaPro: calls $3
*** TURN *** [4c 7d 3d] [6d]
BuzovaPro: checks
Psycho Dompl: checks
*** RIVER *** [4c 7d 3d 6d] [2s]
BuzovaPro: bets $6
Psycho Dompl: raises $6 to $12
BuzovaPro: calls $6
*** SHOW DOWN ***
Psycho Dompl: shows [Qd Td] (a flush, Queen high)
BuzovaPro: mucks hand
Psycho Dompl collected $41.50 from pot
*** SUMMARY ***
Total pot $42 | Rake $0.50
Board [4c 7d 3d 6d 2s]
Seat 2: BuzovaPro (big blind) mucked
Seat 3: Psycho Dompl (button) (small blind) showed [Qd Td] and won ($41.50) with a flush, Queen high


PokerStars Hand #151689464713:  Hold'em Limit ($3/$6 USD) - 2016/04/09 20:07:57 ET
Table 'Wempe' 6-max Seat #2 is the button
Seat 2: BuzovaPro ($99.33 in chips)
Seat 3: Psycho Dompl ($98.41 in chips)
BuzovaPro: posts small blind $1
Psycho Dompl: posts big blind $3
*** HOLE CARDS ***
BuzovaPro: folds
Uncalled bet ($2) returned to Psycho Dompl
Psycho Dompl collected $2 from pot
*** SUMMARY ***
Total pot $2 | Rake $0
Seat 2: BuzovaPro (button) (small blind) folded before Flop
Seat 3: Psycho Dompl (big blind) collected ($2)


PokerStars Hand #151689467615:  Hold'em Limit ($3/$6 USD) - 2016/04/09 20:08:02 ET
Table 'Wempe' 6-max Seat #3 is the button
Seat 2: BuzovaPro ($98.33 in chips)
Seat 3: Psycho Dompl ($99.41 in chips)
Psycho Dompl: posts small blind $1
BuzovaPro: posts big blind $3
*** HOLE CARDS ***
Psycho Dompl: calls $2
BuzovaPro: checks
*** FLOP *** [Tc 3d Td]
BuzovaPro: bets $3
Psycho Dompl: folds
Uncalled bet ($3) returned to BuzovaPro
BuzovaPro collected $5.88 from pot
BuzovaPro: doesn't show hand
*** SUMMARY ***
Total pot $6 | Rake $0.12
Board [Tc 3d Td]
Seat 2: BuzovaPro (big blind) collected ($5.88)
Seat 3: Psycho Dompl (button) (small blind) folded on the Flop


PokerStars Hand #151689498466:  Hold'em Limit ($3/$6 USD) - 2016/04/09 20:08:58 ET
Table 'Wempe' 6-max Seat #3 is the button
Seat 2: BuzovaPro ($72 in chips)
Seat 3: Psycho Dompl ($125.91 in chips)
Psycho Dompl: posts small blind $1
BuzovaPro: posts big blind $3
*** HOLE CARDS ***
Psycho Dompl: raises $3 to $6
BuzovaPro: calls $3
*** FLOP *** [5h 9s 9d]
BuzovaPro: checks
Psycho Dompl: bets $3
BuzovaPro: calls $3
*** TURN *** [5h 9s 9d] [7s]
BuzovaPro: checks
Psycho Dompl: checks
*** RIVER *** [5h 9s 9d 7s] [5d]
BuzovaPro: checks
Psycho Dompl: checks
*** SHOW DOWN ***
BuzovaPro: shows [Qc Ts] (two pair, Nines and Fives)
Psycho Dompl: shows [Kc Jd] (two pair, Nines and Fives - King kicker)
Psycho Dompl collected $17.64 from pot
*** SUMMARY ***
Total pot $18 | Rake $0.36
Board [5h 9s 9d 7s 5d]
Seat 2: BuzovaPro (big blind) showed [Qc Ts] and lost with two pair, Nines and Fives
Seat 3: Psycho Dompl (button) (small blind) showed [Kc Jd] and won ($17.64) with two pair, Nines and Fives


PokerStars Hand #151689510331:  Hold'em Limit ($3/$6 USD) - 2016/04/09 20:09:20 ET
Table 'Wempe' 6-max Seat #2 is the button
Seat 2: BuzovaPro ($72 in chips)
Seat 3: Psycho Dompl ($134.55 in chips)
BuzovaPro: posts small blind $1
Psycho Dompl: posts big blind $3
*** HOLE CARDS ***
BuzovaPro: raises $3 to $6
Psycho Dompl: calls $3
*** FLOP *** [5c 3c 3h]
Psycho Dompl: checks
BuzovaPro: bets $3
Psycho Dompl: folds
Uncalled bet ($3) returned to BuzovaPro
BuzovaPro collected $11.76 from pot
BuzovaPro: doesn't show hand
*** SUMMARY ***
Total pot $12 | Rake $0.24
Board [5c 3c 3h]
Seat 2: BuzovaPro (button) (small blind) collected ($11.76)
Seat 3: Psycho Dompl (big blind) folded on the Flop


PokerStars Hand #151689529616:  Hold'em Limit ($3/$6 USD) - 2016/04/09 20:09:55 ET
Table 'Wempe' 6-max Seat #2 is the button
Seat 2: BuzovaPro ($74.76 in chips)
Seat 3: Psycho Dompl ($131.43 in chips)
BuzovaPro: posts small blind $1
Psycho Dompl: posts big blind $3
*** HOLE CARDS ***
BuzovaPro: folds
Uncalled bet ($2) returned to Psycho Dompl
Psycho Dompl collected $2 from pot
*** SUMMARY ***
Total pot $2 | Rake $0
Seat 2: BuzovaPro (button) (small blind) folded before Flop
Seat 3: Psycho Dompl (big blind) collected ($2)


PokerStars Hand #151689516149:  Hold'em Limit ($3/$6 USD) - 2016/04/09 20:09:31 ET
Table 'Wempe' 6-max Seat #3 is the button
Seat 2: BuzovaPro ($77.76 in chips)
Seat 3: Psycho Dompl ($128.55 in chips)
Psycho Dompl: posts small blind $1
BuzovaPro: posts big blind $3
*** HOLE CARDS ***
Psycho Dompl: calls $2
BuzovaPro: checks
*** FLOP *** [Ah 7d Th]
BuzovaPro: checks
Psycho Dompl: checks
*** TURN *** [Ah 7d Th] [9d]
BuzovaPro: checks
Psycho Dompl: checks
*** RIVER *** [Ah 7d Th 9d] [Ad]
BuzovaPro: checks
Psycho Dompl: checks
*** SHOW DOWN ***
BuzovaPro: shows [6h 4c] (a pair of Aces)
Psycho Dompl: shows [5s Kc] (a pair of Aces - King kicker)
Psycho Dompl collected $5.88 from pot
*** SUMMARY ***
Total pot $6 | Rake $0.12
Board [Ah 7d Th 9d Ad]
Seat 2: BuzovaPro (big blind) showed [6h 4c] and lost with a pair of Aces
Seat 3: Psycho Dompl (button) (small blind) showed [5s Kc] and won ($5.88) with a pair of Aces


PokerStars Hand #151689532514:  Hold'em Limit ($3/$6 USD) - 2016/04/09 20:10:00 ET
Table 'Wempe' 6-max Seat #3 is the button
Seat 2: BuzovaPro ($73.76 in chips)
Seat 3: Psycho Dompl ($132.43 in chips)
Psycho Dompl: posts small blind $1
BuzovaPro: posts big blind $3
*** HOLE CARDS ***
Psycho Dompl: raises $3 to $6
BuzovaPro: calls $3
*** FLOP *** [3d 8h Qs]
BuzovaPro: checks
Psycho Dompl: checks
*** TURN *** [3d 8h Qs] [7s]
BuzovaPro: bets $6
Psycho Dompl: calls $6
*** RIVER *** [3d 8h Qs 7s] [6c]
BuzovaPro: bets $6
Psycho Dompl: calls $6
*** SHOW DOWN ***
BuzovaPro: shows [8d Ks] (a pair of Eights)
Psycho Dompl: shows [Th Td] (a pair of Tens)
Psycho Dompl collected $35.50 from pot
*** SUMMARY ***
Total pot $36 | Rake $0.50
Board [3d 8h Qs 7s 6c]
Seat 2: BuzovaPro (big blind) showed [8d Ks] and lost with a pair of Eights
Seat 3: Psycho Dompl (button) (small blind) showed [Th Td] and won ($35.50) with a pair of Tens


PokerStars Hand #151689552662:  Hold'em Limit ($3/$6 USD) - 2016/04/09 20:10:37 ET
Table 'Wempe' 6-max Seat #2 is the button
Seat 2: BuzovaPro ($72 in chips)
Seat 3: Psycho Dompl ($149.93 in chips)
BuzovaPro: posts small blind $1
Psycho Dompl: posts big blind $3
*** HOLE CARDS ***
BuzovaPro: raises $3 to $6
Psycho Dompl: calls $3
*** FLOP *** [2c Qs 9h]
Psycho Dompl: checks
BuzovaPro: bets $3
Psycho Dompl: folds
Uncalled bet ($3) returned to BuzovaPro
BuzovaPro collected $11.76 from pot
BuzovaPro: doesn't show hand
*** SUMMARY ***
Total pot $12 | Rake $0.24
Board [2c Qs 9h]
Seat 2: BuzovaPro (button) (small blind) collected ($11.76)
Seat 3: Psycho Dompl (big blind) folded on the Flop


PokerStars Hand #151689573893:  Hold'em Limit ($3/$6 USD) - 2016/04/09 20:11:16 ET
Table 'Wempe' 6-max Seat #3 is the button
Seat 2: BuzovaPro ($79.64 in chips)
Seat 3: Psycho Dompl ($141.93 in chips)
Psycho Dompl: posts small blind $1
BuzovaPro: posts big blind $3
*** HOLE CARDS ***
Psycho Dompl: folds
Uncalled bet ($2) returned to BuzovaPro
BuzovaPro collected $2 from pot
BuzovaPro: doesn't show hand
*** SUMMARY ***
Total pot $2 | Rake $0
Seat 2: BuzovaPro (big blind) collected ($2)
Seat 3: Psycho Dompl (button) (small blind) folded before Flop


PokerStars Hand #151689570679:  Hold'em Limit ($3/$6 USD) - 2016/04/09 20:11:10 ET
Table 'Wempe' 6-max Seat #2 is the button
Seat 2: BuzovaPro ($80.64 in chips)
Seat 3: Psycho Dompl ($140.93 in chips)
BuzovaPro: posts small blind $1
Psycho Dompl: posts big blind $3
*** HOLE CARDS ***
BuzovaPro: folds
Uncalled bet ($2) returned to Psycho Dompl
Psycho Dompl collected $2 from pot
*** SUMMARY ***
Total pot $2 | Rake $0
Seat 2: BuzovaPro (button) (small blind) folded before Flop
Seat 3: Psycho Dompl (big blind) collected ($2)


PokerStars Hand #151689576447:  Hold'em Limit ($3/$6 USD) - 2016/04/09 20:11:21 ET
Table 'Wempe' 6-max Seat #2 is the button
Seat 2: BuzovaPro ($80.64 in chips)
Seat 3: Psycho Dompl ($140.93 in chips)
BuzovaPro: posts small blind $1
Psycho Dompl: posts big blind $3
*** HOLE CARDS ***
BuzovaPro: folds
Uncalled bet ($2) returned to Psycho Dompl
Psycho Dompl collected $2 from pot
*** SUMMARY ***
Total pot $2 | Rake $0
Seat 2: BuzovaPro (button) (small blind) folded before Flop
Seat 3: Psycho Dompl (big blind) collected ($2)


PokerStars Hand #151689559119:  Hold'em Limit ($3/$6 USD) - 2016/04/09 20:10:49 ET
Table 'Wempe' 6-max Seat #3 is the button
Seat 2: BuzovaPro ($77.76 in chips)
Seat 3: Psycho Dompl ($143.93 in chips)
Psycho Dompl: posts small blind $1
BuzovaPro: posts big blind $3
*** HOLE CARDS ***
Psycho Dompl: calls $2
BuzovaPro: checks
*** FLOP *** [Kc Ks 6c]
BuzovaPro: bets $3
Psycho Dompl: folds
Uncalled bet ($3) returned to BuzovaPro
BuzovaPro collected $5.88 from pot
BuzovaPro: doesn't show hand
*** SUMMARY ***
Total pot $6 | Rake $0.12
Board [Kc Ks 6c]
Seat 2: BuzovaPro (big blind) collected ($5.88)
Seat 3: Psycho Dompl (button) (small blind) folded on the Flop


PokerStars Hand #151689579442:  Hold'em Limit ($3/$6 USD) - 2016/04/09 20:11:26 ET
Table 'Wempe' 6-max Seat #3 is the button
Seat 2: BuzovaPro ($79.64 in chips)
Seat 3: Psycho Dompl ($141.93 in chips)
Psycho Dompl: posts small blind $1
BuzovaPro: posts big blind $3
*** HOLE CARDS ***
Psycho Dompl: calls $2
BuzovaPro: raises $3 to $6
Psycho Dompl: calls $3
*** FLOP *** [Kc 5s Tc]
BuzovaPro: bets $3
Psycho Dompl: calls $3
*** TURN *** [Kc 5s Tc] [2d]
BuzovaPro: bets $6
Psycho Dompl: folds
Uncalled bet ($6) returned to BuzovaPro
BuzovaPro collected $17.64 from pot
BuzovaPro: doesn't show hand
*** SUMMARY ***
Total pot $18 | Rake $0.36
Board [Kc 5s Tc 2d]
Seat 2: BuzovaPro (big blind) collected ($17.64)
Seat 3: Psycho Dompl (button) (small blind) folded on the Turn


PokerStars Hand #151689599944:  Hold'em Limit ($3/$6 USD) - 2016/04/09 20:12:04 ET
Table 'Wempe' 6-max Seat #3 is the button
Seat 2: BuzovaPro ($87.28 in chips)
Seat 3: Psycho Dompl ($133.93 in chips)
Psycho Dompl: posts small blind $1
BuzovaPro: posts big blind $3
*** HOLE CARDS ***
Psycho Dompl: folds
Uncalled bet ($2) returned to BuzovaPro
BuzovaPro collected $2 from pot
BuzovaPro: doesn't show hand
*** SUMMARY ***
Total pot $2 | Rake $0
Seat 2: BuzovaPro (big blind) collected ($2)
Seat 3: Psycho Dompl (button) (small blind) folded before Flop


PokerStars Hand #151689596912:  Hold'em Limit ($3/$6 USD) - 2016/04/09 20:11:58 ET
Table 'Wempe' 6-max Seat #2 is the button
Seat 2: BuzovaPro ($88.28 in chips)
Seat 3: Psycho Dompl ($132.93 in chips)
BuzovaPro: posts small blind $1
Psycho Dompl: posts big blind $3
*** HOLE CARDS ***
BuzovaPro: folds
Uncalled bet ($2) returned to Psycho Dompl
Psycho Dompl collected $2 from pot
*** SUMMARY ***
Total pot $2 | Rake $0
Seat 2: BuzovaPro (button) (small blind) folded before Flop
Seat 3: Psycho Dompl (big blind) collected ($2)


PokerStars Hand #151689627265:  Hold'em Limit ($3/$6 USD) - 2016/04/09 20:12:55 ET
Table 'Wempe' 6-max Seat #3 is the button
Seat 2: BuzovaPro ($102.78 in chips)
Seat 3: Psycho Dompl ($117.93 in chips)
Psycho Dompl: posts small blind $1
BuzovaPro: posts big blind $3
*** HOLE CARDS ***
Psycho Dompl: folds
Uncalled bet ($2) returned to BuzovaPro
BuzovaPro collected $2 from pot
BuzovaPro: doesn't show hand
*** SUMMARY ***
Total pot $2 | Rake $0
Seat 2: BuzovaPro (big blind) collected ($2)
Seat 3: Psycho Dompl (button) (small blind) folded before Flop


PokerStars Hand #151689602614:  Hold'em Limit ($3/$6 USD) - 2016/04/09 20:12:09 ET
Table 'Wempe' 6-max Seat #2 is the button
Seat 2: BuzovaPro ($88.28 in chips)
Seat 3: Psycho Dompl ($132.93 in chips)
BuzovaPro: posts small blind $1
Psycho Dompl: posts big blind $3
*** HOLE CARDS ***
BuzovaPro: raises $3 to $6
Psycho Dompl: calls $3
*** FLOP *** [Td Qd 9h]
Psycho Dompl: checks
BuzovaPro: bets $3
Psycho Dompl: calls $3
*** TURN *** [Td Qd 9h] [6d]
Psycho Dompl: checks
BuzovaPro: bets $6
Psycho Dompl: calls $6
*** RIVER *** [Td Qd 9h 6d] [8c]
Psycho Dompl: checks
BuzovaPro: bets $6
Psycho Dompl: folds
Uncalled bet ($6) returned to BuzovaPro
BuzovaPro collected $29.50 from pot
BuzovaPro: doesn't show hand
*** SUMMARY ***
Total pot $30 | Rake $0.50
Board [Td Qd 9h 6d 8c]
Seat 2: BuzovaPro (button) (small blind) collected ($29.50)
Seat 3: Psycho Dompl (big blind) folded on the River


PokerStars Hand #151689635920:  Hold'em Limit ($3/$6 USD) - 2016/04/09 20:13:11 ET
Table 'Wempe' 6-max Seat #3 is the button
Seat 2: BuzovaPro ($109.54 in chips)
Seat 3: Psycho Dompl ($110.93 in chips)
Psycho Dompl: posts small blind $1
BuzovaPro: posts big blind $3
*** HOLE CARDS ***
Psycho Dompl: raises $3 to $6
BuzovaPro: calls $3
*** FLOP *** [6h Kh 4h]
BuzovaPro: checks
Psycho Dompl: bets $3
BuzovaPro: calls $3
*** TURN *** [6h Kh 4h] [Js]
BuzovaPro: checks
Psycho Dompl: bets $6
BuzovaPro: calls $6
*** RIVER *** [6h Kh 4h Js] [2c]
BuzovaPro: checks
Psycho Dompl: checks
*** SHOW DOWN ***
BuzovaPro: shows [Qh 8s] (high card King)
Psycho Dompl: shows [Jc 8c] (a pair of Jacks)
Psycho Dompl collected $29.50 from pot
*** SUMMARY ***
Total pot $30 | Rake $0.50
Board [6h Kh 4h Js 2c]
Seat 2: BuzovaPro (big blind) showed [Qh 8s] and lost with high card King
Seat 3: Psycho Dompl (button) (small blind) showed [Jc 8c] and won ($29.50) with a pair of Jacks


PokerStars Hand #151689629982:  Hold'em Limit ($3/$6 USD) - 2016/04/09 20:13:00 ET
Table 'Wempe' 6-max Seat #2 is the button
Seat 2: BuzovaPro ($103.78 in chips)
Seat 3: Psycho Dompl ($116.93 in chips)
BuzovaPro: posts small blind $1
Psycho Dompl: posts big blind $3
*** HOLE CARDS ***
BuzovaPro: raises $3 to $6
Psycho Dompl: calls $3
*** FLOP *** [Jc 2s 6s]
Psycho Dompl: checks
BuzovaPro: bets $3
Psycho Dompl: folds
Uncalled bet ($3) returned to BuzovaPro
BuzovaPro collected $11.76 from pot
BuzovaPro: doesn't show hand
*** SUMMARY ***
Total pot $12 | Rake $0.24
Board [Jc 2s 6s]
Seat 2: BuzovaPro (button) (small blind) collected ($11.76)
Seat 3: Psycho Dompl (big blind) folded on the Flop


PokerStars Hand #151689650967:  Hold'em Limit ($3/$6 USD) - 2016/04/09 20:13:39 ET
Table 'Wempe' 6-max Seat #2 is the button
Seat 2: BuzovaPro ($94.54 in chips)
Seat 3: Psycho Dompl ($125.43 in chips)
BuzovaPro: posts small blind $1
Psycho Dompl: posts big blind $3
*** HOLE CARDS ***
BuzovaPro: raises $3 to $6
Psycho Dompl: calls $3
*** FLOP *** [3h Kh 7d]
Psycho Dompl: checks
BuzovaPro: bets $3
Psycho Dompl: calls $3
*** TURN *** [3h Kh 7d] [8d]
Psycho Dompl: checks
BuzovaPro: checks
*** RIVER *** [3h Kh 7d 8d] [Ad]
Psycho Dompl: checks
BuzovaPro: bets $6
Psycho Dompl: calls $6
*** SHOW DOWN ***
BuzovaPro: shows [Qh 4s] (high card Ace)
Psycho Dompl: shows [Kd 2c] (a pair of Kings)
Psycho Dompl collected $29.50 from pot
*** SUMMARY ***
Total pot $30 | Rake $0.50
Board [3h Kh 7d 8d Ad]
Seat 2: BuzovaPro (button) (small blind) showed [Qh 4s] and lost with high card Ace
Seat 3: Psycho Dompl (big blind) showed [Kd 2c] and won ($29.50) with a pair of Kings


PokerStars Hand #151689669337:  Hold'em Limit ($3/$6 USD) - 2016/04/09 20:14:13 ET
Table 'Wempe' 6-max Seat #3 is the button
Seat 2: BuzovaPro ($79.54 in chips)
Seat 3: Psycho Dompl ($139.93 in chips)
Psycho Dompl: posts small blind $1
BuzovaPro: posts big blind $3
*** HOLE CARDS ***
Psycho Dompl: raises $3 to $6
BuzovaPro: calls $3
*** FLOP *** [2c 9h As]
BuzovaPro: checks
Psycho Dompl: bets $3
BuzovaPro: calls $3
*** TURN *** [2c 9h As] [Jc]
BuzovaPro: checks
Psycho Dompl: checks
*** RIVER *** [2c 9h As Jc] [6d]
BuzovaPro: checks
Psycho Dompl: checks
*** SHOW DOWN ***
BuzovaPro: shows [Ks 5s] (high card Ace)
Psycho Dompl: mucks hand
BuzovaPro collected $17.64 from pot
*** SUMMARY ***
Total pot $18 | Rake $0.36
Board [2c 9h As Jc 6d]
Seat 2: BuzovaPro (big blind) showed [Ks 5s] and won ($17.64) with high card Ace
Seat 3: Psycho Dompl (button) (small blind) mucked


PokerStars Hand #151689686287:  Hold'em Limit ($3/$6 USD) - 2016/04/09 20:14:45 ET
Table 'Wempe' 6-max Seat #2 is the button
Seat 2: BuzovaPro ($88.18 in chips)
Seat 3: Psycho Dompl ($130.93 in chips)
BuzovaPro: posts small blind $1
Psycho Dompl: posts big blind $3
*** HOLE CARDS ***
BuzovaPro: raises $3 to $6
Psycho Dompl: calls $3
*** FLOP *** [Td Jd 3h]
Psycho Dompl: checks
BuzovaPro: bets $3
LWNS joins the table at seat #5
Psycho Dompl: calls $3
*** TURN *** [Td Jd 3h] [3c]
Psycho Dompl: checks
BuzovaPro: checks
*** RIVER *** [Td Jd 3h 3c] [7d]
Psycho Dompl: bets $6
BuzovaPro: folds
Uncalled bet ($6) returned to Psycho Dompl
Psycho Dompl collected $17.64 from pot
*** SUMMARY ***
Total pot $18 | Rake $0.36
Board [Td Jd 3h 3c 7d]
Seat 2: BuzovaPro (button) (small blind) folded on the River
Seat 3: Psycho Dompl (big blind) collected ($17.64)


PokerStars Hand #151691285065:  Hold'em Limit ($3/$6 USD) - 2016/04/09 21:09:18 ET
Table 'Wempe' 6-max Seat #1 is the button
Seat 1: ice0034 ($97 in chips)
Seat 6: DirtyDouble2 ($57.85 in chips)
ice0034: posts small blind $1
DirtyDouble2: posts big blind $3
*** HOLE CARDS ***
ice0034: folds
Uncalled bet ($2) returned to DirtyDouble2
DirtyDouble2 collected $2 from pot
DirtyDouble2: doesn't show hand
*** SUMMARY ***
Total pot $2 | Rake $0
Seat 1: ice0034 (button) (small blind) folded before Flop
Seat 6: DirtyDouble2 (big blind) collected ($2)


