PokerStars Hand #146072382866:  Hold'em Limit ($3/$6 USD) - 2015/12/28 14:33:59 ET
Table 'Wendeline' 6-max Seat #6 is the button
Seat 5: perten ($63.83 in chips)
Seat 6: kolaz03 ($85.37 in chips)
kolaz03: posts small blind $1
perten: posts big blind $3
*** HOLE CARDS ***
kolaz03: raises $3 to $6
perten: folds
Uncalled bet ($3) returned to kolaz03
kolaz03 collected $6 from pot
kolaz03: doesn't show hand
*** SUMMARY ***
Total pot $6 | Rake $0
Seat 5: perten (big blind) folded before Flop
Seat 6: kolaz03 (button) (small blind) collected ($6)


PokerStars Hand #146072390498:  Hold'em Limit ($3/$6 USD) - 2015/12/28 14:34:07 ET
Table 'Wendeline' 6-max Seat #5 is the button
Seat 5: perten ($60.83 in chips)
Seat 6: kolaz03 ($88.37 in chips)
perten: posts small blind $1
kolaz03: posts big blind $3
*** HOLE CARDS ***
perten: raises $3 to $6
kolaz03: raises $3 to $9
perten: calls $3
*** FLOP *** [Tc 2c 5h]
kolaz03: bets $3
perten: calls $3
*** TURN *** [Tc 2c 5h] [8c]
kolaz03: bets $6
perten: calls $6
*** RIVER *** [Tc 2c 5h 8c] [Th]
kolaz03: bets $6
perten: folds
Uncalled bet ($6) returned to kolaz03
kolaz03 collected $35.50 from pot
kolaz03: doesn't show hand
*** SUMMARY ***
Total pot $36 | Rake $0.50
Board [Tc 2c 5h 8c Th]
Seat 5: perten (button) (small blind) folded on the River
Seat 6: kolaz03 (big blind) collected ($35.50)


PokerStars Hand #146072409260:  Hold'em Limit ($3/$6 USD) - 2015/12/28 14:34:26 ET
Table 'Wendeline' 6-max Seat #6 is the button
Seat 5: perten ($42.83 in chips)
Seat 6: kolaz03 ($105.87 in chips)
kolaz03: posts small blind $1
perten: posts big blind $3
*** HOLE CARDS ***
kolaz03: raises $3 to $6
perten: calls $3
*** FLOP *** [Js 8c 9h]
perten: checks
kolaz03: bets $3
perten: calls $3
*** TURN *** [Js 8c 9h] [Td]
perten: checks
kolaz03: bets $6
perten: calls $6
*** RIVER *** [Js 8c 9h Td] [2d]
perten: checks
kolaz03: bets $6
perten: calls $6
*** SHOW DOWN ***
kolaz03: shows [Qs Jh] (a straight, Eight to Queen)
perten: shows [6h Qh] (a straight, Eight to Queen)
perten collected $20.75 from pot
kolaz03 collected $20.75 from pot
*** SUMMARY ***
Total pot $42 | Rake $0.50
Board [Js 8c 9h Td 2d]
Seat 5: perten (big blind) showed [6h Qh] and won ($20.75) with a straight, Eight to Queen
Seat 6: kolaz03 (button) (small blind) showed [Qs Jh] and won ($20.75) with a straight, Eight to Queen


PokerStars Hand #146072376957:  Hold'em Limit ($3/$6 USD) - 2015/12/28 14:33:53 ET
Table 'Wendeline' 6-max Seat #5 is the button
Seat 5: perten ($64.83 in chips)
Seat 6: kolaz03 ($84.37 in chips)
perten: posts small blind $1
kolaz03: posts big blind $3
*** HOLE CARDS ***
perten: folds
Uncalled bet ($2) returned to kolaz03
kolaz03 collected $2 from pot
kolaz03: doesn't show hand
*** SUMMARY ***
Total pot $2 | Rake $0
Seat 5: perten (button) (small blind) folded before Flop
Seat 6: kolaz03 (big blind) collected ($2)


PokerStars Hand #146072443897:  Hold'em Limit ($3/$6 USD) - 2015/12/28 14:35:01 ET
Table 'Wendeline' 6-max Seat #5 is the button
Seat 5: perten ($34.58 in chips)
Seat 6: kolaz03 ($113.26 in chips)
perten: posts small blind $1
kolaz03: posts big blind $3
*** HOLE CARDS ***
perten: raises $3 to $6
kolaz03: folds
Uncalled bet ($3) returned to perten
perten collected $6 from pot
perten: doesn't show hand
*** SUMMARY ***
Total pot $6 | Rake $0
Seat 5: perten (button) (small blind) collected ($6)
Seat 6: kolaz03 (big blind) folded before Flop


PokerStars Hand #146072439580:  Hold'em Limit ($3/$6 USD) - 2015/12/28 14:34:57 ET
Table 'Wendeline' 6-max Seat #6 is the button
Seat 5: perten ($33.58 in chips)
Seat 6: kolaz03 ($114.26 in chips)
kolaz03: posts small blind $1
perten: posts big blind $3
*** HOLE CARDS ***
kolaz03: folds
Uncalled bet ($2) returned to perten
perten collected $2 from pot
perten: doesn't show hand
*** SUMMARY ***
Total pot $2 | Rake $0
Seat 5: perten (big blind) collected ($2)
Seat 6: kolaz03 (button) (small blind) folded before Flop


PokerStars Hand #146072425589:  Hold'em Limit ($3/$6 USD) - 2015/12/28 14:34:43 ET
Table 'Wendeline' 6-max Seat #5 is the button
Seat 5: perten ($42.58 in chips)
Seat 6: kolaz03 ($105.62 in chips)
perten: posts small blind $1
kolaz03: posts big blind $3
*** HOLE CARDS ***
perten: raises $3 to $6
kolaz03: raises $3 to $9
perten: calls $3
*** FLOP *** [7c Kd 3d]
kolaz03: bets $3
perten: folds
Uncalled bet ($3) returned to kolaz03
kolaz03 collected $17.64 from pot
kolaz03: doesn't show hand
*** SUMMARY ***
Total pot $18 | Rake $0.36
Board [7c Kd 3d]
Seat 5: perten (button) (small blind) folded on the Flop
Seat 6: kolaz03 (big blind) collected ($17.64)


