PokerStars Hand #161483597461:  Hold'em Limit ($3/$6 USD) - 2016/11/16 7:49:40 ET
Table 'Wendeline II' 6-max Seat #5 is the button
Seat 1: Alexsandr.NT ($128.10 in chips)
Seat 5: B_loJkl ($324.53 in chips)
B_loJkl: posts small blind $1
Alexsandr.NT: posts big blind $3
*** HOLE CARDS ***
B_loJkl: raises $3 to $6
habari786 joins the table at seat #2
sim5sim5 leaves the table
Alexsandr.NT: calls $3
*** FLOP *** [7d 9s Kd]
Alexsandr.NT: checks
B_loJkl: bets $3
Alexsandr.NT: calls $3
*** TURN *** [7d 9s Kd] [Kc]
Alexsandr.NT: checks
Mackdoggydizzle leaves the table
B_loJkl: checks
*** RIVER *** [7d 9s Kd Kc] [Td]
Alexsandr.NT: bets $6
B_loJkl: folds
Uncalled bet ($6) returned to Alexsandr.NT
Alexsandr.NT collected $17.64 from pot
Alexsandr.NT: doesn't show hand
*** SUMMARY ***
Total pot $18 | Rake $0.36
Board [7d 9s Kd Kc Td]
Seat 1: Alexsandr.NT (big blind) collected ($17.64)
Seat 5: B_loJkl (button) (small blind) folded on the River


PokerStars Hand #161483621376:  Hold'em Limit ($3/$6 USD) - 2016/11/16 7:50:28 ET
Table 'Wendeline II' 6-max Seat #2 is the button
Seat 1: Alexsandr.NT ($135.74 in chips)
Seat 2: habari786 ($61 in chips)
habari786: posts small blind $1
B_loJkl: is sitting out
Alexsandr.NT: posts big blind $3
*** HOLE CARDS ***
habari786: folds
Uncalled bet ($2) returned to Alexsandr.NT
Alexsandr.NT collected $2 from pot
Alexsandr.NT: doesn't show hand
*** SUMMARY ***
Total pot $2 | Rake $0
Seat 1: Alexsandr.NT (big blind) collected ($2)
Seat 2: habari786 (button) (small blind) folded before Flop


PokerStars Hand #161483625534:  Hold'em Limit ($3/$6 USD) - 2016/11/16 7:50:36 ET
Table 'Wendeline II' 6-max Seat #1 is the button
Seat 1: Alexsandr.NT ($136.74 in chips)
Seat 2: habari786 ($60 in chips)
Alexsandr.NT: posts small blind $1
habari786: posts big blind $3
*** HOLE CARDS ***
B_loJkl leaves the table
Alexsandr.NT: raises $3 to $6
B_loJkl joins the table at seat #3
habari786: calls $3
*** FLOP *** [9h 7h 3s]
habari786: checks
Alexsandr.NT: bets $3
habari786: raises $3 to $6
Alexsandr.NT: calls $3
*** TURN *** [9h 7h 3s] [Kc]
habari786: bets $6
Alexsandr.NT: calls $6
*** RIVER *** [9h 7h 3s Kc] [9c]
habari786: bets $6
Alexsandr.NT: calls $6
*** SHOW DOWN ***
habari786: shows [6h 5h] (a pair of Nines)
Alexsandr.NT: shows [As Ts] (a pair of Nines - Ace kicker)
Alexsandr.NT collected $47.50 from pot
*** SUMMARY ***
Total pot $48 | Rake $0.50
Board [9h 7h 3s Kc 9c]
Seat 1: Alexsandr.NT (button) (small blind) showed [As Ts] and won ($47.50) with a pair of Nines
Seat 2: habari786 (big blind) showed [6h 5h] and lost with a pair of Nines


PokerStars Hand #161485856988:  Hold'em Limit ($3/$6 USD) - 2016/11/16 9:00:36 ET
Table 'Wendeline II' 6-max Seat #4 is the button
Seat 4: baur017017 ($69.16 in chips)
Seat 5: B_loJkl ($150 in chips)
baur017017: posts small blind $1
B_loJkl: posts big blind $3
*** HOLE CARDS ***
baur017017: folds
Uncalled bet ($2) returned to B_loJkl
B_loJkl collected $2 from pot
B_loJkl: doesn't show hand
*** SUMMARY ***
Total pot $2 | Rake $0
Seat 4: baur017017 (button) (small blind) folded before Flop
Seat 5: B_loJkl (big blind) collected ($2)


PokerStars Hand #161485861260:  Hold'em Limit ($3/$6 USD) - 2016/11/16 9:00:44 ET
Table 'Wendeline II' 6-max Seat #5 is the button
Seat 4: baur017017 ($68.16 in chips)
Seat 5: B_loJkl ($151 in chips)
B_loJkl: posts small blind $1
baur017017: posts big blind $3
*** HOLE CARDS ***
B_loJkl: folds
Uncalled bet ($2) returned to baur017017
baur017017 collected $2 from pot
*** SUMMARY ***
Total pot $2 | Rake $0
Seat 4: baur017017 (big blind) collected ($2)
Seat 5: B_loJkl (button) (small blind) folded before Flop


PokerStars Hand #161485865187:  Hold'em Limit ($3/$6 USD) - 2016/11/16 9:00:51 ET
Table 'Wendeline II' 6-max Seat #4 is the button
Seat 4: baur017017 ($69.16 in chips)
Seat 5: B_loJkl ($150 in chips)
baur017017: posts small blind $1
B_loJkl: posts big blind $3
*** HOLE CARDS ***
baur017017: raises $3 to $6
Alexsandr.NT joins the table at seat #1
B_loJkl: calls $3
*** FLOP *** [3h 6d Jd]
B_loJkl: checks
baur017017: bets $3
B_loJkl: calls $3
*** TURN *** [3h 6d Jd] [6c]
B_loJkl: checks
baur017017: bets $6
cheeestar198 joins the table at seat #2
B_loJkl: raises $6 to $12
baur017017: calls $6
*** RIVER *** [3h 6d Jd 6c] [4s]
B_loJkl: bets $6
baur017017: calls $6
*** SHOW DOWN ***
B_loJkl: shows [5h 6s] (three of a kind, Sixes)
baur017017: mucks hand
B_loJkl collected $53.50 from pot
*** SUMMARY ***
Total pot $54 | Rake $0.50
Board [3h 6d Jd 6c 4s]
Seat 4: baur017017 (button) (small blind) mucked
Seat 5: B_loJkl (big blind) showed [5h 6s] and won ($53.50) with three of a kind, Sixes


PokerStars Hand #161489235593:  Hold'em Limit ($3/$6 USD) - 2016/11/16 10:28:14 ET
Table 'Wendeline II' 6-max Seat #4 is the button
Seat 1: Alexsandr.NT ($88.85 in chips)
Seat 4: Chessnok ($126.98 in chips)
Chessnok: posts small blind $1
Alexsandr.NT: posts big blind $3
*** HOLE CARDS ***
Chessnok: raises $3 to $6
Alexsandr.NT: calls $3
*** FLOP *** [Jh Js As]
Alexsandr.NT: checks
Chessnok: bets $3
Alexsandr.NT: calls $3
*** TURN *** [Jh Js As] [Ac]
Alexsandr.NT: checks
Chessnok: checks
*** RIVER *** [Jh Js As Ac] [5c]
Alexsandr.NT: bets $6
B_loJkl joins the table at seat #2
Chessnok: folds
Uncalled bet ($6) returned to Alexsandr.NT
Alexsandr.NT collected $17.64 from pot
Alexsandr.NT: doesn't show hand
*** SUMMARY ***
Total pot $18 | Rake $0.36
Board [Jh Js As Ac 5c]
Seat 1: Alexsandr.NT (big blind) collected ($17.64)
Seat 4: Chessnok (button) (small blind) folded on the River


PokerStars Hand #161497129319:  Hold'em Limit ($3/$6 USD) - 2016/11/16 13:15:29 ET
Table 'Wendeline II' 6-max Seat #2 is the button
Seat 2: krytalex ($160.99 in chips)
Seat 4: jpsbk ($69.64 in chips)
krytalex: posts small blind $1
jpsbk: posts big blind $3
*** HOLE CARDS ***
krytalex: folds
Uncalled bet ($2) returned to jpsbk
jpsbk collected $2 from pot
*** SUMMARY ***
Total pot $2 | Rake $0
Seat 2: krytalex (button) (small blind) folded before Flop
Seat 4: jpsbk (big blind) collected ($2)


PokerStars Hand #161497163664:  Hold'em Limit ($3/$6 USD) - 2016/11/16 13:16:07 ET
Table 'Wendeline II' 6-max Seat #2 is the button
Seat 2: krytalex ($156.99 in chips)
Seat 4: jpsbk ($73.64 in chips)
krytalex: posts small blind $1
ABATAPP was removed from the table for failing to post
jpsbk: posts big blind $3
*** HOLE CARDS ***
krytalex: raises $3 to $6
jpsbk: raises $3 to $9
MalishR joins the table at seat #3
krytalex: calls $3
*** FLOP *** [8h 2s 4h]
jpsbk: bets $3
krytalex: calls $3
*** TURN *** [8h 2s 4h] [3d]
jpsbk: bets $6
krytalex: calls $6
*** RIVER *** [8h 2s 4h 3d] [Qs]
jpsbk: bets $6
krytalex: folds
Uncalled bet ($6) returned to jpsbk
jpsbk collected $35.50 from pot
*** SUMMARY ***
Total pot $36 | Rake $0.50
Board [8h 2s 4h 3d Qs]
Seat 2: krytalex (button) (small blind) folded on the River
Seat 4: jpsbk (big blind) collected ($35.50)


PokerStars Hand #161497135033:  Hold'em Limit ($3/$6 USD) - 2016/11/16 13:15:36 ET
Table 'Wendeline II' 6-max Seat #4 is the button
Seat 2: krytalex ($159.99 in chips)
Seat 4: jpsbk ($70.64 in chips)
jpsbk: posts small blind $1
krytalex: posts big blind $3
*** HOLE CARDS ***
jpsbk: raises $3 to $6
krytalex: folds
Uncalled bet ($3) returned to jpsbk
jpsbk collected $6 from pot
*** SUMMARY ***
Total pot $6 | Rake $0
Seat 2: krytalex (big blind) folded before Flop
Seat 4: jpsbk (button) (small blind) collected ($6)


PokerStars Hand #161497191028:  Hold'em Limit ($3/$6 USD) - 2016/11/16 13:16:37 ET
Table 'Wendeline II' 6-max Seat #4 is the button
Seat 2: krytalex ($138.99 in chips)
Seat 4: jpsbk ($91.14 in chips)
jpsbk: posts small blind $1
krytalex: posts big blind $3
*** HOLE CARDS ***
jpsbk: raises $3 to $6
krytalex: calls $3
*** FLOP *** [Kh 9s Ts]
krytalex: checks
jpsbk: bets $3
krytalex: folds
Uncalled bet ($3) returned to jpsbk
jpsbk collected $11.76 from pot
*** SUMMARY ***
Total pot $12 | Rake $0.24
Board [Kh 9s Ts]
Seat 2: krytalex (big blind) folded on the Flop
Seat 4: jpsbk (button) (small blind) collected ($11.76)


PokerStars Hand #161506627350:  Hold'em Limit ($3/$6 USD) - 2016/11/16 16:03:39 ET
Table 'Wendeline II' 6-max Seat #6 is the button
Seat 4: ToDaFelt ($246.24 in chips)
Seat 6: Chessnok ($60 in chips)
Chessnok: posts small blind $1
krytalex: is sitting out
vestimokrec: is sitting out
ToDaFelt: posts big blind $3
*** HOLE CARDS ***
Chessnok: raises $3 to $6
krytalex leaves the table
ToDaFelt: calls $3
*** FLOP *** [7c 9d 3h]
vestimokrec leaves the table
ToDaFelt: checks
Don_Alling joins the table at seat #3
Chessnok: checks
*** TURN *** [7c 9d 3h] [3d]
Great_Kang joins the table at seat #5
ToDaFelt: bets $6
Chessnok: calls $6
*** RIVER *** [7c 9d 3h 3d] [Qh]
ToDaFelt: bets $6
Chessnok: raises $6 to $12
ToDaFelt: calls $6
*** SHOW DOWN ***
Chessnok: shows [4s Qc] (two pair, Queens and Threes)
ToDaFelt: mucks hand
Chessnok collected $47.50 from pot
*** SUMMARY ***
Total pot $48 | Rake $0.50
Board [7c 9d 3h 3d Qh]
Seat 4: ToDaFelt (big blind) mucked
Seat 6: Chessnok (button) (small blind) showed [4s Qc] and won ($47.50) with two pair, Queens and Threes


