PokerStars Hand #145906220595:  Hold'em Limit ($3/$6 USD) - 2015/12/25 14:35:41 ET
Table 'Wendeline II' 6-max Seat #4 is the button
Seat 1: asshair0815 ($115.50 in chips)
Seat 4: MTails ($123.50 in chips)
MTails: posts small blind $1
asshair0815: posts big blind $3
*** HOLE CARDS ***
MTails: raises $3 to $6
asshair0815: calls $3
*** FLOP *** [Jd 7c 9h]
asshair0815: checks
MTails: bets $3
asshair0815: raises $3 to $6
MTails: folds
Uncalled bet ($3) returned to asshair0815
asshair0815 collected $17.64 from pot
asshair0815: doesn't show hand
*** SUMMARY ***
Total pot $18 | Rake $0.36
Board [Jd 7c 9h]
Seat 1: asshair0815 (big blind) collected ($17.64)
Seat 4: MTails (button) (small blind) folded on the Flop


PokerStars Hand #145906216050:  Hold'em Limit ($3/$6 USD) - 2015/12/25 14:35:36 ET
Table 'Wendeline II' 6-max Seat #1 is the button
Seat 1: asshair0815 ($116.50 in chips)
Seat 4: MTails ($122.50 in chips)
asshair0815: posts small blind $1
MTails: posts big blind $3
*** HOLE CARDS ***
asshair0815: folds
Uncalled bet ($2) returned to MTails
MTails collected $2 from pot
*** SUMMARY ***
Total pot $2 | Rake $0
Seat 1: asshair0815 (button) (small blind) folded before Flop
Seat 4: MTails (big blind) collected ($2)


PokerStars Hand #145906199232:  Hold'em Limit ($3/$6 USD) - 2015/12/25 14:35:17 ET
Table 'Wendeline II' 6-max Seat #4 is the button
Seat 1: asshair0815 ($134.50 in chips)
Seat 4: MTails ($105 in chips)
MTails: posts small blind $1
asshair0815: posts big blind $3
*** HOLE CARDS ***
MTails: raises $3 to $6
asshair0815: raises $3 to $9
MTails: calls $3
*** FLOP *** [Jc Jd 5s]
asshair0815: bets $3
MTails: calls $3
*** TURN *** [Jc Jd 5s] [6d]
asshair0815: bets $6
MTails: raises $6 to $12
asshair0815: folds
Uncalled bet ($6) returned to MTails
MTails collected $35.50 from pot
MTails: doesn't show hand
*** SUMMARY ***
Total pot $36 | Rake $0.50
Board [Jc Jd 5s 6d]
Seat 1: asshair0815 (big blind) folded on the Turn
Seat 4: MTails (button) (small blind) collected ($35.50)


PokerStars Hand #145906255235:  Hold'em Limit ($3/$6 USD) - 2015/12/25 14:36:21 ET
Table 'Wendeline II' 6-max Seat #4 is the button
Seat 1: asshair0815 ($144.64 in chips)
Seat 4: MTails ($93.50 in chips)
MTails: posts small blind $1
asshair0815: posts big blind $3
*** HOLE CARDS ***
MTails: raises $3 to $6
asshair0815: calls $3
*** FLOP *** [2c 8s 4c]
asshair0815: checks
MTails: bets $3
asshair0815: raises $3 to $6
MTails: calls $3
*** TURN *** [2c 8s 4c] [2d]
asshair0815: bets $6
MTails: calls $6
*** RIVER *** [2c 8s 4c 2d] [9s]
asshair0815: bets $6
MTails: calls $6
*** SHOW DOWN ***
asshair0815: shows [Th 4h] (two pair, Fours and Deuces)
MTails: mucks hand
asshair0815 collected $47.50 from pot
*** SUMMARY ***
Total pot $48 | Rake $0.50
Board [2c 8s 4c 2d 9s]
Seat 1: asshair0815 (big blind) showed [Th 4h] and won ($47.50) with two pair, Fours and Deuces
Seat 4: MTails (button) (small blind) mucked


PokerStars Hand #145906233388:  Hold'em Limit ($3/$6 USD) - 2015/12/25 14:35:56 ET
Table 'Wendeline II' 6-max Seat #1 is the button
Seat 1: asshair0815 ($124.14 in chips)
Seat 4: MTails ($114.50 in chips)
asshair0815: posts small blind $1
MTails: posts big blind $3
*** HOLE CARDS ***
asshair0815: raises $3 to $6
MTails: calls $3
*** FLOP *** [9h 7d 3s]
MTails: checks
asshair0815: bets $3
MTails: calls $3
*** TURN *** [9h 7d 3s] [Jh]
MTails: checks
asshair0815: bets $6
MTails: calls $6
*** RIVER *** [9h 7d 3s Jh] [6c]
MTails: checks
asshair0815: bets $6
MTails: calls $6
*** SHOW DOWN ***
asshair0815: shows [Tc Jd] (a pair of Jacks)
MTails: mucks hand
asshair0815 collected $41.50 from pot
*** SUMMARY ***
Total pot $42 | Rake $0.50
Board [9h 7d 3s Jh 6c]
Seat 1: asshair0815 (button) (small blind) showed [Tc Jd] and won ($41.50) with a pair of Jacks
Seat 4: MTails (big blind) mucked


PokerStars Hand #145906278379:  Hold'em Limit ($3/$6 USD) - 2015/12/25 14:36:47 ET
Table 'Wendeline II' 6-max Seat #1 is the button
Seat 1: asshair0815 ($168.14 in chips)
Seat 4: MTails ($69.50 in chips)
asshair0815: posts small blind $1
MTails: posts big blind $3
*** HOLE CARDS ***
asshair0815: raises $3 to $6
MTails: calls $3
*** FLOP *** [Kh 6c 4s]
MTails: checks
asshair0815: checks
*** TURN *** [Kh 6c 4s] [Js]
MTails: bets $6
asshair0815: calls $6
*** RIVER *** [Kh 6c 4s Js] [7c]
Raaven joins the table at seat #6
MTails: bets $6
asshair0815: folds
Uncalled bet ($6) returned to MTails
MTails collected $23.52 from pot
*** SUMMARY ***
Total pot $24 | Rake $0.48
Board [Kh 6c 4s Js 7c]
Seat 1: asshair0815 (button) (small blind) folded on the River
Seat 4: MTails (big blind) collected ($23.52)


PokerStars Hand #145906994657:  Hold'em Limit ($3/$6 USD) - 2015/12/25 14:49:59 ET
Table 'Wendeline II' 6-max Seat #6 is the button
Seat 4: MTails ($142.26 in chips)
Seat 6: Raaven ($38.22 in chips)
Raaven: posts small blind $1
Velbor107: is sitting out
MTails: posts big blind $3
*** HOLE CARDS ***
Velbor107 leaves the table
Raaven: raises $3 to $6
MTails: calls $3
*** FLOP *** [8c 9d Js]
MTails: checks
Raaven: bets $3
MTails: calls $3
*** TURN *** [8c 9d Js] [7d]
MTails: checks
Raaven: checks
*** RIVER *** [8c 9d Js 7d] [6s]
MTails: checks
Raaven: checks
*** SHOW DOWN ***
MTails: shows [Ad 7c] (a pair of Sevens)
Raaven: shows [Jh 3h] (a pair of Jacks)
Raaven collected $17.64 from pot
*** SUMMARY ***
Total pot $18 | Rake $0.36
Board [8c 9d Js 7d 6s]
Seat 4: MTails (big blind) showed [Ad 7c] and lost with a pair of Sevens
Seat 6: Raaven (button) (small blind) showed [Jh 3h] and won ($17.64) with a pair of Jacks


PokerStars Hand #145907057762:  Hold'em Limit ($3/$6 USD) - 2015/12/25 14:51:01 ET
Table 'Wendeline II' 6-max Seat #4 is the button
Seat 4: MTails ($140.02 in chips)
Seat 6: Raaven ($39.86 in chips)
MTails: posts small blind $1
Raaven: posts big blind $3
*** HOLE CARDS ***
MTails: raises $3 to $6
Raaven: folds
Uncalled bet ($3) returned to MTails
MTails collected $6 from pot
*** SUMMARY ***
Total pot $6 | Rake $0
Seat 4: MTails (button) (small blind) collected ($6)
Seat 6: Raaven (big blind) folded before Flop


PokerStars Hand #145907051374:  Hold'em Limit ($3/$6 USD) - 2015/12/25 14:50:54 ET
Table 'Wendeline II' 6-max Seat #6 is the button
Seat 4: MTails ($139.02 in chips)
Seat 6: Raaven ($40.86 in chips)
Raaven: posts small blind $1
MTails: posts big blind $3
*** HOLE CARDS ***
Raaven: folds
Uncalled bet ($2) returned to MTails
MTails collected $2 from pot
*** SUMMARY ***
Total pot $2 | Rake $0
Seat 4: MTails (big blind) collected ($2)
Seat 6: Raaven (button) (small blind) folded before Flop


PokerStars Hand #145907064059:  Hold'em Limit ($3/$6 USD) - 2015/12/25 14:51:07 ET
Table 'Wendeline II' 6-max Seat #6 is the button
Seat 4: MTails ($143.02 in chips)
Seat 6: Raaven ($36.86 in chips)
Raaven: posts small blind $1
MTails: posts big blind $3
*** HOLE CARDS ***
Raaven: raises $3 to $6
MTails: raises $3 to $9
Raaven: calls $3
*** FLOP *** [Ah Kd 2c]
MTails: bets $3
Raaven: folds
Uncalled bet ($3) returned to MTails
MTails collected $17.64 from pot
*** SUMMARY ***
Total pot $18 | Rake $0.36
Board [Ah Kd 2c]
Seat 4: MTails (big blind) collected ($17.64)
Seat 6: Raaven (button) (small blind) folded on the Flop


PokerStars Hand #145907077359:  Hold'em Limit ($3/$6 USD) - 2015/12/25 14:51:20 ET
Table 'Wendeline II' 6-max Seat #4 is the button
Seat 4: MTails ($151.66 in chips)
Seat 6: Raaven ($27.86 in chips)
MTails: posts small blind $1
Raaven: posts big blind $3
*** HOLE CARDS ***
MTails: raises $3 to $6
Raaven: calls $3
*** FLOP *** [5d 7s 6s]
Raaven: checks
MTails: bets $3
Raaven: calls $3
*** TURN *** [5d 7s 6s] [Jc]
Raaven: checks
MTails: bets $6
Raaven: folds
Uncalled bet ($6) returned to MTails
MTails collected $17.64 from pot
*** SUMMARY ***
Total pot $18 | Rake $0.36
Board [5d 7s 6s Jc]
Seat 4: MTails (button) (small blind) collected ($17.64)
Seat 6: Raaven (big blind) folded on the Turn


PokerStars Hand #145907112538:  Hold'em Limit ($3/$6 USD) - 2015/12/25 14:51:54 ET
Table 'Wendeline II' 6-max Seat #6 is the button
Seat 4: MTails ($160.30 in chips)
Seat 6: Raaven ($18.86 in chips)
Raaven: posts small blind $1
MTails: posts big blind $3
*** HOLE CARDS ***
Raaven: raises $3 to $6
MTails: calls $3
*** FLOP *** [4s 9h 2c]
MTails: checks
Raaven: bets $3
MTails: raises $3 to $6
Raaven: calls $3
*** TURN *** [4s 9h 2c] [Kc]
MTails: bets $6
Raaven: raises $0.86 to $6.86 and is all-in
MTails: calls $0.86
*** RIVER *** [4s 9h 2c Kc] [Jd]
*** SHOW DOWN ***
MTails: shows [Qd 4d] (a pair of Fours)
Raaven: shows [Kd 7c] (a pair of Kings)
Raaven collected $37.22 from pot
*** SUMMARY ***
Total pot $37.72 | Rake $0.50
Board [4s 9h 2c Kc Jd]
Seat 4: MTails (big blind) showed [Qd 4d] and lost with a pair of Fours
Seat 6: Raaven (button) (small blind) showed [Kd 7c] and won ($37.22) with a pair of Kings


PokerStars Hand #145907141749:  Hold'em Limit ($3/$6 USD) - 2015/12/25 14:52:23 ET
Table 'Wendeline II' 6-max Seat #4 is the button
Seat 4: MTails ($141.44 in chips)
Seat 6: Raaven ($37.22 in chips)
MTails: posts small blind $1
Raaven: posts big blind $3
*** HOLE CARDS ***
MTails: raises $3 to $6
Raaven: folds
Uncalled bet ($3) returned to MTails
MTails collected $6 from pot
*** SUMMARY ***
Total pot $6 | Rake $0
Seat 4: MTails (button) (small blind) collected ($6)
Seat 6: Raaven (big blind) folded before Flop


PokerStars Hand #145907148721:  Hold'em Limit ($3/$6 USD) - 2015/12/25 14:52:30 ET
Table 'Wendeline II' 6-max Seat #6 is the button
Seat 4: MTails ($144.44 in chips)
Seat 6: Raaven ($34.22 in chips)
Raaven: posts small blind $1
MTails: posts big blind $3
*** HOLE CARDS ***
Raaven: raises $3 to $6
MTails: calls $3
*** FLOP *** [Js As 7c]
MTails: checks
Raaven: bets $3
MTails: calls $3
*** TURN *** [Js As 7c] [Td]
MTails: checks
Raaven: bets $6
MTails: raises $6 to $12
Raaven: folds
Uncalled bet ($6) returned to MTails
MTails collected $29.50 from pot
*** SUMMARY ***
Total pot $30 | Rake $0.50
Board [Js As 7c Td]
Seat 4: MTails (big blind) collected ($29.50)
Seat 6: Raaven (button) (small blind) folded on the Turn


PokerStars Hand #145907175394:  Hold'em Limit ($3/$6 USD) - 2015/12/25 14:52:56 ET
Table 'Wendeline II' 6-max Seat #4 is the button
Seat 4: MTails ($158.94 in chips)
Seat 6: Raaven ($19.22 in chips)
MTails: posts small blind $1
Raaven: posts big blind $3
*** HOLE CARDS ***
MTails: raises $3 to $6
Raaven: folds
Uncalled bet ($3) returned to MTails
MTails collected $6 from pot
*** SUMMARY ***
Total pot $6 | Rake $0
Seat 4: MTails (button) (small blind) collected ($6)
Seat 6: Raaven (big blind) folded before Flop


PokerStars Hand #145907184119:  Hold'em Limit ($3/$6 USD) - 2015/12/25 14:53:05 ET
Table 'Wendeline II' 6-max Seat #6 is the button
Seat 4: MTails ($161.94 in chips)
Seat 6: Raaven ($16.22 in chips)
Raaven: posts small blind $1
MTails: posts big blind $3
*** HOLE CARDS ***
Raaven: raises $3 to $6
MTails: raises $3 to $9
Raaven: raises $3 to $12
Betting is capped
MTails: calls $3
*** FLOP *** [5h As Tc]
MTails: bets $3
Raaven: raises $1.22 to $4.22 and is all-in
MTails: calls $1.22
*** TURN *** [5h As Tc] [9h]
*** RIVER *** [5h As Tc 9h] [Kc]
*** SHOW DOWN ***
MTails: shows [Td Ac] (two pair, Aces and Tens)
Raaven: shows [Js Ad] (a pair of Aces)
MTails collected $31.94 from pot
*** SUMMARY ***
Total pot $32.44 | Rake $0.50
Board [5h As Tc 9h Kc]
Seat 4: MTails (big blind) showed [Td Ac] and won ($31.94) with two pair, Aces and Tens
Seat 6: Raaven (button) (small blind) showed [Js Ad] and lost with a pair of Aces


