PokerStars Hand #173445412599:  Hold'em Limit ($3/$6 USD) - 2017/07/24 9:51:59 ET
Table 'Wendeline' 6-max Seat #4 is the button
Seat 2: NewRocker ($149 in chips)
Seat 4: VolkovDmitri ($121 in chips)
VolkovDmitri: posts small blind $1
NewRocker: posts big blind $3
*** HOLE CARDS ***
VolkovDmitri: raises $3 to $6
NewRocker: raises $3 to $9
VolkovDmitri: calls $3
*** FLOP *** [Qd Qh Th]
NewRocker: bets $3
VolkovDmitri: calls $3
*** TURN *** [Qd Qh Th] [3d]
NewRocker: bets $6
VolkovDmitri: calls $6
*** RIVER *** [Qd Qh Th 3d] [Qc]
NewRocker: bets $6
VolkovDmitri: folds
Uncalled bet ($6) returned to NewRocker
NewRocker collected $35.50 from pot
NewRocker: doesn't show hand
*** SUMMARY ***
Total pot $36 | Rake $0.50
Board [Qd Qh Th 3d Qc]
Seat 2: NewRocker (big blind) collected ($35.50)
Seat 4: VolkovDmitri (button) (small blind) folded on the River


PokerStars Hand #173445404679:  Hold'em Limit ($3/$6 USD) - 2017/07/24 9:51:45 ET
Table 'Wendeline' 6-max Seat #2 is the button
Seat 2: NewRocker ($150 in chips)
Seat 4: VolkovDmitri ($120 in chips)
NewRocker: posts small blind $1
VolkovDmitri: posts big blind $3
*** HOLE CARDS ***
NewRocker: folds
Uncalled bet ($2) returned to VolkovDmitri
VolkovDmitri collected $2 from pot
VolkovDmitri: doesn't show hand
*** SUMMARY ***
Total pot $2 | Rake $0
Seat 2: NewRocker (button) (small blind) folded before Flop
Seat 4: VolkovDmitri (big blind) collected ($2)


PokerStars Hand #173445431983:  Hold'em Limit ($3/$6 USD) - 2017/07/24 9:52:36 ET
Table 'Wendeline' 6-max Seat #2 is the button
Seat 2: NewRocker ($166.50 in chips)
Seat 4: VolkovDmitri ($120 in chips)
NewRocker: posts small blind $1
VolkovDmitri: posts big blind $3
*** HOLE CARDS ***
NewRocker: raises $3 to $6
VolkovDmitri: calls $3
*** FLOP *** [Tc 7s 8s]
VolkovDmitri: checks
NewRocker: bets $3
VolkovDmitri: calls $3
*** TURN *** [Tc 7s 8s] [2c]
VolkovDmitri: checks
NewRocker: bets $6
VolkovDmitri: folds
Uncalled bet ($6) returned to NewRocker
NewRocker collected $17.64 from pot
NewRocker: doesn't show hand
*** SUMMARY ***
Total pot $18 | Rake $0.36
Board [Tc 7s 8s 2c]
Seat 2: NewRocker (button) (small blind) collected ($17.64)
Seat 4: VolkovDmitri (big blind) folded on the Turn


PokerStars Hand #173445483144:  Hold'em Limit ($3/$6 USD) - 2017/07/24 9:54:11 ET
Table 'Wendeline' 6-max Seat #4 is the button
Seat 2: NewRocker ($171.14 in chips)
Seat 4: VolkovDmitri ($124 in chips)
VolkovDmitri: posts small blind $1
NewRocker: posts big blind $3
*** HOLE CARDS ***
VolkovDmitri: raises $3 to $6
NewRocker: folds
Uncalled bet ($3) returned to VolkovDmitri
VolkovDmitri collected $6 from pot
VolkovDmitri: doesn't show hand
*** SUMMARY ***
Total pot $6 | Rake $0
Seat 2: NewRocker (big blind) folded before Flop
Seat 4: VolkovDmitri (button) (small blind) collected ($6)


PokerStars Hand #173445478095:  Hold'em Limit ($3/$6 USD) - 2017/07/24 9:54:02 ET
Table 'Wendeline' 6-max Seat #2 is the button
Seat 2: NewRocker ($172.14 in chips)
Seat 4: VolkovDmitri ($123 in chips)
NewRocker: posts small blind $1
VolkovDmitri: posts big blind $3
*** HOLE CARDS ***
NewRocker: folds
Uncalled bet ($2) returned to VolkovDmitri
VolkovDmitri collected $2 from pot
VolkovDmitri: doesn't show hand
*** SUMMARY ***
Total pot $2 | Rake $0
Seat 2: NewRocker (button) (small blind) folded before Flop
Seat 4: VolkovDmitri (big blind) collected ($2)


PokerStars Hand #173445465641:  Hold'em Limit ($3/$6 USD) - 2017/07/24 9:53:38 ET
Table 'Wendeline' 6-max Seat #4 is the button
Seat 2: NewRocker ($175.14 in chips)
Seat 4: VolkovDmitri ($120 in chips)
VolkovDmitri: posts small blind $1
NewRocker: posts big blind $3
*** HOLE CARDS ***
VolkovDmitri: raises $3 to $6
NewRocker: folds
Uncalled bet ($3) returned to VolkovDmitri
VolkovDmitri collected $6 from pot
VolkovDmitri: doesn't show hand
*** SUMMARY ***
Total pot $6 | Rake $0
Seat 2: NewRocker (big blind) folded before Flop
Seat 4: VolkovDmitri (button) (small blind) collected ($6)


PokerStars Hand #173445527123:  Hold'em Limit ($3/$6 USD) - 2017/07/24 9:55:36 ET
Table 'Wendeline' 6-max Seat #4 is the button
Seat 2: NewRocker ($141.14 in chips)
Seat 4: VolkovDmitri ($153.50 in chips)
VolkovDmitri: posts small blind $1
NewRocker: posts big blind $3
*** HOLE CARDS ***
VolkovDmitri: raises $3 to $6
NewRocker: folds
Uncalled bet ($3) returned to VolkovDmitri
VolkovDmitri collected $6 from pot
VolkovDmitri: doesn't show hand
*** SUMMARY ***
Total pot $6 | Rake $0
Seat 2: NewRocker (big blind) folded before Flop
Seat 4: VolkovDmitri (button) (small blind) collected ($6)


PokerStars Hand #173445488974:  Hold'em Limit ($3/$6 USD) - 2017/07/24 9:54:22 ET
Table 'Wendeline' 6-max Seat #2 is the button
Seat 2: NewRocker ($168.14 in chips)
Seat 4: VolkovDmitri ($127 in chips)
NewRocker: posts small blind $1
VolkovDmitri: posts big blind $3
*** HOLE CARDS ***
NewRocker: raises $3 to $6
VolkovDmitri: calls $3
*** FLOP *** [5d 4s Ts]
VolkovDmitri: bets $3
NewRocker: calls $3
*** TURN *** [5d 4s Ts] [Ah]
VolkovDmitri: checks
NewRocker: bets $6
VolkovDmitri: calls $6
*** RIVER *** [5d 4s Ts Ah] [9d]
VolkovDmitri: checks
NewRocker: bets $6
VolkovDmitri: raises $6 to $12
NewRocker: calls $6
*** SHOW DOWN ***
VolkovDmitri: shows [5s 9c] (two pair, Nines and Fives)
NewRocker: mucks hand
VolkovDmitri collected $53.50 from pot
*** SUMMARY ***
Total pot $54 | Rake $0.50
Board [5d 4s Ts Ah 9d]
Seat 2: NewRocker (button) (small blind) mucked
Seat 4: VolkovDmitri (big blind) showed [5s 9c] and won ($53.50) with two pair, Nines and Fives


PokerStars Hand #173445560359:  Hold'em Limit ($3/$6 USD) - 2017/07/24 9:56:48 ET
Table 'Wendeline' 6-max Seat #4 is the button
Seat 2: NewRocker ($118.90 in chips)
Seat 4: VolkovDmitri ($175 in chips)
VolkovDmitri: posts small blind $1
NewRocker: posts big blind $3
*** HOLE CARDS ***
VolkovDmitri: raises $3 to $6
NewRocker: folds
Uncalled bet ($3) returned to VolkovDmitri
VolkovDmitri collected $6 from pot
VolkovDmitri: doesn't show hand
*** SUMMARY ***
Total pot $6 | Rake $0
Seat 2: NewRocker (big blind) folded before Flop
Seat 4: VolkovDmitri (button) (small blind) collected ($6)


PokerStars Hand #173445558128:  Hold'em Limit ($3/$6 USD) - 2017/07/24 9:56:43 ET
Table 'Wendeline' 6-max Seat #2 is the button
Seat 2: NewRocker ($119.90 in chips)
Seat 4: VolkovDmitri ($174 in chips)
NewRocker: posts small blind $1
VolkovDmitri: posts big blind $3
*** HOLE CARDS ***
NewRocker: folds
Uncalled bet ($2) returned to VolkovDmitri
VolkovDmitri collected $2 from pot
VolkovDmitri: doesn't show hand
*** SUMMARY ***
Total pot $2 | Rake $0
Seat 2: NewRocker (button) (small blind) folded before Flop
Seat 4: VolkovDmitri (big blind) collected ($2)


PokerStars Hand #173445556258:  Hold'em Limit ($3/$6 USD) - 2017/07/24 9:56:39 ET
Table 'Wendeline' 6-max Seat #4 is the button
Seat 2: NewRocker ($118.90 in chips)
Seat 4: VolkovDmitri ($175 in chips)
VolkovDmitri: posts small blind $1
NewRocker: posts big blind $3
*** HOLE CARDS ***
VolkovDmitri: folds
Uncalled bet ($2) returned to NewRocker
NewRocker collected $2 from pot
NewRocker: doesn't show hand
*** SUMMARY ***
Total pot $2 | Rake $0
Seat 2: NewRocker (big blind) collected ($2)
Seat 4: VolkovDmitri (button) (small blind) folded before Flop


PokerStars Hand #173445554056:  Hold'em Limit ($3/$6 USD) - 2017/07/24 9:56:34 ET
Table 'Wendeline' 6-max Seat #2 is the button
Seat 2: NewRocker ($119.90 in chips)
Seat 4: VolkovDmitri ($174 in chips)
NewRocker: posts small blind $1
VolkovDmitri: posts big blind $3
*** HOLE CARDS ***
NewRocker: folds
Uncalled bet ($2) returned to VolkovDmitri
VolkovDmitri collected $2 from pot
VolkovDmitri: doesn't show hand
*** SUMMARY ***
Total pot $2 | Rake $0
Seat 2: NewRocker (button) (small blind) folded before Flop
Seat 4: VolkovDmitri (big blind) collected ($2)


PokerStars Hand #173445542202:  Hold'em Limit ($3/$6 USD) - 2017/07/24 9:56:09 ET
Table 'Wendeline' 6-max Seat #4 is the button
Seat 2: NewRocker ($143.90 in chips)
Seat 4: VolkovDmitri ($150.50 in chips)
VolkovDmitri: posts small blind $1
NewRocker: posts big blind $3
*** HOLE CARDS ***
VolkovDmitri: raises $3 to $6
NewRocker: raises $3 to $9
VolkovDmitri: calls $3
*** FLOP *** [5c Js Qd]
NewRocker: bets $3
VolkovDmitri: calls $3
*** TURN *** [5c Js Qd] [5s]
NewRocker: bets $6
VolkovDmitri: calls $6
*** RIVER *** [5c Js Qd 5s] [3c]
NewRocker: bets $6
VolkovDmitri: calls $6
*** SHOW DOWN ***
NewRocker: shows [7s Ts] (a pair of Fives)
VolkovDmitri: shows [9s Jh] (two pair, Jacks and Fives)
VolkovDmitri collected $47.50 from pot
*** SUMMARY ***
Total pot $48 | Rake $0.50
Board [5c Js Qd 5s 3c]
Seat 2: NewRocker (big blind) showed [7s Ts] and lost with a pair of Fives
Seat 4: VolkovDmitri (button) (small blind) showed [9s Jh] and won ($47.50) with two pair, Jacks and Fives


PokerStars Hand #173445530887:  Hold'em Limit ($3/$6 USD) - 2017/07/24 9:55:44 ET
Table 'Wendeline' 6-max Seat #2 is the button
Seat 2: NewRocker ($138.14 in chips)
Seat 4: VolkovDmitri ($156.50 in chips)
NewRocker: posts small blind $1
VolkovDmitri: posts big blind $3
*** HOLE CARDS ***
NewRocker: raises $3 to $6
VolkovDmitri: calls $3
*** FLOP *** [2c Ks Qd]
VolkovDmitri: checks
NewRocker: bets $3
VolkovDmitri: folds
Uncalled bet ($3) returned to NewRocker
NewRocker collected $11.76 from pot
NewRocker: doesn't show hand
*** SUMMARY ***
Total pot $12 | Rake $0.24
Board [2c Ks Qd]
Seat 2: NewRocker (button) (small blind) collected ($11.76)
Seat 4: VolkovDmitri (big blind) folded on the Flop


PokerStars Hand #173445578665:  Hold'em Limit ($3/$6 USD) - 2017/07/24 9:57:27 ET
Table 'Wendeline' 6-max Seat #2 is the button
Seat 2: NewRocker ($135.40 in chips)
Seat 4: VolkovDmitri ($158 in chips)
NewRocker: posts small blind $1
VolkovDmitri: posts big blind $3
*** HOLE CARDS ***
NewRocker: raises $3 to $6
VolkovDmitri: calls $3
*** FLOP *** [Ah 5s 3c]
VolkovDmitri: checks
NewRocker: bets $3
VolkovDmitri: calls $3
*** TURN *** [Ah 5s 3c] [Ad]
VolkovDmitri: checks
NewRocker: bets $6
VolkovDmitri: folds
Uncalled bet ($6) returned to NewRocker
NewRocker collected $17.64 from pot
NewRocker: doesn't show hand
*** SUMMARY ***
Total pot $18 | Rake $0.36
Board [Ah 5s 3c Ad]
Seat 2: NewRocker (button) (small blind) collected ($17.64)
Seat 4: VolkovDmitri (big blind) folded on the Turn


PokerStars Hand #173445565590:  Hold'em Limit ($3/$6 USD) - 2017/07/24 9:56:59 ET
Table 'Wendeline' 6-max Seat #4 is the button
Seat 2: NewRocker ($114.90 in chips)
Seat 4: VolkovDmitri ($179 in chips)
VolkovDmitri: posts small blind $1
NewRocker: posts big blind $3
*** HOLE CARDS ***
VolkovDmitri: raises $3 to $6
NewRocker: calls $3
*** FLOP *** [Qh 7c 9s]
NewRocker: checks
VolkovDmitri: bets $3
NewRocker: calls $3
*** TURN *** [Qh 7c 9s] [Th]
NewRocker: checks
VolkovDmitri: bets $6
NewRocker: raises $6 to $12
VolkovDmitri: calls $6
*** RIVER *** [Qh 7c 9s Th] [6s]
NewRocker: bets $6
VolkovDmitri: folds
Uncalled bet ($6) returned to NewRocker
NewRocker collected $41.50 from pot
NewRocker: doesn't show hand
*** SUMMARY ***
Total pot $42 | Rake $0.50
Board [Qh 7c 9s Th 6s]
Seat 2: NewRocker (big blind) collected ($41.50)
Seat 4: VolkovDmitri (button) (small blind) folded on the River


PokerStars Hand #173445563360:  Hold'em Limit ($3/$6 USD) - 2017/07/24 9:56:54 ET
Table 'Wendeline' 6-max Seat #2 is the button
Seat 2: NewRocker ($115.90 in chips)
Seat 4: VolkovDmitri ($178 in chips)
NewRocker: posts small blind $1
VolkovDmitri: posts big blind $3
*** HOLE CARDS ***
NewRocker: folds
Uncalled bet ($2) returned to VolkovDmitri
VolkovDmitri collected $2 from pot
VolkovDmitri: doesn't show hand
*** SUMMARY ***
Total pot $2 | Rake $0
Seat 2: NewRocker (button) (small blind) folded before Flop
Seat 4: VolkovDmitri (big blind) collected ($2)


PokerStars Hand #173445614406:  Hold'em Limit ($3/$6 USD) - 2017/07/24 9:58:44 ET
Table 'Wendeline' 6-max Seat #2 is the button
Seat 2: NewRocker ($164.29 in chips)
Seat 4: VolkovDmitri ($127.75 in chips)
NewRocker: posts small blind $1
VolkovDmitri: posts big blind $3
*** HOLE CARDS ***
NewRocker: raises $3 to $6
VolkovDmitri: folds
Uncalled bet ($3) returned to NewRocker
NewRocker collected $6 from pot
NewRocker: doesn't show hand
*** SUMMARY ***
Total pot $6 | Rake $0
Seat 2: NewRocker (button) (small blind) collected ($6)
Seat 4: VolkovDmitri (big blind) folded before Flop


PokerStars Hand #173445604107:  Hold'em Limit ($3/$6 USD) - 2017/07/24 9:58:22 ET
Table 'Wendeline' 6-max Seat #4 is the button
Seat 2: NewRocker ($164.54 in chips)
Seat 4: VolkovDmitri ($128 in chips)
VolkovDmitri: posts small blind $1
NewRocker: posts big blind $3
*** HOLE CARDS ***
VolkovDmitri: raises $3 to $6
NewRocker: raises $3 to $9
VolkovDmitri: calls $3
*** FLOP *** [Qd Th 6c]
NewRocker: bets $3
VolkovDmitri: calls $3
*** TURN *** [Qd Th 6c] [Jh]
NewRocker: bets $6
VolkovDmitri: calls $6
*** RIVER *** [Qd Th 6c Jh] [7h]
NewRocker: checks
VolkovDmitri: checks
*** SHOW DOWN ***
NewRocker: shows [Kd Ts] (a pair of Tens)
VolkovDmitri: shows [Kh Tc] (a pair of Tens)
NewRocker collected $17.75 from pot
VolkovDmitri collected $17.75 from pot
*** SUMMARY ***
Total pot $36 | Rake $0.50
Board [Qd Th 6c Jh 7h]
Seat 2: NewRocker (big blind) showed [Kd Ts] and won ($17.75) with a pair of Tens
Seat 4: VolkovDmitri (button) (small blind) showed [Kh Tc] and won ($17.75) with a pair of Tens


PokerStars Hand #173445593353:  Hold'em Limit ($3/$6 USD) - 2017/07/24 9:57:59 ET
Table 'Wendeline' 6-max Seat #2 is the button
Seat 2: NewRocker ($141.04 in chips)
Seat 4: VolkovDmitri ($152 in chips)
NewRocker: posts small blind $1
VolkovDmitri: posts big blind $3
*** HOLE CARDS ***
NewRocker: raises $3 to $6
VolkovDmitri: raises $3 to $9
NewRocker: calls $3
*** FLOP *** [4s 7d 6h]
VolkovDmitri: bets $3
NewRocker: calls $3
*** TURN *** [4s 7d 6h] [2c]
VolkovDmitri: checks
NewRocker: bets $6
VolkovDmitri: calls $6
*** RIVER *** [4s 7d 6h 2c] [3h]
VolkovDmitri: checks
NewRocker: bets $6
VolkovDmitri: calls $6
*** SHOW DOWN ***
NewRocker: shows [6s Kc] (a pair of Sixes)
VolkovDmitri: mucks hand
NewRocker collected $47.50 from pot
*** SUMMARY ***
Total pot $48 | Rake $0.50
Board [4s 7d 6h 2c 3h]
Seat 2: NewRocker (button) (small blind) showed [6s Kc] and won ($47.50) with a pair of Sixes
Seat 4: VolkovDmitri (big blind) mucked


PokerStars Hand #173445589745:  Hold'em Limit ($3/$6 USD) - 2017/07/24 9:57:51 ET
Table 'Wendeline' 6-max Seat #4 is the button
Seat 2: NewRocker ($144.04 in chips)
Seat 4: VolkovDmitri ($149 in chips)
VolkovDmitri: posts small blind $1
NewRocker: posts big blind $3
*** HOLE CARDS ***
VolkovDmitri: raises $3 to $6
NewRocker: folds
Uncalled bet ($3) returned to VolkovDmitri
VolkovDmitri collected $6 from pot
VolkovDmitri: doesn't show hand
*** SUMMARY ***
Total pot $6 | Rake $0
Seat 2: NewRocker (big blind) folded before Flop
Seat 4: VolkovDmitri (button) (small blind) collected ($6)


