PokerStars Hand #176842574284:  Hold'em Limit ($3/$6 USD) - 2017/10/12 20:49:23 ET
Table 'Wendeline' 6-max Seat #5 is the button
Seat 3: hehasnthashe ($146.50 in chips)
Seat 5: vestimokrec ($93 in chips)
vestimokrec: posts small blind $1
TheU10: is sitting out
hehasnthashe: posts big blind $3
*** HOLE CARDS ***
vestimokrec: raises $3 to $6
TheU10 leaves the table
hehasnthashe: calls $3
*** FLOP *** [5d 5h 6d]
hehasnthashe: checks
vestimokrec: bets $3
hehasnthashe: calls $3
*** TURN *** [5d 5h 6d] [Jd]
hehasnthashe: checks
vestimokrec: bets $6
hehasnthashe: folds
Uncalled bet ($6) returned to vestimokrec
vestimokrec collected $17.64 from pot
vestimokrec: doesn't show hand
*** SUMMARY ***
Total pot $18 | Rake $0.36
Board [5d 5h 6d Jd]
Seat 3: hehasnthashe (big blind) folded on the Turn
Seat 5: vestimokrec (button) (small blind) collected ($17.64)


PokerStars Hand #176842591784:  Hold'em Limit ($3/$6 USD) - 2017/10/12 20:50:04 ET
Table 'Wendeline' 6-max Seat #3 is the button
Seat 3: hehasnthashe ($133.50 in chips)
Seat 5: vestimokrec ($105.64 in chips)
hehasnthashe: posts small blind $1
vestimokrec: posts big blind $3
*** HOLE CARDS ***
hehasnthashe: calls $2
vestimokrec: raises $3 to $6
hehasnthashe: calls $3
*** FLOP *** [Ah Kd Ts]
vestimokrec: bets $3
hehasnthashe: calls $3
*** TURN *** [Ah Kd Ts] [8h]
vestimokrec: checks
hehasnthashe: bets $6
vestimokrec: calls $6
*** RIVER *** [Ah Kd Ts 8h] [Qd]
vestimokrec: checks
hehasnthashe: bets $6
vestimokrec: calls $6
*** SHOW DOWN ***
hehasnthashe: shows [Ks As] (two pair, Aces and Kings)
vestimokrec: mucks hand
hehasnthashe collected $41.50 from pot
*** SUMMARY ***
Total pot $42 | Rake $0.50
Board [Ah Kd Ts 8h Qd]
Seat 3: hehasnthashe (button) (small blind) showed [Ks As] and won ($41.50) with two pair, Aces and Kings
Seat 5: vestimokrec (big blind) mucked


PokerStars Hand #176842589254:  Hold'em Limit ($3/$6 USD) - 2017/10/12 20:49:58 ET
Table 'Wendeline' 6-max Seat #5 is the button
Seat 3: hehasnthashe ($136.50 in chips)
Seat 5: vestimokrec ($102.64 in chips)
vestimokrec: posts small blind $1
hehasnthashe: posts big blind $3
*** HOLE CARDS ***
vestimokrec: raises $3 to $6
hehasnthashe: folds
Uncalled bet ($3) returned to vestimokrec
vestimokrec collected $6 from pot
vestimokrec: doesn't show hand
*** SUMMARY ***
Total pot $6 | Rake $0
Seat 3: hehasnthashe (big blind) folded before Flop
Seat 5: vestimokrec (button) (small blind) collected ($6)


PokerStars Hand #176842586068:  Hold'em Limit ($3/$6 USD) - 2017/10/12 20:49:51 ET
Table 'Wendeline' 6-max Seat #3 is the button
Seat 3: hehasnthashe ($137.50 in chips)
Seat 5: vestimokrec ($101.64 in chips)
hehasnthashe: posts small blind $1
vestimokrec: posts big blind $3
*** HOLE CARDS ***
hehasnthashe: folds
Uncalled bet ($2) returned to vestimokrec
vestimokrec collected $2 from pot
vestimokrec: doesn't show hand
*** SUMMARY ***
Total pot $2 | Rake $0
Seat 3: hehasnthashe (button) (small blind) folded before Flop
Seat 5: vestimokrec (big blind) collected ($2)


PokerStars Hand #176842605368:  Hold'em Limit ($3/$6 USD) - 2017/10/12 20:50:36 ET
Table 'Wendeline' 6-max Seat #5 is the button
Seat 3: hehasnthashe ($154 in chips)
Seat 5: vestimokrec ($84.64 in chips)
vestimokrec: posts small blind $1
hehasnthashe: posts big blind $3
*** HOLE CARDS ***
vestimokrec: raises $3 to $6
hehasnthashe: raises $3 to $9
vestimokrec: calls $3
*** FLOP *** [8d 7s 3h]
hehasnthashe: bets $3
vestimokrec: calls $3
*** TURN *** [8d 7s 3h] [As]
hehasnthashe: bets $6
vestimokrec: calls $6
*** RIVER *** [8d 7s 3h As] [Js]
hehasnthashe: bets $6
vestimokrec: folds
Uncalled bet ($6) returned to hehasnthashe
hehasnthashe collected $35.50 from pot
hehasnthashe: doesn't show hand
*** SUMMARY ***
Total pot $36 | Rake $0.50
Board [8d 7s 3h As Js]
Seat 3: hehasnthashe (big blind) collected ($35.50)
Seat 5: vestimokrec (button) (small blind) folded on the River


PokerStars Hand #176847592944:  Hold'em Limit ($3/$6 USD) - 2017/10/13 1:19:06 ET
Table 'Wendeline' 6-max Seat #3 is the button
Seat 3: fugu82 ($50 in chips)
Seat 4: VolkovDmitri ($120 in chips)
fugu82: posts small blind $1
VolkovDmitri: posts big blind $3
*** HOLE CARDS ***
fugu82: folds
Uncalled bet ($2) returned to VolkovDmitri
VolkovDmitri collected $2 from pot
VolkovDmitri: doesn't show hand
*** SUMMARY ***
Total pot $2 | Rake $0
Seat 3: fugu82 (button) (small blind) folded before Flop
Seat 4: VolkovDmitri (big blind) collected ($2)


PokerStars Hand #176847606259:  Hold'em Limit ($3/$6 USD) - 2017/10/13 1:20:01 ET
Table 'Wendeline' 6-max Seat #3 is the button
Seat 3: fugu82 ($62.09 in chips)
Seat 4: VolkovDmitri ($120 in chips)
fugu82: posts small blind $1
VolkovDmitri: posts big blind $3
*** HOLE CARDS ***
fugu82: raises $3 to $6
VolkovDmitri: calls $3
*** FLOP *** [9s Js 6c]
VolkovDmitri: checks
fugu82: bets $3
VolkovDmitri: calls $3
*** TURN *** [9s Js 6c] [Ac]
VolkovDmitri: checks
fugu82: bets $6
VolkovDmitri: folds
Uncalled bet ($6) returned to fugu82
fugu82 collected $17.64 from pot
fugu82: doesn't show hand
*** SUMMARY ***
Total pot $18 | Rake $0.36
Board [9s Js 6c Ac]
Seat 3: fugu82 (button) (small blind) collected ($17.64)
Seat 4: VolkovDmitri (big blind) folded on the Turn


PokerStars Hand #176847595324:  Hold'em Limit ($3/$6 USD) - 2017/10/13 1:19:16 ET
Table 'Wendeline' 6-max Seat #4 is the button
Seat 3: fugu82 ($49 in chips)
Seat 4: VolkovDmitri ($121 in chips)
VolkovDmitri: posts small blind $1
fugu82: posts big blind $3
*** HOLE CARDS ***
VolkovDmitri: raises $3 to $6
fugu82: calls $3
*** FLOP *** [7s 8d 9h]
fugu82: checks
VolkovDmitri: bets $3
fugu82: calls $3
*** TURN *** [7s 8d 9h] [Th]
fugu82: bets $6
VolkovDmitri: folds
Uncalled bet ($6) returned to fugu82
fugu82 collected $17.64 from pot
fugu82: doesn't show hand
*** SUMMARY ***
Total pot $18 | Rake $0.36
Board [7s 8d 9h Th]
Seat 3: fugu82 (big blind) collected ($17.64)
Seat 4: VolkovDmitri (button) (small blind) folded on the Turn


PokerStars Hand #176847621954:  Hold'em Limit ($3/$6 USD) - 2017/10/13 1:21:07 ET
Table 'Wendeline' 6-max Seat #3 is the button
Seat 3: fugu82 ($79.37 in chips)
Seat 4: VolkovDmitri ($120 in chips)
fugu82: posts small blind $1
VolkovDmitri: posts big blind $3
*** HOLE CARDS ***
fugu82: raises $3 to $6
VolkovDmitri: calls $3
*** FLOP *** [9c Kd Qs]
VolkovDmitri: checks
fugu82: bets $3
VolkovDmitri: calls $3
*** TURN *** [9c Kd Qs] [Jd]
VolkovDmitri: checks
fugu82: checks
*** RIVER *** [9c Kd Qs Jd] [8c]
VolkovDmitri: bets $6
fugu82: folds
Uncalled bet ($6) returned to VolkovDmitri
VolkovDmitri collected $17.64 from pot
VolkovDmitri: doesn't show hand
*** SUMMARY ***
Total pot $18 | Rake $0.36
Board [9c Kd Qs Jd 8c]
Seat 3: fugu82 (button) (small blind) folded on the River
Seat 4: VolkovDmitri (big blind) collected ($17.64)


PokerStars Hand #176847614908:  Hold'em Limit ($3/$6 USD) - 2017/10/13 1:20:37 ET
Table 'Wendeline' 6-max Seat #4 is the button
Seat 3: fugu82 ($70.73 in chips)
Seat 4: VolkovDmitri ($120 in chips)
VolkovDmitri: posts small blind $1
fugu82: posts big blind $3
*** HOLE CARDS ***
VolkovDmitri: raises $3 to $6
fugu82: calls $3
*** FLOP *** [Th Jh Jd]
fugu82: checks
VolkovDmitri: bets $3
fugu82: calls $3
*** TURN *** [Th Jh Jd] [Td]
fugu82: checks
VolkovDmitri: checks
*** RIVER *** [Th Jh Jd Td] [7d]
fugu82: checks
VolkovDmitri: checks
*** SHOW DOWN ***
fugu82: shows [9s Kh] (two pair, Jacks and Tens)
VolkovDmitri: mucks hand
fugu82 collected $17.64 from pot
*** SUMMARY ***
Total pot $18 | Rake $0.36
Board [Th Jh Jd Td 7d]
Seat 3: fugu82 (big blind) showed [9s Kh] and won ($17.64) with two pair, Jacks and Tens
Seat 4: VolkovDmitri (button) (small blind) mucked


PokerStars Hand #176847641372:  Hold'em Limit ($3/$6 USD) - 2017/10/13 1:22:27 ET
Table 'Wendeline' 6-max Seat #3 is the button
Seat 3: fugu82 ($53.87 in chips)
Seat 4: VolkovDmitri ($153.50 in chips)
fugu82: posts small blind $1
VolkovDmitri: posts big blind $3
*** HOLE CARDS ***
fugu82: raises $3 to $6
VolkovDmitri: calls $3
*** FLOP *** [Td Ad As]
VolkovDmitri: checks
fugu82: bets $3
VolkovDmitri: raises $3 to $6
fugu82: calls $3
*** TURN *** [Td Ad As] [9c]
VolkovDmitri: checks
fugu82: bets $6
VolkovDmitri: folds
Uncalled bet ($6) returned to fugu82
fugu82 collected $23.52 from pot
fugu82: doesn't show hand
*** SUMMARY ***
Total pot $24 | Rake $0.48
Board [Td Ad As 9c]
Seat 3: fugu82 (button) (small blind) collected ($23.52)
Seat 4: VolkovDmitri (big blind) folded on the Turn


PokerStars Hand #176847634860:  Hold'em Limit ($3/$6 USD) - 2017/10/13 1:22:01 ET
Table 'Wendeline' 6-max Seat #3 is the button
Seat 3: fugu82 ($87.87 in chips)
Seat 4: VolkovDmitri ($120 in chips)
fugu82: posts small blind $1
VolkovDmitri: posts big blind $3
*** HOLE CARDS ***
fugu82: folds
Uncalled bet ($2) returned to VolkovDmitri
VolkovDmitri collected $2 from pot
VolkovDmitri: doesn't show hand
*** SUMMARY ***
Total pot $2 | Rake $0
Seat 3: fugu82 (button) (small blind) folded before Flop
Seat 4: VolkovDmitri (big blind) collected ($2)


PokerStars Hand #176847636103:  Hold'em Limit ($3/$6 USD) - 2017/10/13 1:22:06 ET
Table 'Wendeline' 6-max Seat #4 is the button
Seat 3: fugu82 ($86.87 in chips)
Seat 4: VolkovDmitri ($121 in chips)
VolkovDmitri: posts small blind $1
fugu82: posts big blind $3
*** HOLE CARDS ***
VolkovDmitri: raises $3 to $6
fugu82: raises $3 to $9
VolkovDmitri: raises $3 to $12
Betting is capped
fugu82: calls $3
*** FLOP *** [2s 6s Kh]
fugu82: bets $3
VolkovDmitri: calls $3
*** TURN *** [2s 6s Kh] [Td]
fugu82: bets $6
VolkovDmitri: calls $6
*** RIVER *** [2s 6s Kh Td] [Js]
fugu82: bets $6
VolkovDmitri: raises $6 to $12
fugu82: calls $6
*** SHOW DOWN ***
VolkovDmitri: shows [Jc Jd] (three of a kind, Jacks)
fugu82: mucks hand
VolkovDmitri collected $65.50 from pot
*** SUMMARY ***
Total pot $66 | Rake $0.50
Board [2s 6s Kh Td Js]
Seat 3: fugu82 (big blind) mucked
Seat 4: VolkovDmitri (button) (small blind) showed [Jc Jd] and won ($65.50) with three of a kind, Jacks


PokerStars Hand #176847646898:  Hold'em Limit ($3/$6 USD) - 2017/10/13 1:22:50 ET
Table 'Wendeline' 6-max Seat #4 is the button
Seat 3: fugu82 ($65.39 in chips)
Seat 4: VolkovDmitri ($141.50 in chips)
VolkovDmitri: posts small blind $1
fugu82: posts big blind $3
*** HOLE CARDS ***
VolkovDmitri: raises $3 to $6
fugu82: folds
Uncalled bet ($3) returned to VolkovDmitri
VolkovDmitri collected $6 from pot
VolkovDmitri: doesn't show hand
*** SUMMARY ***
Total pot $6 | Rake $0
Seat 3: fugu82 (big blind) folded before Flop
Seat 4: VolkovDmitri (button) (small blind) collected ($6)


PokerStars Hand #176847648067:  Hold'em Limit ($3/$6 USD) - 2017/10/13 1:22:55 ET
Table 'Wendeline' 6-max Seat #3 is the button
Seat 3: fugu82 ($62.39 in chips)
Seat 4: VolkovDmitri ($144.50 in chips)
fugu82: posts small blind $1
VolkovDmitri: posts big blind $3
*** HOLE CARDS ***
fugu82: raises $3 to $6
VolkovDmitri: calls $3
*** FLOP *** [Jd 8s 7s]
VolkovDmitri: bets $3
fugu82: raises $3 to $6
VolkovDmitri: calls $3
*** TURN *** [Jd 8s 7s] [Js]
VolkovDmitri: checks
fugu82: bets $6
VolkovDmitri: calls $6
*** RIVER *** [Jd 8s 7s Js] [3h]
VolkovDmitri: checks
fugu82: bets $6
VolkovDmitri: folds
Uncalled bet ($6) returned to fugu82
fugu82 collected $35.50 from pot
fugu82: doesn't show hand
*** SUMMARY ***
Total pot $36 | Rake $0.50
Board [Jd 8s 7s Js 3h]
Seat 3: fugu82 (button) (small blind) collected ($35.50)
Seat 4: VolkovDmitri (big blind) folded on the River


PokerStars Hand #176847668085:  Hold'em Limit ($3/$6 USD) - 2017/10/13 1:24:19 ET
Table 'Wendeline' 6-max Seat #3 is the button
Seat 3: fugu82 ($58.89 in chips)
Seat 4: VolkovDmitri ($146.66 in chips)
fugu82: posts small blind $1
VolkovDmitri: posts big blind $3
*** HOLE CARDS ***
fugu82: raises $3 to $6
VolkovDmitri: calls $3
*** FLOP *** [Ah 2s 8c]
VolkovDmitri: checks
fugu82: bets $3
VolkovDmitri: calls $3
*** TURN *** [Ah 2s 8c] [6c]
VolkovDmitri: checks
fugu82: bets $6
VolkovDmitri: calls $6
*** RIVER *** [Ah 2s 8c 6c] [7c]
VolkovDmitri: bets $6
fugu82: calls $6
*** SHOW DOWN ***
VolkovDmitri: shows [9d Ts] (a straight, Six to Ten)
fugu82: mucks hand
VolkovDmitri collected $41.50 from pot
*** SUMMARY ***
Total pot $42 | Rake $0.50
Board [Ah 2s 8c 6c 7c]
Seat 3: fugu82 (button) (small blind) mucked
Seat 4: VolkovDmitri (big blind) showed [9d Ts] and won ($41.50) with a straight, Six to Ten


PokerStars Hand #176847666977:  Hold'em Limit ($3/$6 USD) - 2017/10/13 1:24:14 ET
Table 'Wendeline' 6-max Seat #4 is the button
Seat 3: fugu82 ($57.89 in chips)
Seat 4: VolkovDmitri ($147.66 in chips)
VolkovDmitri: posts small blind $1
fugu82: posts big blind $3
*** HOLE CARDS ***
VolkovDmitri: folds
Uncalled bet ($2) returned to fugu82
fugu82 collected $2 from pot
fugu82: doesn't show hand
*** SUMMARY ***
Total pot $2 | Rake $0
Seat 3: fugu82 (big blind) collected ($2)
Seat 4: VolkovDmitri (button) (small blind) folded before Flop


PokerStars Hand #176847665696:  Hold'em Limit ($3/$6 USD) - 2017/10/13 1:24:09 ET
Table 'Wendeline' 6-max Seat #3 is the button
Seat 3: fugu82 ($58.89 in chips)
Seat 4: VolkovDmitri ($146.66 in chips)
fugu82: posts small blind $1
VolkovDmitri: posts big blind $3
*** HOLE CARDS ***
fugu82: folds
Uncalled bet ($2) returned to VolkovDmitri
VolkovDmitri collected $2 from pot
VolkovDmitri: doesn't show hand
*** SUMMARY ***
Total pot $2 | Rake $0
Seat 3: fugu82 (button) (small blind) folded before Flop
Seat 4: VolkovDmitri (big blind) collected ($2)


PokerStars Hand #176847657091:  Hold'em Limit ($3/$6 USD) - 2017/10/13 1:23:33 ET
Table 'Wendeline' 6-max Seat #3 is the button
Seat 3: fugu82 ($73.89 in chips)
Seat 4: VolkovDmitri ($132.26 in chips)
fugu82: posts small blind $1
VolkovDmitri: posts big blind $3
*** HOLE CARDS ***
fugu82: raises $3 to $6
VolkovDmitri: calls $3
*** FLOP *** [4d 5c 2c]
VolkovDmitri: checks
fugu82: bets $3
VolkovDmitri: calls $3
*** TURN *** [4d 5c 2c] [4c]
VolkovDmitri: checks
fugu82: checks
*** RIVER *** [4d 5c 2c 4c] [6s]
VolkovDmitri: bets $6
fugu82: folds
Uncalled bet ($6) returned to VolkovDmitri
VolkovDmitri collected $17.64 from pot
VolkovDmitri: doesn't show hand
*** SUMMARY ***
Total pot $18 | Rake $0.36
Board [4d 5c 2c 4c 6s]
Seat 3: fugu82 (button) (small blind) folded on the River
Seat 4: VolkovDmitri (big blind) collected ($17.64)


PokerStars Hand #176847673381:  Hold'em Limit ($3/$6 USD) - 2017/10/13 1:24:41 ET
Table 'Wendeline' 6-max Seat #4 is the button
Seat 3: fugu82 ($37.89 in chips)
Seat 4: VolkovDmitri ($167.16 in chips)
VolkovDmitri: posts small blind $1
fugu82: posts big blind $3
*** HOLE CARDS ***
VolkovDmitri: raises $3 to $6
fugu82: raises $3 to $9
VolkovDmitri: raises $3 to $12
Betting is capped
fugu82: calls $3
*** FLOP *** [7h Kh 2s]
fugu82: bets $3
VolkovDmitri: calls $3
*** TURN *** [7h Kh 2s] [Qs]
fugu82: bets $6
VolkovDmitri: calls $6
*** RIVER *** [7h Kh 2s Qs] [2h]
fugu82 said, "lol"
fugu82: bets $6
VolkovDmitri: calls $6
*** SHOW DOWN ***
fugu82: shows [Kc Ks] (a full house, Kings full of Deuces)
VolkovDmitri: mucks hand
fugu82 collected $53.50 from pot
*** SUMMARY ***
Total pot $54 | Rake $0.50
Board [7h Kh 2s Qs 2h]
Seat 3: fugu82 (big blind) showed [Kc Ks] and won ($53.50) with a full house, Kings full of Deuces
Seat 4: VolkovDmitri (button) (small blind) mucked


PokerStars Hand #176847678027:  Hold'em Limit ($3/$6 USD) - 2017/10/13 1:25:00 ET
Table 'Wendeline' 6-max Seat #3 is the button
Seat 3: fugu82 ($64.39 in chips)
Seat 4: VolkovDmitri ($140.16 in chips)
fugu82: posts small blind $1
VolkovDmitri: posts big blind $3
*** HOLE CARDS ***
fugu82: raises $3 to $6
VolkovDmitri: raises $3 to $9
fugu82: calls $3
*** FLOP *** [2c 7c 5h]
VolkovDmitri: bets $3
fugu82: calls $3
*** TURN *** [2c 7c 5h] [Ks]
VolkovDmitri: bets $6
fugu82: folds
Uncalled bet ($6) returned to VolkovDmitri
VolkovDmitri collected $23.52 from pot
VolkovDmitri: doesn't show hand
*** SUMMARY ***
Total pot $24 | Rake $0.48
Board [2c 7c 5h Ks]
Seat 3: fugu82 (button) (small blind) folded on the Turn
Seat 4: VolkovDmitri (big blind) collected ($23.52)


PokerStars Hand #176847685830:  Hold'em Limit ($3/$6 USD) - 2017/10/13 1:25:33 ET
Table 'Wendeline' 6-max Seat #3 is the button
Seat 3: fugu82 ($66.89 in chips)
Seat 4: VolkovDmitri ($136.68 in chips)
fugu82: posts small blind $1
VolkovDmitri: posts big blind $3
*** HOLE CARDS ***
fugu82: folds
Uncalled bet ($2) returned to VolkovDmitri
VolkovDmitri collected $2 from pot
VolkovDmitri: doesn't show hand
*** SUMMARY ***
Total pot $2 | Rake $0
Seat 3: fugu82 (button) (small blind) folded before Flop
Seat 4: VolkovDmitri (big blind) collected ($2)


PokerStars Hand #176847681075:  Hold'em Limit ($3/$6 USD) - 2017/10/13 1:25:13 ET
Table 'Wendeline' 6-max Seat #4 is the button
Seat 3: fugu82 ($52.39 in chips)
Seat 4: VolkovDmitri ($151.68 in chips)
VolkovDmitri: posts small blind $1
fugu82: posts big blind $3
*** HOLE CARDS ***
VolkovDmitri: raises $3 to $6
fugu82: calls $3
*** FLOP *** [5d 5h Ah]
fugu82: checks
VolkovDmitri: bets $3
fugu82: raises $3 to $6
VolkovDmitri: raises $3 to $9
fugu82: calls $3
*** TURN *** [5d 5h Ah] [Kc]
fugu82: checks
VolkovDmitri: checks
*** RIVER *** [5d 5h Ah Kc] [3h]
fugu82: bets $6
VolkovDmitri: folds
Uncalled bet ($6) returned to fugu82
fugu82 collected $29.50 from pot
fugu82: doesn't show hand
*** SUMMARY ***
Total pot $30 | Rake $0.50
Board [5d 5h Ah Kc 3h]
Seat 3: fugu82 (big blind) collected ($29.50)
Seat 4: VolkovDmitri (button) (small blind) folded on the River


PokerStars Hand #176847686996:  Hold'em Limit ($3/$6 USD) - 2017/10/13 1:25:38 ET
Table 'Wendeline' 6-max Seat #4 is the button
Seat 3: fugu82 ($65.89 in chips)
Seat 4: VolkovDmitri ($137.68 in chips)
VolkovDmitri: posts small blind $1
fugu82: posts big blind $3
*** HOLE CARDS ***
VolkovDmitri: raises $3 to $6
fugu82: calls $3
*** FLOP *** [Ah 8d 8c]
fugu82: checks
VolkovDmitri: bets $3
fugu82: raises $3 to $6
VolkovDmitri: calls $3
*** TURN *** [Ah 8d 8c] [Th]
fugu82: bets $6
VolkovDmitri: calls $6
*** RIVER *** [Ah 8d 8c Th] [Js]
fugu82: bets $6
VolkovDmitri: calls $6
*** SHOW DOWN ***
fugu82: shows [Ks 8h] (three of a kind, Eights)
VolkovDmitri: mucks hand
fugu82 collected $47.50 from pot
*** SUMMARY ***
Total pot $48 | Rake $0.50
Board [Ah 8d 8c Th Js]
Seat 3: fugu82 (big blind) showed [Ks 8h] and won ($47.50) with three of a kind, Eights
Seat 4: VolkovDmitri (button) (small blind) mucked


