PokerStars Hand #163127657854:  Hold'em Limit ($3/$6 USD) - 2016/12/18 6:21:50 ET
Table 'Werdandi' 6-max Seat #6 is the button
Seat 5: MTails ($120 in chips)
Seat 6: zizonmusang ($80 in chips)
ZinZar joins the table at seat #1
zizonmusang: posts small blind $1
MTails: posts big blind $3
*** HOLE CARDS ***
zizonmusang: folds
Uncalled bet ($2) returned to MTails
TbIP-TbIP 88 leaves the table
MTails collected $2 from pot
*** SUMMARY ***
Total pot $2 | Rake $0
Seat 5: MTails (big blind) collected ($2)
Seat 6: zizonmusang (button) (small blind) folded before Flop


PokerStars Hand #163127661424:  Hold'em Limit ($3/$6 USD) - 2016/12/18 6:21:57 ET
Table 'Werdandi' 6-max Seat #5 is the button
Seat 5: MTails ($121 in chips)
Seat 6: zizonmusang ($79 in chips)
MTails: posts small blind $1
zizonmusang: posts big blind $3
*** HOLE CARDS ***
MTails: raises $3 to $6
zizonmusang: calls $3
*** FLOP *** [2h 7d Ts]
zizonmusang: checks
MTails: bets $3
zizonmusang: calls $3
*** TURN *** [2h 7d Ts] [9d]
zizonmusang: checks
MTails: checks
*** RIVER *** [2h 7d Ts 9d] [5s]
zizonmusang: bets $6
MTails: folds
Uncalled bet ($6) returned to zizonmusang
zizonmusang collected $17.64 from pot
zizonmusang: doesn't show hand
*** SUMMARY ***
Total pot $18 | Rake $0.36
Board [2h 7d Ts 9d 5s]
Seat 5: MTails (button) (small blind) folded on the River
Seat 6: zizonmusang (big blind) collected ($17.64)


PokerStars Hand #163127760716:  Hold'em Limit ($3/$6 USD) - 2016/12/18 6:25:11 ET
Table 'Werdandi' 6-max Seat #3 is the button
Seat 1: ZinZar ($113.21 in chips)
Seat 3: knas4 ($273.32 in chips)
knas4: posts small blind $1
zizonmusang: is sitting out
ZinZar: posts big blind $3
*** HOLE CARDS ***
knas4: folds
Uncalled bet ($2) returned to ZinZar
ZinZar collected $2 from pot
ZinZar: doesn't show hand
*** SUMMARY ***
Total pot $2 | Rake $0
Seat 1: ZinZar (big blind) collected ($2)
Seat 3: knas4 (button) (small blind) folded before Flop


