PokerStars Hand #162742623098:  Hold'em Limit ($3/$6 USD) - 2016/12/10 18:31:50 ET
Table 'Werdandi' 6-max Seat #1 is the button
Seat 1: LifeisagameX ($84 in chips)
Seat 2: gorcea_vs ($41.49 in chips)
LifeisagameX: posts small blind $1
gorcea_vs: posts big blind $3
*** HOLE CARDS ***
LifeisagameX: raises $3 to $6
gorcea_vs: folds
Uncalled bet ($3) returned to LifeisagameX
LifeisagameX collected $6 from pot
LifeisagameX: doesn't show hand
*** SUMMARY ***
Total pot $6 | Rake $0
Seat 1: LifeisagameX (button) (small blind) collected ($6)
Seat 2: gorcea_vs (big blind) folded before Flop


PokerStars Hand #162742633668:  Hold'em Limit ($3/$6 USD) - 2016/12/10 18:32:03 ET
Table 'Werdandi' 6-max Seat #2 is the button
Seat 1: LifeisagameX ($87 in chips)
Seat 2: gorcea_vs ($38.49 in chips)
gorcea_vs: posts small blind $1
LifeisagameX: posts big blind $3
*** HOLE CARDS ***
gorcea_vs: raises $3 to $6
LifeisagameX: calls $3
*** FLOP *** [Td 9c 3c]
LifeisagameX: checks
gorcea_vs: bets $3
LifeisagameX: calls $3
*** TURN *** [Td 9c 3c] [2s]
LifeisagameX: checks
gorcea_vs: bets $6
LifeisagameX: calls $6
*** RIVER *** [Td 9c 3c 2s] [Ks]
LifeisagameX: checks
gorcea_vs: bets $6
LifeisagameX: calls $6
*** SHOW DOWN ***
gorcea_vs: shows [9h Kd] (two pair, Kings and Nines)
LifeisagameX: mucks hand
gorcea_vs collected $41.50 from pot
*** SUMMARY ***
Total pot $42 | Rake $0.50
Board [Td 9c 3c 2s Ks]
Seat 1: LifeisagameX (big blind) mucked
Seat 2: gorcea_vs (button) (small blind) showed [9h Kd] and won ($41.50) with two pair, Kings and Nines


PokerStars Hand #162742670213:  Hold'em Limit ($3/$6 USD) - 2016/12/10 18:32:48 ET
Table 'Werdandi' 6-max Seat #1 is the button
Seat 1: LifeisagameX ($84 in chips)
Seat 2: gorcea_vs ($58.99 in chips)
LifeisagameX: posts small blind $1
gorcea_vs: posts big blind $3
*** HOLE CARDS ***
LifeisagameX: raises $3 to $6
gorcea_vs: folds
Uncalled bet ($3) returned to LifeisagameX
LifeisagameX collected $6 from pot
LifeisagameX: doesn't show hand
*** SUMMARY ***
Total pot $6 | Rake $0
Seat 1: LifeisagameX (button) (small blind) collected ($6)
Seat 2: gorcea_vs (big blind) folded before Flop


PokerStars Hand #162742687709:  Hold'em Limit ($3/$6 USD) - 2016/12/10 18:33:10 ET
Table 'Werdandi' 6-max Seat #2 is the button
Seat 1: LifeisagameX ($87 in chips)
Seat 2: gorcea_vs ($55.99 in chips)
gorcea_vs: posts small blind $1
LifeisagameX: posts big blind $3
*** HOLE CARDS ***
gorcea_vs: raises $3 to $6
LifeisagameX: calls $3
*** FLOP *** [Ah 7d Tc]
LifeisagameX: checks
gorcea_vs: bets $3
LifeisagameX: folds
Uncalled bet ($3) returned to gorcea_vs
gorcea_vs collected $11.76 from pot
gorcea_vs: doesn't show hand
*** SUMMARY ***
Total pot $12 | Rake $0.24
Board [Ah 7d Tc]
Seat 1: LifeisagameX (big blind) folded on the Flop
Seat 2: gorcea_vs (button) (small blind) collected ($11.76)


PokerStars Hand #162742709417:  Hold'em Limit ($3/$6 USD) - 2016/12/10 18:33:38 ET
Table 'Werdandi' 6-max Seat #1 is the button
Seat 1: LifeisagameX ($84 in chips)
Seat 2: gorcea_vs ($61.75 in chips)
LifeisagameX: posts small blind $1
gorcea_vs: posts big blind $3
*** HOLE CARDS ***
LifeisagameX: raises $3 to $6
gorcea_vs: folds
Uncalled bet ($3) returned to LifeisagameX
LifeisagameX collected $6 from pot
LifeisagameX: doesn't show hand
*** SUMMARY ***
Total pot $6 | Rake $0
Seat 1: LifeisagameX (button) (small blind) collected ($6)
Seat 2: gorcea_vs (big blind) folded before Flop


PokerStars Hand #162742722477:  Hold'em Limit ($3/$6 USD) - 2016/12/10 18:33:55 ET
Table 'Werdandi' 6-max Seat #1 is the button
Seat 1: LifeisagameX ($84 in chips)
Seat 2: gorcea_vs ($61.75 in chips)
LifeisagameX: posts small blind $1
gorcea_vs: posts big blind $3
*** HOLE CARDS ***
LifeisagameX: raises $3 to $6
gorcea_vs: folds
Uncalled bet ($3) returned to LifeisagameX
LifeisagameX collected $6 from pot
LifeisagameX: doesn't show hand
*** SUMMARY ***
Total pot $6 | Rake $0
Seat 1: LifeisagameX (button) (small blind) collected ($6)
Seat 2: gorcea_vs (big blind) folded before Flop


PokerStars Hand #162742715421:  Hold'em Limit ($3/$6 USD) - 2016/12/10 18:33:46 ET
Table 'Werdandi' 6-max Seat #2 is the button
Seat 1: LifeisagameX ($87 in chips)
Seat 2: gorcea_vs ($58.75 in chips)
gorcea_vs: posts small blind $1
LifeisagameX: posts big blind $3
*** HOLE CARDS ***
gorcea_vs: raises $3 to $6
LifeisagameX: folds
Uncalled bet ($3) returned to gorcea_vs
gorcea_vs collected $6 from pot
gorcea_vs: doesn't show hand
*** SUMMARY ***
Total pot $6 | Rake $0
Seat 1: LifeisagameX (big blind) folded before Flop
Seat 2: gorcea_vs (button) (small blind) collected ($6)


PokerStars Hand #162742727454:  Hold'em Limit ($3/$6 USD) - 2016/12/10 18:34:01 ET
Table 'Werdandi' 6-max Seat #2 is the button
Seat 1: LifeisagameX ($87 in chips)
Seat 2: gorcea_vs ($58.75 in chips)
gorcea_vs: posts small blind $1
LifeisagameX: posts big blind $3
*** HOLE CARDS ***
gorcea_vs: folds
Uncalled bet ($2) returned to LifeisagameX
LifeisagameX collected $2 from pot
LifeisagameX: doesn't show hand
*** SUMMARY ***
Total pot $2 | Rake $0
Seat 1: LifeisagameX (big blind) collected ($2)
Seat 2: gorcea_vs (button) (small blind) folded before Flop


PokerStars Hand #162742731717:  Hold'em Limit ($3/$6 USD) - 2016/12/10 18:34:07 ET
Table 'Werdandi' 6-max Seat #1 is the button
Seat 1: LifeisagameX ($88 in chips)
Seat 2: gorcea_vs ($57.75 in chips)
LifeisagameX: posts small blind $1
gorcea_vs: posts big blind $3
*** HOLE CARDS ***
LifeisagameX: raises $3 to $6
Kaukadiginte joins the table at seat #3
gorcea_vs: folds
Uncalled bet ($3) returned to LifeisagameX
LifeisagameX collected $6 from pot
LifeisagameX: doesn't show hand
*** SUMMARY ***
Total pot $6 | Rake $0
Seat 1: LifeisagameX (button) (small blind) collected ($6)
Seat 2: gorcea_vs (big blind) folded before Flop


