PokerStars Hand #162744237461:  Hold'em Limit ($3/$6 USD) - 2016/12/10 19:08:07 ET
Table 'Werdandi' 6-max Seat #6 is the button
Seat 1: Jannuh ($96.29 in chips)
Seat 6: Lackys07 ($76.61 in chips)
Lackys07: posts small blind $1
Jannuh: posts big blind $3
*** HOLE CARDS ***
Lackys07: folds
Uncalled bet ($2) returned to Jannuh
Jannuh collected $2 from pot
Jannuh: doesn't show hand
*** SUMMARY ***
Total pot $2 | Rake $0
Seat 1: Jannuh (big blind) collected ($2)
Seat 6: Lackys07 (button) (small blind) folded before Flop


PokerStars Hand #162744225140:  Hold'em Limit ($3/$6 USD) - 2016/12/10 19:07:50 ET
Table 'Werdandi' 6-max Seat #1 is the button
Seat 1: Jannuh ($120.29 in chips)
Seat 6: Lackys07 ($53.11 in chips)
Jannuh: posts small blind $1
LWNS: is sitting out
MellivoraSto: is sitting out
Lackys07: posts big blind $3
*** HOLE CARDS ***
Jannuh: raises $3 to $6
Lackys07: raises $3 to $9
Jannuh: calls $3
*** FLOP *** [4s 8d Kc]
LWNS leaves the table
Lackys07: bets $3
MellivoraSto leaves the table
Jannuh: calls $3
*** TURN *** [4s 8d Kc] [7h]
Lackys07: bets $6
Jannuh: calls $6
*** RIVER *** [4s 8d Kc 7h] [9c]
Lackys07: bets $6
Jannuh: calls $6
*** SHOW DOWN ***
Lackys07: shows [Qc Ac] (high card Ace)
Jannuh: mucks hand
Lackys07 collected $47.50 from pot
*** SUMMARY ***
Total pot $48 | Rake $0.50
Board [4s 8d Kc 7h 9c]
Seat 1: Jannuh (button) (small blind) mucked
Seat 6: Lackys07 (big blind) showed [Qc Ac] and won ($47.50) with high card Ace


PokerStars Hand #162744240978:  Hold'em Limit ($3/$6 USD) - 2016/12/10 19:08:12 ET
Table 'Werdandi' 6-max Seat #1 is the button
Seat 1: Jannuh ($97.29 in chips)
Seat 6: Lackys07 ($75.61 in chips)
Jannuh: posts small blind $1
Lackys07: posts big blind $3
*** HOLE CARDS ***
Jannuh: folds
Uncalled bet ($2) returned to Lackys07
Lackys07 collected $2 from pot
Lackys07: doesn't show hand
*** SUMMARY ***
Total pot $2 | Rake $0
Seat 1: Jannuh (button) (small blind) folded before Flop
Seat 6: Lackys07 (big blind) collected ($2)


