PokerStars Hand #169933727252:  Hold'em Limit ($3/$6 USD) - 2017/05/04 5:49:06 ET
Table 'Weringia' 6-max Seat #4 is the button
Seat 3: BAD-Chri$$y ($98.62 in chips)
Seat 4: Agrotait ($73 in chips)
Agrotait: posts small blind $1
BAD-Chri$$y: posts big blind $3
*** HOLE CARDS ***
Agrotait: raises $3 to $6
BAD-Chri$$y: folds
Uncalled bet ($3) returned to Agrotait
Agrotait collected $6 from pot
Agrotait: doesn't show hand
*** SUMMARY ***
Total pot $6 | Rake $0
Seat 3: BAD-Chri$$y (big blind) folded before Flop
Seat 4: Agrotait (button) (small blind) collected ($6)


PokerStars Hand #169933723265:  Hold'em Limit ($3/$6 USD) - 2017/05/04 5:48:56 ET
Table 'Weringia' 6-max Seat #3 is the button
Seat 3: BAD-Chri$$y ($99.62 in chips)
Seat 4: Agrotait ($72 in chips)
BAD-Chri$$y: posts small blind $1
Agrotait: posts big blind $3
*** HOLE CARDS ***
BAD-Chri$$y: folds
Uncalled bet ($2) returned to Agrotait
Agrotait collected $2 from pot
Agrotait: doesn't show hand
*** SUMMARY ***
Total pot $2 | Rake $0
Seat 3: BAD-Chri$$y (button) (small blind) folded before Flop
Seat 4: Agrotait (big blind) collected ($2)


PokerStars Hand #169933745297:  Hold'em Limit ($3/$6 USD) - 2017/05/04 5:49:55 ET
Table 'Weringia' 6-max Seat #4 is the button
Seat 3: BAD-Chri$$y ($101.38 in chips)
Seat 4: Agrotait ($70 in chips)
Agrotait: posts small blind $1
BAD-Chri$$y: posts big blind $3
*** HOLE CARDS ***
Agrotait: raises $3 to $6
BAD-Chri$$y: calls $3
*** FLOP *** [9s Tc Td]
BAD-Chri$$y: checks
Agrotait: bets $3
BAD-Chri$$y: calls $3
*** TURN *** [9s Tc Td] [Qc]
BAD-Chri$$y: bets $6
Agrotait: folds
Uncalled bet ($6) returned to BAD-Chri$$y
BAD-Chri$$y collected $17.64 from pot
BAD-Chri$$y: doesn't show hand
*** SUMMARY ***
Total pot $18 | Rake $0.36
Board [9s Tc Td Qc]
Seat 3: BAD-Chri$$y (big blind) collected ($17.64)
Seat 4: Agrotait (button) (small blind) folded on the Turn


PokerStars Hand #169933730534:  Hold'em Limit ($3/$6 USD) - 2017/05/04 5:49:15 ET
Table 'Weringia' 6-max Seat #3 is the button
Seat 3: BAD-Chri$$y ($95.62 in chips)
Seat 4: Agrotait ($76 in chips)
BAD-Chri$$y: posts small blind $1
Agrotait: posts big blind $3
*** HOLE CARDS ***
BAD-Chri$$y: calls $2
Agrotait: checks
*** FLOP *** [Td 2c Kc]
Agrotait: bets $3
BAD-Chri$$y: calls $3
*** TURN *** [Td 2c Kc] [Ad]
Agrotait: checks
BAD-Chri$$y: bets $6
Agrotait: folds
Uncalled bet ($6) returned to BAD-Chri$$y
BAD-Chri$$y collected $11.76 from pot
BAD-Chri$$y: doesn't show hand
*** SUMMARY ***
Total pot $12 | Rake $0.24
Board [Td 2c Kc Ad]
Seat 3: BAD-Chri$$y (button) (small blind) collected ($11.76)
Seat 4: Agrotait (big blind) folded on the Turn


PokerStars Hand #169933756111:  Hold'em Limit ($3/$6 USD) - 2017/05/04 5:50:24 ET
Table 'Weringia' 6-max Seat #3 is the button
Seat 3: BAD-Chri$$y ($110.02 in chips)
Seat 4: Agrotait ($61 in chips)
BAD-Chri$$y: posts small blind $1
Agrotait: posts big blind $3
*** HOLE CARDS ***
BAD-Chri$$y: calls $2
Agrotait: checks
*** FLOP *** [2s 5d 9s]
Agrotait: bets $3
BAD-Chri$$y is disconnected
BAD-Chri$$y has timed out while disconnected
BAD-Chri$$y: folds
Uncalled bet ($3) returned to Agrotait
Agrotait collected $5.88 from pot
Agrotait: doesn't show hand
*** SUMMARY ***
Total pot $6 | Rake $0.12
Board [2s 5d 9s]
Seat 3: BAD-Chri$$y (button) (small blind) folded on the Flop
Seat 4: Agrotait (big blind) collected ($5.88)


