PokerStars Hand #146676959593:  Hold'em Limit ($3/$6 USD) - 2016/01/08 8:58:01 ET
Table 'Weringia IV' 2-max Seat #2 is the button
Seat 1: Ultrafranke ($112.64 in chips)
Seat 2: Crspy Bacon ($126.52 in chips)
Crspy Bacon: posts small blind $1
Ultrafranke: posts big blind $3
*** HOLE CARDS ***
Crspy Bacon: raises $3 to $6
Ultrafranke: calls $3
*** FLOP *** [6d 8s Qs]
Ultrafranke: checks
Crspy Bacon: bets $3
Ultrafranke: folds
Uncalled bet ($3) returned to Crspy Bacon
Crspy Bacon collected $11.76 from pot
Crspy Bacon: doesn't show hand
*** SUMMARY ***
Total pot $12 | Rake $0.24
Board [6d 8s Qs]
Seat 1: Ultrafranke (big blind) folded on the Flop
Seat 2: Crspy Bacon (button) (small blind) collected ($11.76)


PokerStars Hand #146676947953:  Hold'em Limit ($3/$6 USD) - 2016/01/08 8:57:42 ET
Table 'Weringia IV' 2-max Seat #1 is the button
Seat 1: Ultrafranke ($124.64 in chips)
Seat 2: Crspy Bacon ($115 in chips)
Ultrafranke: posts small blind $1
Crspy Bacon: posts big blind $3
*** HOLE CARDS ***
Ultrafranke: raises $3 to $6
Crspy Bacon: raises $3 to $9
Ultrafranke: calls $3
*** FLOP *** [Js 7d Qd]
Crspy Bacon: bets $3
Ultrafranke: calls $3
*** TURN *** [Js 7d Qd] [Ac]
Crspy Bacon: bets $6
Ultrafranke: folds
Uncalled bet ($6) returned to Crspy Bacon
Crspy Bacon collected $23.52 from pot
Crspy Bacon: doesn't show hand
*** SUMMARY ***
Total pot $24 | Rake $0.48
Board [Js 7d Qd Ac]
Seat 1: Ultrafranke (button) (small blind) folded on the Turn
Seat 2: Crspy Bacon (big blind) collected ($23.52)


PokerStars Hand #146676936837:  Hold'em Limit ($3/$6 USD) - 2016/01/08 8:57:24 ET
Table 'Weringia IV' 2-max Seat #2 is the button
Seat 1: Ultrafranke ($116 in chips)
Seat 2: Crspy Bacon ($124 in chips)
Crspy Bacon: posts small blind $1
Ultrafranke: posts big blind $3
*** HOLE CARDS ***
Crspy Bacon: raises $3 to $6
Ultrafranke: calls $3
*** FLOP *** [As 3s 2s]
Ultrafranke: checks
Crspy Bacon: bets $3
Ultrafranke: calls $3
*** TURN *** [As 3s 2s] [Jh]
Ultrafranke: checks
Crspy Bacon: checks
*** RIVER *** [As 3s 2s Jh] [5h]
Ultrafranke: bets $6
Crspy Bacon: folds
Uncalled bet ($6) returned to Ultrafranke
Ultrafranke collected $17.64 from pot
Ultrafranke: doesn't show hand
*** SUMMARY ***
Total pot $18 | Rake $0.36
Board [As 3s 2s Jh 5h]
Seat 1: Ultrafranke (big blind) collected ($17.64)
Seat 2: Crspy Bacon (button) (small blind) folded on the River


PokerStars Hand #146676995543:  Hold'em Limit ($3/$6 USD) - 2016/01/08 8:58:59 ET
Table 'Weringia IV' 2-max Seat #1 is the button
Seat 1: Ultrafranke ($107.14 in chips)
Seat 2: Crspy Bacon ($130.54 in chips)
Ultrafranke: posts small blind $1
Crspy Bacon: posts big blind $3
*** HOLE CARDS ***
Ultrafranke: raises $3 to $6
Crspy Bacon: calls $3
*** FLOP *** [Jh 5c 4h]
Crspy Bacon: checks
Ultrafranke: bets $3
Crspy Bacon: folds
Uncalled bet ($3) returned to Ultrafranke
Ultrafranke collected $11.76 from pot
Ultrafranke: doesn't show hand
*** SUMMARY ***
Total pot $12 | Rake $0.24
Board [Jh 5c 4h]
Seat 1: Ultrafranke (button) (small blind) collected ($11.76)
Seat 2: Crspy Bacon (big blind) folded on the Flop


PokerStars Hand #146676990681:  Hold'em Limit ($3/$6 USD) - 2016/01/08 8:58:51 ET
Table 'Weringia IV' 2-max Seat #2 is the button
Seat 1: Ultrafranke ($113.14 in chips)
Seat 2: Crspy Bacon ($124.78 in chips)
Crspy Bacon: posts small blind $1
Ultrafranke: posts big blind $3
*** HOLE CARDS ***
Crspy Bacon: raises $3 to $6
Ultrafranke: calls $3
*** FLOP *** [Jc Jh 6h]
Ultrafranke: checks
Crspy Bacon: bets $3
Ultrafranke: folds
Uncalled bet ($3) returned to Crspy Bacon
Crspy Bacon collected $11.76 from pot
Crspy Bacon: doesn't show hand
*** SUMMARY ***
Total pot $12 | Rake $0.24
Board [Jc Jh 6h]
Seat 1: Ultrafranke (big blind) folded on the Flop
Seat 2: Crspy Bacon (button) (small blind) collected ($11.76)


PokerStars Hand #146676979610:  Hold'em Limit ($3/$6 USD) - 2016/01/08 8:58:33 ET
Table 'Weringia IV' 2-max Seat #1 is the button
Seat 1: Ultrafranke ($89.64 in chips)
Seat 2: Crspy Bacon ($148.78 in chips)
Ultrafranke: posts small blind $1
Crspy Bacon: posts big blind $3
*** HOLE CARDS ***
Ultrafranke: raises $3 to $6
Crspy Bacon: raises $3 to $9
Ultrafranke: calls $3
*** FLOP *** [4c 4h Td]
Crspy Bacon: bets $3
Ultrafranke: calls $3
*** TURN *** [4c 4h Td] [Qd]
Crspy Bacon: bets $6
Ultrafranke: calls $6
*** RIVER *** [4c 4h Td Qd] [4s]
Crspy Bacon: bets $6
Ultrafranke: raises $6 to $12
Crspy Bacon: folds
Uncalled bet ($6) returned to Ultrafranke
Ultrafranke collected $47.50 from pot
Ultrafranke: doesn't show hand
*** SUMMARY ***
Total pot $48 | Rake $0.50
Board [4c 4h Td Qd 4s]
Seat 1: Ultrafranke (button) (small blind) collected ($47.50)
Seat 2: Crspy Bacon (big blind) folded on the River


PokerStars Hand #146676976012:  Hold'em Limit ($3/$6 USD) - 2016/01/08 8:58:28 ET
Table 'Weringia IV' 2-max Seat #2 is the button
Seat 1: Ultrafranke ($88.64 in chips)
Seat 2: Crspy Bacon ($149.78 in chips)
Crspy Bacon: posts small blind $1
Ultrafranke: posts big blind $3
*** HOLE CARDS ***
Crspy Bacon: folds
Uncalled bet ($2) returned to Ultrafranke
Ultrafranke collected $2 from pot
Ultrafranke: doesn't show hand
*** SUMMARY ***
Total pot $2 | Rake $0
Seat 1: Ultrafranke (big blind) collected ($2)
Seat 2: Crspy Bacon (button) (small blind) folded before Flop


PokerStars Hand #146676966283:  Hold'em Limit ($3/$6 USD) - 2016/01/08 8:58:12 ET
Table 'Weringia IV' 2-max Seat #1 is the button
Seat 1: Ultrafranke ($106.64 in chips)
Seat 2: Crspy Bacon ($132.28 in chips)
Ultrafranke: posts small blind $1
Crspy Bacon: posts big blind $3
*** HOLE CARDS ***
Ultrafranke: raises $3 to $6
Crspy Bacon: calls $3
*** FLOP *** [4d Qd Kd]
Crspy Bacon: checks
Ultrafranke: bets $3
Crspy Bacon: raises $3 to $6
Ultrafranke: calls $3
*** TURN *** [4d Qd Kd] [Th]
Crspy Bacon: bets $6
Ultrafranke: calls $6
*** RIVER *** [4d Qd Kd Th] [4h]
Crspy Bacon: bets $6
Ultrafranke: folds
Uncalled bet ($6) returned to Crspy Bacon
Crspy Bacon collected $35.50 from pot
Crspy Bacon: doesn't show hand
*** SUMMARY ***
Total pot $36 | Rake $0.50
Board [4d Qd Kd Th 4h]
Seat 1: Ultrafranke (button) (small blind) folded on the River
Seat 2: Crspy Bacon (big blind) collected ($35.50)


PokerStars Hand #146677025460:  Hold'em Limit ($3/$6 USD) - 2016/01/08 8:59:48 ET
Table 'Weringia IV' 2-max Seat #2 is the button
Seat 1: Ultrafranke ($119.40 in chips)
Seat 2: Crspy Bacon ($117.30 in chips)
Crspy Bacon: posts small blind $1
Ultrafranke: posts big blind $3
*** HOLE CARDS ***
Crspy Bacon: raises $3 to $6
Ultrafranke: calls $3
*** FLOP *** [9d 7s 3s]
Ultrafranke: checks
Crspy Bacon: bets $3
Ultrafranke: raises $3 to $6
Crspy Bacon: calls $3
*** TURN *** [9d 7s 3s] [Kc]
Ultrafranke: bets $6
Crspy Bacon: raises $6 to $12
Ultrafranke: calls $6
*** RIVER *** [9d 7s 3s Kc] [4c]
Ultrafranke: checks
Crspy Bacon: bets $6
Ultrafranke: calls $6
*** SHOW DOWN ***
Crspy Bacon: shows [Ks 5c] (a pair of Kings)
Ultrafranke: mucks hand
Crspy Bacon collected $59.50 from pot
*** SUMMARY ***
Total pot $60 | Rake $0.50
Board [9d 7s 3s Kc 4c]
Seat 1: Ultrafranke (big blind) mucked
Seat 2: Crspy Bacon (button) (small blind) showed [Ks 5c] and won ($59.50) with a pair of Kings


PokerStars Hand #146677022460:  Hold'em Limit ($3/$6 USD) - 2016/01/08 8:59:43 ET
Table 'Weringia IV' 2-max Seat #1 is the button
Seat 1: Ultrafranke ($120.40 in chips)
Seat 2: Crspy Bacon ($116.30 in chips)
Ultrafranke: posts small blind $1
Crspy Bacon: posts big blind $3
*** HOLE CARDS ***
Ultrafranke: folds
Uncalled bet ($2) returned to Crspy Bacon
Crspy Bacon collected $2 from pot
Crspy Bacon: doesn't show hand
*** SUMMARY ***
Total pot $2 | Rake $0
Seat 1: Ultrafranke (button) (small blind) folded before Flop
Seat 2: Crspy Bacon (big blind) collected ($2)


PokerStars Hand #146677016696:  Hold'em Limit ($3/$6 USD) - 2016/01/08 8:59:34 ET
Table 'Weringia IV' 2-max Seat #2 is the button
Seat 1: Ultrafranke ($126.40 in chips)
Seat 2: Crspy Bacon ($110.54 in chips)
Crspy Bacon: posts small blind $1
Ultrafranke: posts big blind $3
*** HOLE CARDS ***
Crspy Bacon: raises $3 to $6
Ultrafranke: calls $3
*** FLOP *** [Qs 9d Qc]
Ultrafranke: checks
Crspy Bacon: bets $3
Ultrafranke: folds
Uncalled bet ($3) returned to Crspy Bacon
Crspy Bacon collected $11.76 from pot
Crspy Bacon: doesn't show hand
*** SUMMARY ***
Total pot $12 | Rake $0.24
Board [Qs 9d Qc]
Seat 1: Ultrafranke (big blind) folded on the Flop
Seat 2: Crspy Bacon (button) (small blind) collected ($11.76)


PokerStars Hand #146677013652:  Hold'em Limit ($3/$6 USD) - 2016/01/08 8:59:29 ET
Table 'Weringia IV' 2-max Seat #1 is the button
Seat 1: Ultrafranke ($127.40 in chips)
Seat 2: Crspy Bacon ($109.54 in chips)
Ultrafranke: posts small blind $1
Crspy Bacon: posts big blind $3
*** HOLE CARDS ***
Ultrafranke: folds
Uncalled bet ($2) returned to Crspy Bacon
Crspy Bacon collected $2 from pot
Crspy Bacon: doesn't show hand
*** SUMMARY ***
Total pot $2 | Rake $0
Seat 1: Ultrafranke (button) (small blind) folded before Flop
Seat 2: Crspy Bacon (big blind) collected ($2)


PokerStars Hand #146677000977:  Hold'em Limit ($3/$6 USD) - 2016/01/08 8:59:08 ET
Table 'Weringia IV' 2-max Seat #2 is the button
Seat 1: Ultrafranke ($112.90 in chips)
Seat 2: Crspy Bacon ($124.54 in chips)
Crspy Bacon: posts small blind $1
Ultrafranke: posts big blind $3
*** HOLE CARDS ***
Crspy Bacon: raises $3 to $6
Ultrafranke: calls $3
*** FLOP *** [Tc Qs Js]
Ultrafranke: checks
Crspy Bacon: bets $3
Ultrafranke: calls $3
*** TURN *** [Tc Qs Js] [7c]
Ultrafranke: checks
Crspy Bacon: bets $6
Ultrafranke: calls $6
*** RIVER *** [Tc Qs Js 7c] [3h]
Ultrafranke: checks
Crspy Bacon: checks
*** SHOW DOWN ***
Ultrafranke: shows [Qd 6h] (a pair of Queens)
Crspy Bacon: mucks hand
Ultrafranke collected $29.50 from pot
*** SUMMARY ***
Total pot $30 | Rake $0.50
Board [Tc Qs Js 7c 3h]
Seat 1: Ultrafranke (big blind) showed [Qd 6h] and won ($29.50) with a pair of Queens
Seat 2: Crspy Bacon (button) (small blind) mucked


PokerStars Hand #146677062835:  Hold'em Limit ($3/$6 USD) - 2016/01/08 9:00:46 ET
Table 'Weringia IV' 2-max Seat #1 is the button
Seat 1: Ultrafranke ($133.40 in chips)
Seat 2: Crspy Bacon ($101.80 in chips)
Ultrafranke: posts small blind $1
Crspy Bacon: posts big blind $3
*** HOLE CARDS ***
Ultrafranke: folds
Uncalled bet ($2) returned to Crspy Bacon
Crspy Bacon collected $2 from pot
Crspy Bacon: doesn't show hand
*** SUMMARY ***
Total pot $2 | Rake $0
Seat 1: Ultrafranke (button) (small blind) folded before Flop
Seat 2: Crspy Bacon (big blind) collected ($2)


PokerStars Hand #146677054829:  Hold'em Limit ($3/$6 USD) - 2016/01/08 9:00:33 ET
Table 'Weringia IV' 2-max Seat #2 is the button
Seat 1: Ultrafranke ($118.90 in chips)
Seat 2: Crspy Bacon ($116.80 in chips)
Crspy Bacon: posts small blind $1
Ultrafranke: posts big blind $3
*** HOLE CARDS ***
Crspy Bacon: raises $3 to $6
Ultrafranke: calls $3
*** FLOP *** [Jc Ad 9h]
Ultrafranke: checks
Crspy Bacon: bets $3
Ultrafranke: calls $3
*** TURN *** [Jc Ad 9h] [5h]
Ultrafranke: checks
Crspy Bacon: checks
*** RIVER *** [Jc Ad 9h 5h] [7s]
Ultrafranke: bets $6
Crspy Bacon: calls $6
*** SHOW DOWN ***
Ultrafranke: shows [Jh Th] (a pair of Jacks)
Crspy Bacon: mucks hand
Ultrafranke collected $29.50 from pot
*** SUMMARY ***
Total pot $30 | Rake $0.50
Board [Jc Ad 9h 5h 7s]
Seat 1: Ultrafranke (big blind) showed [Jh Th] and won ($29.50) with a pair of Jacks
Seat 2: Crspy Bacon (button) (small blind) mucked


PokerStars Hand #146677050905:  Hold'em Limit ($3/$6 USD) - 2016/01/08 9:00:27 ET
Table 'Weringia IV' 2-max Seat #1 is the button
Seat 1: Ultrafranke ($115.90 in chips)
Seat 2: Crspy Bacon ($119.80 in chips)
Ultrafranke: posts small blind $1
Crspy Bacon: posts big blind $3
*** HOLE CARDS ***
Ultrafranke: raises $3 to $6
Crspy Bacon: folds
Uncalled bet ($3) returned to Ultrafranke
Ultrafranke collected $6 from pot
Ultrafranke: doesn't show hand
*** SUMMARY ***
Total pot $6 | Rake $0
Seat 1: Ultrafranke (button) (small blind) collected ($6)
Seat 2: Crspy Bacon (big blind) folded before Flop


PokerStars Hand #146677047678:  Hold'em Limit ($3/$6 USD) - 2016/01/08 9:00:22 ET
Table 'Weringia IV' 2-max Seat #2 is the button
Seat 1: Ultrafranke ($118.90 in chips)
Seat 2: Crspy Bacon ($116.80 in chips)
Crspy Bacon: posts small blind $1
Ultrafranke: posts big blind $3
*** HOLE CARDS ***
Crspy Bacon: raises $3 to $6
Ultrafranke: folds
Uncalled bet ($3) returned to Crspy Bacon
Crspy Bacon collected $6 from pot
Crspy Bacon: doesn't show hand
*** SUMMARY ***
Total pot $6 | Rake $0
Seat 1: Ultrafranke (big blind) folded before Flop
Seat 2: Crspy Bacon (button) (small blind) collected ($6)


PokerStars Hand #146677037502:  Hold'em Limit ($3/$6 USD) - 2016/01/08 9:00:07 ET
Table 'Weringia IV' 2-max Seat #1 is the button
Seat 1: Ultrafranke ($89.40 in chips)
Seat 2: Crspy Bacon ($146.80 in chips)
Ultrafranke: posts small blind $1
Crspy Bacon: posts big blind $3
*** HOLE CARDS ***
Ultrafranke: raises $3 to $6
Crspy Bacon: calls $3
*** FLOP *** [2d 6s 2h]
Crspy Bacon: checks
Ultrafranke: bets $3
Crspy Bacon: raises $3 to $6
Ultrafranke: calls $3
*** TURN *** [2d 6s 2h] [5h]
Crspy Bacon: bets $6
Ultrafranke: raises $6 to $12
Crspy Bacon: calls $6
*** RIVER *** [2d 6s 2h 5h] [Qs]
Crspy Bacon: checks
Ultrafranke: bets $6
Crspy Bacon: calls $6
*** SHOW DOWN ***
Ultrafranke: shows [2s Ah] (three of a kind, Deuces)
Crspy Bacon: mucks hand
Ultrafranke collected $59.50 from pot
*** SUMMARY ***
Total pot $60 | Rake $0.50
Board [2d 6s 2h 5h Qs]
Seat 1: Ultrafranke (button) (small blind) showed [2s Ah] and won ($59.50) with three of a kind, Deuces
Seat 2: Crspy Bacon (big blind) mucked


PokerStars Hand #146692195712:  Hold'em Limit ($3/$6 USD) - 2016/01/08 13:53:34 ET
Table 'Weringia IV' 2-max Seat #2 is the button
Seat 1: kairobs ($104.90 in chips)
Seat 2: Crspy Bacon ($114.32 in chips)
Crspy Bacon: posts small blind $1
kairobs: posts big blind $3
*** HOLE CARDS ***
Crspy Bacon: folds
Uncalled bet ($2) returned to kairobs
kairobs collected $2 from pot
kairobs: doesn't show hand
*** SUMMARY ***
Total pot $2 | Rake $0
Seat 1: kairobs (big blind) collected ($2)
Seat 2: Crspy Bacon (button) (small blind) folded before Flop


PokerStars Hand #146692189929:  Hold'em Limit ($3/$6 USD) - 2016/01/08 13:53:28 ET
Table 'Weringia IV' 2-max Seat #1 is the button
Seat 1: kairobs ($105.90 in chips)
Seat 2: Crspy Bacon ($113.32 in chips)
kairobs: posts small blind $1
Crspy Bacon: posts big blind $3
*** HOLE CARDS ***
kairobs: folds
Uncalled bet ($2) returned to Crspy Bacon
Crspy Bacon collected $2 from pot
Crspy Bacon: doesn't show hand
*** SUMMARY ***
Total pot $2 | Rake $0
Seat 1: kairobs (button) (small blind) folded before Flop
Seat 2: Crspy Bacon (big blind) collected ($2)


PokerStars Hand #146692161065:  Hold'em Limit ($3/$6 USD) - 2016/01/08 13:52:58 ET
Table 'Weringia IV' 2-max Seat #2 is the button
Seat 1: kairobs ($85.40 in chips)
Seat 2: Crspy Bacon ($134.32 in chips)
Crspy Bacon: posts small blind $1
kairobs: posts big blind $3
*** HOLE CARDS ***
Crspy Bacon: raises $3 to $6
kairobs: raises $3 to $9
Crspy Bacon: calls $3
*** FLOP *** [Js 5c Ts]
kairobs: checks
Crspy Bacon: bets $3
kairobs: raises $3 to $6
Crspy Bacon: calls $3
*** TURN *** [Js 5c Ts] [5h]
kairobs: bets $6
Crspy Bacon: calls $6
*** RIVER *** [Js 5c Ts 5h] [Qd]
kairobs: checks
Crspy Bacon: checks
*** SHOW DOWN ***
kairobs: shows [Jc 8c] (two pair, Jacks and Fives)
Crspy Bacon: mucks hand
kairobs collected $41.50 from pot
*** SUMMARY ***
Total pot $42 | Rake $0.50
Board [Js 5c Ts 5h Qd]
Seat 1: kairobs (big blind) showed [Jc 8c] and won ($41.50) with two pair, Jacks and Fives
Seat 2: Crspy Bacon (button) (small blind) mucked


PokerStars Hand #146692260257:  Hold'em Limit ($3/$6 USD) - 2016/01/08 13:54:41 ET
Table 'Weringia IV' 2-max Seat #1 is the button
Seat 1: kairobs ($120.30 in chips)
Seat 2: Crspy Bacon ($98.32 in chips)
kairobs: posts small blind $1
Crspy Bacon: posts big blind $3
*** HOLE CARDS ***
kairobs: folds
Uncalled bet ($2) returned to Crspy Bacon
Crspy Bacon collected $2 from pot
Crspy Bacon: doesn't show hand
*** SUMMARY ***
Total pot $2 | Rake $0
Seat 1: kairobs (button) (small blind) folded before Flop
Seat 2: Crspy Bacon (big blind) collected ($2)


PokerStars Hand #146692217124:  Hold'em Limit ($3/$6 USD) - 2016/01/08 13:53:56 ET
Table 'Weringia IV' 2-max Seat #2 is the button
Seat 1: kairobs ($111.66 in chips)
Seat 2: Crspy Bacon ($107.32 in chips)
Crspy Bacon: posts small blind $1
kairobs: posts big blind $3
*** HOLE CARDS ***
Crspy Bacon: raises $3 to $6
kairobs: raises $3 to $9
Crspy Bacon: calls $3
*** FLOP *** [2h 8c Jc]
kairobs: checks
Crspy Bacon: checks
*** TURN *** [2h 8c Jc] [Kh]
kairobs: checks
Crspy Bacon: checks
*** RIVER *** [2h 8c Jc Kh] [Qc]
kairobs: bets $6
Crspy Bacon: folds
Uncalled bet ($6) returned to kairobs
kairobs collected $17.64 from pot
kairobs: doesn't show hand
*** SUMMARY ***
Total pot $18 | Rake $0.36
Board [2h 8c Jc Kh Qc]
Seat 1: kairobs (big blind) collected ($17.64)
Seat 2: Crspy Bacon (button) (small blind) folded on the River


PokerStars Hand #146692200904:  Hold'em Limit ($3/$6 USD) - 2016/01/08 13:53:39 ET
Table 'Weringia IV' 2-max Seat #1 is the button
Seat 1: kairobs ($105.90 in chips)
Seat 2: Crspy Bacon ($113.32 in chips)
kairobs: posts small blind $1
Crspy Bacon: posts big blind $3
*** HOLE CARDS ***
kairobs: raises $3 to $6
Crspy Bacon: calls $3
*** FLOP *** [Kd Ac 3s]
Crspy Bacon: checks
kairobs: checks
*** TURN *** [Kd Ac 3s] [3d]
Crspy Bacon: checks
kairobs: bets $6
Crspy Bacon: folds
Uncalled bet ($6) returned to kairobs
kairobs collected $11.76 from pot
kairobs: doesn't show hand
*** SUMMARY ***
Total pot $12 | Rake $0.24
Board [Kd Ac 3s 3d]
Seat 1: kairobs (button) (small blind) collected ($11.76)
Seat 2: Crspy Bacon (big blind) folded on the Turn


PokerStars Hand #146692265569:  Hold'em Limit ($3/$6 USD) - 2016/01/08 13:54:47 ET
Table 'Weringia IV' 2-max Seat #2 is the button
Seat 1: kairobs ($119.30 in chips)
Seat 2: Crspy Bacon ($99.32 in chips)
Crspy Bacon: posts small blind $1
kairobs: posts big blind $3
*** HOLE CARDS ***
Crspy Bacon: raises $3 to $6
kairobs: calls $3
*** FLOP *** [Th 8c 7h]
kairobs: bets $3
Crspy Bacon: raises $3 to $6
kairobs: calls $3
*** TURN *** [Th 8c 7h] [Kh]
kairobs: checks
Crspy Bacon: bets $6
kairobs: calls $6
*** RIVER *** [Th 8c 7h Kh] [4c]
kairobs: checks
Crspy Bacon: bets $6
kairobs: calls $6
*** SHOW DOWN ***
Crspy Bacon: shows [Ts As] (a pair of Tens)
kairobs: mucks hand
Crspy Bacon collected $47.50 from pot
*** SUMMARY ***
Total pot $48 | Rake $0.50
Board [Th 8c 7h Kh 4c]
Seat 1: kairobs (big blind) mucked
Seat 2: Crspy Bacon (button) (small blind) showed [Ts As] and won ($47.50) with a pair of Tens


PokerStars Hand #146692332070:  Hold'em Limit ($3/$6 USD) - 2016/01/08 13:56:08 ET
Table 'Weringia IV' 2-max Seat #2 is the button
Seat 1: kairobs ($74.30 in chips)
Seat 2: Crspy Bacon ($143.32 in chips)
Crspy Bacon: posts small blind $1
kairobs: posts big blind $3
*** HOLE CARDS ***
Crspy Bacon: raises $3 to $6
kairobs: folds
Uncalled bet ($3) returned to Crspy Bacon
Crspy Bacon collected $6 from pot
Crspy Bacon: doesn't show hand
*** SUMMARY ***
Total pot $6 | Rake $0
Seat 1: kairobs (big blind) folded before Flop
Seat 2: Crspy Bacon (button) (small blind) collected ($6)


PokerStars Hand #146692328103:  Hold'em Limit ($3/$6 USD) - 2016/01/08 13:56:03 ET
Table 'Weringia IV' 2-max Seat #1 is the button
Seat 1: kairobs ($75.30 in chips)
Seat 2: Crspy Bacon ($142.32 in chips)
kairobs: posts small blind $1
Crspy Bacon: posts big blind $3
*** HOLE CARDS ***
kairobs: folds
Uncalled bet ($2) returned to Crspy Bacon
Crspy Bacon collected $2 from pot
Crspy Bacon: doesn't show hand
*** SUMMARY ***
Total pot $2 | Rake $0
Seat 1: kairobs (button) (small blind) folded before Flop
Seat 2: Crspy Bacon (big blind) collected ($2)


PokerStars Hand #146692323629:  Hold'em Limit ($3/$6 USD) - 2016/01/08 13:55:57 ET
Table 'Weringia IV' 2-max Seat #2 is the button
Seat 1: kairobs ($74.30 in chips)
Seat 2: Crspy Bacon ($143.32 in chips)
Crspy Bacon: posts small blind $1
kairobs: posts big blind $3
*** HOLE CARDS ***
Crspy Bacon: folds
Uncalled bet ($2) returned to kairobs
kairobs collected $2 from pot
kairobs: doesn't show hand
*** SUMMARY ***
Total pot $2 | Rake $0
Seat 1: kairobs (big blind) collected ($2)
Seat 2: Crspy Bacon (button) (small blind) folded before Flop


PokerStars Hand #146692299884:  Hold'em Limit ($3/$6 USD) - 2016/01/08 13:55:26 ET
Table 'Weringia IV' 2-max Seat #1 is the button
Seat 1: kairobs ($95.30 in chips)
Seat 2: Crspy Bacon ($122.82 in chips)
kairobs: posts small blind $1
Crspy Bacon: posts big blind $3
*** HOLE CARDS ***
kairobs: raises $3 to $6
Crspy Bacon: calls $3
*** FLOP *** [3s Tc 4h]
Crspy Bacon: checks
kairobs: bets $3
Crspy Bacon: calls $3
*** TURN *** [3s Tc 4h] [2c]
Crspy Bacon: checks
kairobs: bets $6
Crspy Bacon: calls $6
*** RIVER *** [3s Tc 4h 2c] [4c]
Crspy Bacon: checks
kairobs: bets $6
Crspy Bacon: calls $6
*** SHOW DOWN ***
kairobs: shows [Ad Qh] (a pair of Fours)
Crspy Bacon: shows [Ac 3d] (two pair, Fours and Threes)
Crspy Bacon collected $41.50 from pot
*** SUMMARY ***
Total pot $42 | Rake $0.50
Board [3s Tc 4h 2c 4c]
Seat 1: kairobs (button) (small blind) showed [Ad Qh] and lost with a pair of Fours
Seat 2: Crspy Bacon (big blind) showed [Ac 3d] and won ($41.50) with two pair, Fours and Threes


PokerStars Hand #146692400418:  Hold'em Limit ($3/$6 USD) - 2016/01/08 13:57:38 ET
Table 'Weringia IV' 2-max Seat #2 is the button
Seat 1: kairobs ($99.32 in chips)
Seat 2: Crspy Bacon ($117.32 in chips)
Crspy Bacon: posts small blind $1
kairobs: posts big blind $3
*** HOLE CARDS ***
Crspy Bacon: folds
Uncalled bet ($2) returned to kairobs
kairobs collected $2 from pot
kairobs: doesn't show hand
*** SUMMARY ***
Total pot $2 | Rake $0
Seat 1: kairobs (big blind) collected ($2)
Seat 2: Crspy Bacon (button) (small blind) folded before Flop


PokerStars Hand #146692393444:  Hold'em Limit ($3/$6 USD) - 2016/01/08 13:57:29 ET
Table 'Weringia IV' 2-max Seat #1 is the button
Seat 1: kairobs ($100.32 in chips)
Seat 2: Crspy Bacon ($116.32 in chips)
kairobs: posts small blind $1
Crspy Bacon: posts big blind $3
*** HOLE CARDS ***
kairobs: folds
Uncalled bet ($2) returned to Crspy Bacon
Crspy Bacon collected $2 from pot
Crspy Bacon: doesn't show hand
*** SUMMARY ***
Total pot $2 | Rake $0
Seat 1: kairobs (button) (small blind) folded before Flop
Seat 2: Crspy Bacon (big blind) collected ($2)


PokerStars Hand #146692376819:  Hold'em Limit ($3/$6 USD) - 2016/01/08 13:57:07 ET
Table 'Weringia IV' 2-max Seat #2 is the button
Seat 1: kairobs ($88.80 in chips)
Seat 2: Crspy Bacon ($128.32 in chips)
Crspy Bacon: posts small blind $1
kairobs: posts big blind $3
*** HOLE CARDS ***
Crspy Bacon: raises $3 to $6
kairobs: raises $3 to $9
Crspy Bacon: calls $3
*** FLOP *** [3c 4d 2h]
kairobs: bets $3
Crspy Bacon: calls $3
*** TURN *** [3c 4d 2h] [Ac]
kairobs: bets $6
Crspy Bacon: folds
Uncalled bet ($6) returned to kairobs
kairobs collected $23.52 from pot
kairobs: doesn't show hand
*** SUMMARY ***
Total pot $24 | Rake $0.48
Board [3c 4d 2h Ac]
Seat 1: kairobs (big blind) collected ($23.52)
Seat 2: Crspy Bacon (button) (small blind) folded on the Turn


PokerStars Hand #146692373006:  Hold'em Limit ($3/$6 USD) - 2016/01/08 13:57:02 ET
Table 'Weringia IV' 2-max Seat #1 is the button
Seat 1: kairobs ($89.80 in chips)
Seat 2: Crspy Bacon ($127.32 in chips)
kairobs: posts small blind $1
Crspy Bacon: posts big blind $3
*** HOLE CARDS ***
kairobs: folds
Uncalled bet ($2) returned to Crspy Bacon
Crspy Bacon collected $2 from pot
Crspy Bacon: doesn't show hand
*** SUMMARY ***
Total pot $2 | Rake $0
Seat 1: kairobs (button) (small blind) folded before Flop
Seat 2: Crspy Bacon (big blind) collected ($2)


PokerStars Hand #146692368494:  Hold'em Limit ($3/$6 USD) - 2016/01/08 13:56:56 ET
Table 'Weringia IV' 2-max Seat #2 is the button
Seat 1: kairobs ($88.80 in chips)
Seat 2: Crspy Bacon ($128.32 in chips)
Crspy Bacon: posts small blind $1
kairobs: posts big blind $3
*** HOLE CARDS ***
Crspy Bacon: folds
Uncalled bet ($2) returned to kairobs
kairobs collected $2 from pot
kairobs: doesn't show hand
*** SUMMARY ***
Total pot $2 | Rake $0
Seat 1: kairobs (big blind) collected ($2)
Seat 2: Crspy Bacon (button) (small blind) folded before Flop


PokerStars Hand #146692346392:  Hold'em Limit ($3/$6 USD) - 2016/01/08 13:56:27 ET
Table 'Weringia IV' 2-max Seat #1 is the button
Seat 1: kairobs ($71.30 in chips)
Seat 2: Crspy Bacon ($146.32 in chips)
kairobs: posts small blind $1
Crspy Bacon: posts big blind $3
*** HOLE CARDS ***
kairobs: raises $3 to $6
Crspy Bacon: raises $3 to $9
kairobs: calls $3
*** FLOP *** [2d Ad 3h]
Crspy Bacon: bets $3
kairobs: calls $3
*** TURN *** [2d Ad 3h] [2c]
Crspy Bacon: bets $6
kairobs: calls $6
*** RIVER *** [2d Ad 3h 2c] [4h]
Crspy Bacon: checks
kairobs: checks
*** SHOW DOWN ***
Crspy Bacon: shows [Qc 9s] (a pair of Deuces)
kairobs: shows [Ah 6h] (two pair, Aces and Deuces)
kairobs collected $35.50 from pot
*** SUMMARY ***
Total pot $36 | Rake $0.50
Board [2d Ad 3h 2c 4h]
Seat 1: kairobs (button) (small blind) showed [Ah 6h] and won ($35.50) with two pair, Aces and Deuces
Seat 2: Crspy Bacon (big blind) showed [Qc 9s] and lost with a pair of Deuces


PokerStars Hand #146692436003:  Hold'em Limit ($3/$6 USD) - 2016/01/08 13:58:24 ET
Table 'Weringia IV' 2-max Seat #1 is the button
Seat 1: kairobs ($101.07 in chips)
Seat 2: Crspy Bacon ($115.07 in chips)
kairobs: posts small blind $1
Crspy Bacon: posts big blind $3
*** HOLE CARDS ***
kairobs: raises $3 to $6
Crspy Bacon: calls $3
*** FLOP *** [Ks Js 7d]
Crspy Bacon: checks
kairobs: checks
*** TURN *** [Ks Js 7d] [Kh]
Crspy Bacon: bets $6
kairobs: calls $6
*** RIVER *** [Ks Js 7d Kh] [Qd]
Crspy Bacon: bets $6
kairobs: calls $6
*** SHOW DOWN ***
Crspy Bacon: shows [8c Jd] (two pair, Kings and Jacks)
kairobs: mucks hand
Crspy Bacon collected $35.50 from pot
*** SUMMARY ***
Total pot $36 | Rake $0.50
Board [Ks Js 7d Kh Qd]
Seat 1: kairobs (button) (small blind) mucked
Seat 2: Crspy Bacon (big blind) showed [8c Jd] and won ($35.50) with two pair, Kings and Jacks


PokerStars Hand #146692431873:  Hold'em Limit ($3/$6 USD) - 2016/01/08 13:58:19 ET
Table 'Weringia IV' 2-max Seat #2 is the button
Seat 1: kairobs ($100.07 in chips)
Seat 2: Crspy Bacon ($116.07 in chips)
Crspy Bacon: posts small blind $1
kairobs: posts big blind $3
*** HOLE CARDS ***
Crspy Bacon: folds
Uncalled bet ($2) returned to kairobs
kairobs collected $2 from pot
kairobs: doesn't show hand
*** SUMMARY ***
Total pot $2 | Rake $0
Seat 1: kairobs (big blind) collected ($2)
Seat 2: Crspy Bacon (button) (small blind) folded before Flop


PokerStars Hand #146692404302:  Hold'em Limit ($3/$6 USD) - 2016/01/08 13:57:43 ET
Table 'Weringia IV' 2-max Seat #1 is the button
Seat 1: kairobs ($100.32 in chips)
Seat 2: Crspy Bacon ($116.32 in chips)
kairobs: posts small blind $1
Crspy Bacon: posts big blind $3
*** HOLE CARDS ***
kairobs: raises $3 to $6
Crspy Bacon: calls $3
*** FLOP *** [9d Qd 6h]
Crspy Bacon: checks
kairobs: bets $3
Crspy Bacon: raises $3 to $6
kairobs: raises $3 to $9
Crspy Bacon: raises $3 to $12
Betting is capped
kairobs: calls $3
*** TURN *** [9d Qd 6h] [Jd]
Crspy Bacon: bets $6
kairobs: calls $6
*** RIVER *** [9d Qd 6h Jd] [Jc]
Crspy Bacon: bets $6
kairobs: calls $6
*** SHOW DOWN ***
Crspy Bacon: shows [Qc 4s] (two pair, Queens and Jacks)
kairobs: shows [Qs 3h] (two pair, Queens and Jacks)
Crspy Bacon collected $29.75 from pot
kairobs collected $29.75 from pot
*** SUMMARY ***
Total pot $60 | Rake $0.50
Board [9d Qd 6h Jd Jc]
Seat 1: kairobs (button) (small blind) showed [Qs 3h] and won ($29.75) with two pair, Queens and Jacks
Seat 2: Crspy Bacon (big blind) showed [Qc 4s] and won ($29.75) with two pair, Queens and Jacks


PokerStars Hand #146692482992:  Hold'em Limit ($3/$6 USD) - 2016/01/08 13:59:26 ET
Table 'Weringia IV' 2-max Seat #1 is the button
Seat 1: kairobs ($74.07 in chips)
Seat 2: Crspy Bacon ($141.21 in chips)
kairobs: posts small blind $1
Crspy Bacon: posts big blind $3
*** HOLE CARDS ***
kairobs: folds
Uncalled bet ($2) returned to Crspy Bacon
Crspy Bacon collected $2 from pot
Crspy Bacon: doesn't show hand
*** SUMMARY ***
Total pot $2 | Rake $0
Seat 1: kairobs (button) (small blind) folded before Flop
Seat 2: Crspy Bacon (big blind) collected ($2)


PokerStars Hand #146692450120:  Hold'em Limit ($3/$6 USD) - 2016/01/08 13:58:43 ET
Table 'Weringia IV' 2-max Seat #2 is the button
Seat 1: kairobs ($83.07 in chips)
Seat 2: Crspy Bacon ($132.57 in chips)
Crspy Bacon: posts small blind $1
kairobs: posts big blind $3
*** HOLE CARDS ***
Crspy Bacon: raises $3 to $6
kairobs: calls $3
*** FLOP *** [Tc 7d Qd]
kairobs: bets $3
Crspy Bacon: calls $3
*** TURN *** [Tc 7d Qd] [2s]
kairobs: checks
Crspy Bacon: checks
*** RIVER *** [Tc 7d Qd 2s] [Td]
kairobs: checks
Crspy Bacon: checks
*** SHOW DOWN ***
kairobs: shows [4d 6s] (a pair of Tens)
Crspy Bacon: shows [3h Ah] (a pair of Tens - Ace kicker)
Crspy Bacon collected $17.64 from pot
*** SUMMARY ***
Total pot $18 | Rake $0.36
Board [Tc 7d Qd 2s Td]
Seat 1: kairobs (big blind) showed [4d 6s] and lost with a pair of Tens
Seat 2: Crspy Bacon (button) (small blind) showed [3h Ah] and won ($17.64) with a pair of Tens


PokerStars Hand #146692551734:  Hold'em Limit ($3/$6 USD) - 2016/01/08 14:00:50 ET
Table 'Weringia IV' 2-max Seat #2 is the button
Seat 1: kairobs ($89.45 in chips)
Seat 2: Crspy Bacon ($125.21 in chips)
Crspy Bacon: posts small blind $1
kairobs: posts big blind $3
*** HOLE CARDS ***
Crspy Bacon: folds
Uncalled bet ($2) returned to kairobs
kairobs collected $2 from pot
kairobs: doesn't show hand
*** SUMMARY ***
Total pot $2 | Rake $0
Seat 1: kairobs (big blind) collected ($2)
Seat 2: Crspy Bacon (button) (small blind) folded before Flop


PokerStars Hand #146692537908:  Hold'em Limit ($3/$6 USD) - 2016/01/08 14:00:34 ET
Table 'Weringia IV' 2-max Seat #1 is the button
Seat 1: kairobs ($86.57 in chips)
Seat 2: Crspy Bacon ($128.21 in chips)
kairobs: posts small blind $1
Crspy Bacon: posts big blind $3
*** HOLE CARDS ***
kairobs: calls $2
Crspy Bacon: checks
*** FLOP *** [9c 4c Qc]
Crspy Bacon: checks
kairobs: bets $3
Crspy Bacon: folds
Uncalled bet ($3) returned to kairobs
kairobs collected $5.88 from pot
kairobs: doesn't show hand
*** SUMMARY ***
Total pot $6 | Rake $0.12
Board [9c 4c Qc]
Seat 1: kairobs (button) (small blind) collected ($5.88)
Seat 2: Crspy Bacon (big blind) folded on the Flop


PokerStars Hand #146692531999:  Hold'em Limit ($3/$6 USD) - 2016/01/08 14:00:26 ET
Table 'Weringia IV' 2-max Seat #2 is the button
Seat 1: kairobs ($89.57 in chips)
Seat 2: Crspy Bacon ($125.21 in chips)
Crspy Bacon: posts small blind $1
kairobs: posts big blind $3
*** HOLE CARDS ***
Crspy Bacon: raises $3 to $6
kairobs: folds
Uncalled bet ($3) returned to Crspy Bacon
Crspy Bacon collected $6 from pot
Crspy Bacon: doesn't show hand
*** SUMMARY ***
Total pot $6 | Rake $0
Seat 1: kairobs (big blind) folded before Flop
Seat 2: Crspy Bacon (button) (small blind) collected ($6)


PokerStars Hand #146692518244:  Hold'em Limit ($3/$6 USD) - 2016/01/08 14:00:11 ET
Table 'Weringia IV' 2-max Seat #1 is the button
Seat 1: kairobs ($90.57 in chips)
Seat 2: Crspy Bacon ($124.21 in chips)
kairobs: posts small blind $1
Crspy Bacon: posts big blind $3
*** HOLE CARDS ***
kairobs: folds
Uncalled bet ($2) returned to Crspy Bacon
Crspy Bacon collected $2 from pot
Crspy Bacon: doesn't show hand
*** SUMMARY ***
Total pot $2 | Rake $0
Seat 1: kairobs (button) (small blind) folded before Flop
Seat 2: Crspy Bacon (big blind) collected ($2)


PokerStars Hand #146692489511:  Hold'em Limit ($3/$6 USD) - 2016/01/08 13:59:34 ET
Table 'Weringia IV' 2-max Seat #2 is the button
Seat 1: kairobs ($73.07 in chips)
Seat 2: Crspy Bacon ($142.21 in chips)
Crspy Bacon: posts small blind $1
kairobs: posts big blind $3
*** HOLE CARDS ***
Crspy Bacon: raises $3 to $6
kairobs: raises $3 to $9
Crspy Bacon: calls $3
*** FLOP *** [4c Qs 6s]
kairobs: bets $3
Crspy Bacon: calls $3
*** TURN *** [4c Qs 6s] [2d]
kairobs: bets $6
Crspy Bacon: calls $6
*** RIVER *** [4c Qs 6s 2d] [Js]
kairobs: bets $6
Crspy Bacon: folds
Uncalled bet ($6) returned to kairobs
kairobs collected $35.50 from pot
kairobs: doesn't show hand
*** SUMMARY ***
Total pot $36 | Rake $0.50
Board [4c Qs 6s 2d Js]
Seat 1: kairobs (big blind) collected ($35.50)
Seat 2: Crspy Bacon (button) (small blind) folded on the River


PokerStars Hand #146692570250:  Hold'em Limit ($3/$6 USD) - 2016/01/08 14:01:11 ET
Table 'Weringia IV' 2-max Seat #2 is the button
Seat 1: kairobs ($96.21 in chips)
Seat 2: Crspy Bacon ($118.21 in chips)
Crspy Bacon: posts small blind $1
kairobs: posts big blind $3
*** HOLE CARDS ***
Crspy Bacon: raises $3 to $6
kairobs: folds
Uncalled bet ($3) returned to Crspy Bacon
Crspy Bacon collected $6 from pot
Crspy Bacon: doesn't show hand
*** SUMMARY ***
Total pot $6 | Rake $0
Seat 1: kairobs (big blind) folded before Flop
Seat 2: Crspy Bacon (button) (small blind) collected ($6)


PokerStars Hand #146692555900:  Hold'em Limit ($3/$6 USD) - 2016/01/08 14:00:55 ET
Table 'Weringia IV' 2-max Seat #1 is the button
Seat 1: kairobs ($90.45 in chips)
Seat 2: Crspy Bacon ($124.21 in chips)
kairobs: posts small blind $1
Crspy Bacon: posts big blind $3
*** HOLE CARDS ***
kairobs: raises $3 to $6
Crspy Bacon: calls $3
*** FLOP *** [4d 4c 8d]
Crspy Bacon: checks
kairobs: bets $3
Crspy Bacon: folds
Uncalled bet ($3) returned to kairobs
kairobs collected $11.76 from pot
kairobs: doesn't show hand
*** SUMMARY ***
Total pot $12 | Rake $0.24
Board [4d 4c 8d]
Seat 1: kairobs (button) (small blind) collected ($11.76)
Seat 2: Crspy Bacon (big blind) folded on the Flop


PokerStars Hand #146692646375:  Hold'em Limit ($3/$6 USD) - 2016/01/08 14:02:33 ET
Table 'Weringia IV' 2-max Seat #1 is the button
Seat 1: kairobs ($110.71 in chips)
Seat 2: Crspy Bacon ($102.71 in chips)
kairobs: posts small blind $1
Crspy Bacon: posts big blind $3
*** HOLE CARDS ***
kairobs: raises $3 to $6
Crspy Bacon: calls $3
*** FLOP *** [3s Qh Tc]
Crspy Bacon: checks
kairobs: bets $3
Crspy Bacon: folds
Uncalled bet ($3) returned to kairobs
kairobs collected $11.76 from pot
kairobs: doesn't show hand
*** SUMMARY ***
Total pot $12 | Rake $0.24
Board [3s Qh Tc]
Seat 1: kairobs (button) (small blind) collected ($11.76)
Seat 2: Crspy Bacon (big blind) folded on the Flop


PokerStars Hand #146692612865:  Hold'em Limit ($3/$6 USD) - 2016/01/08 14:01:58 ET
Table 'Weringia IV' 2-max Seat #2 is the button
Seat 1: kairobs ($125.71 in chips)
Seat 2: Crspy Bacon ($88.21 in chips)
Crspy Bacon: posts small blind $1
kairobs: posts big blind $3
*** HOLE CARDS ***
Crspy Bacon: raises $3 to $6
kairobs: raises $3 to $9
Crspy Bacon: calls $3
*** FLOP *** [Ad 2h 9d]
kairobs: checks
Crspy Bacon: checks
*** TURN *** [Ad 2h 9d] [4h]
kairobs: checks
Crspy Bacon: checks
*** RIVER *** [Ad 2h 9d 4h] [Ac]
kairobs: checks
Crspy Bacon: bets $6
kairobs: calls $6
*** SHOW DOWN ***
Crspy Bacon: shows [Qc 4c] (two pair, Aces and Fours)
kairobs: mucks hand
Crspy Bacon collected $29.50 from pot
*** SUMMARY ***
Total pot $30 | Rake $0.50
Board [Ad 2h 9d 4h Ac]
Seat 1: kairobs (big blind) mucked
Seat 2: Crspy Bacon (button) (small blind) showed [Qc 4c] and won ($29.50) with two pair, Aces and Fours


PokerStars Hand #146692575971:  Hold'em Limit ($3/$6 USD) - 2016/01/08 14:01:18 ET
Table 'Weringia IV' 2-max Seat #1 is the button
Seat 1: kairobs ($93.21 in chips)
Seat 2: Crspy Bacon ($121.21 in chips)
kairobs: posts small blind $1
Crspy Bacon: posts big blind $3
*** HOLE CARDS ***
kairobs: calls $2
Crspy Bacon: checks
*** FLOP *** [Ks 4h 2h]
Crspy Bacon: checks
kairobs: checks
*** TURN *** [Ks 4h 2h] [6s]
Crspy Bacon: bets $6
kairobs: raises $6 to $12
Crspy Bacon: calls $6
*** RIVER *** [Ks 4h 2h 6s] [8c]
Crspy Bacon: checks
kairobs: bets $6
Crspy Bacon: raises $6 to $12
kairobs: raises $6 to $18
Crspy Bacon: calls $6
*** SHOW DOWN ***
kairobs: shows [Kd 6c] (two pair, Kings and Sixes)
Crspy Bacon: mucks hand
kairobs collected $65.50 from pot
*** SUMMARY ***
Total pot $66 | Rake $0.50
Board [Ks 4h 2h 6s 8c]
Seat 1: kairobs (button) (small blind) showed [Kd 6c] and won ($65.50) with two pair, Kings and Sixes
Seat 2: Crspy Bacon (big blind) mucked


PokerStars Hand #146692690026:  Hold'em Limit ($3/$6 USD) - 2016/01/08 14:03:19 ET
Table 'Weringia IV' 2-max Seat #2 is the button
Seat 1: kairobs ($88.47 in chips)
Seat 2: Crspy Bacon ($124.21 in chips)
Crspy Bacon: posts small blind $1
kairobs: posts big blind $3
*** HOLE CARDS ***
Crspy Bacon: raises $3 to $6
kairobs: calls $3
*** FLOP *** [9d Ac 7h]
kairobs: bets $3
Crspy Bacon: calls $3
*** TURN *** [9d Ac 7h] [8d]
kairobs: bets $6
Crspy Bacon: calls $6
*** RIVER *** [9d Ac 7h 8d] [5c]
kairobs: bets $6
Crspy Bacon: calls $6
*** SHOW DOWN ***
kairobs: shows [5s 7s] (two pair, Sevens and Fives)
Crspy Bacon: mucks hand
kairobs collected $41.50 from pot
*** SUMMARY ***
Total pot $42 | Rake $0.50
Board [9d Ac 7h 8d 5c]
Seat 1: kairobs (big blind) showed [5s 7s] and won ($41.50) with two pair, Sevens and Fives
Seat 2: Crspy Bacon (button) (small blind) mucked


PokerStars Hand #146692685232:  Hold'em Limit ($3/$6 USD) - 2016/01/08 14:03:14 ET
Table 'Weringia IV' 2-max Seat #1 is the button
Seat 1: kairobs ($89.47 in chips)
Seat 2: Crspy Bacon ($123.21 in chips)
kairobs: posts small blind $1
Crspy Bacon: posts big blind $3
*** HOLE CARDS ***
kairobs: folds
Uncalled bet ($2) returned to Crspy Bacon
Crspy Bacon collected $2 from pot
Crspy Bacon: doesn't show hand
*** SUMMARY ***
Total pot $2 | Rake $0
Seat 1: kairobs (button) (small blind) folded before Flop
Seat 2: Crspy Bacon (big blind) collected ($2)


PokerStars Hand #146692659981:  Hold'em Limit ($3/$6 USD) - 2016/01/08 14:02:48 ET
Table 'Weringia IV' 2-max Seat #2 is the button
Seat 1: kairobs ($116.47 in chips)
Seat 2: Crspy Bacon ($96.71 in chips)
Crspy Bacon: posts small blind $1
kairobs: posts big blind $3
*** HOLE CARDS ***
Crspy Bacon: raises $3 to $6
kairobs: calls $3
*** FLOP *** [7c 3h 8c]
kairobs: bets $3
Crspy Bacon: calls $3
*** TURN *** [7c 3h 8c] [Th]
kairobs: bets $6
Crspy Bacon: raises $6 to $12
kairobs: calls $6
*** RIVER *** [7c 3h 8c Th] [6c]
kairobs: checks
Crspy Bacon: bets $6
kairobs: calls $6
*** SHOW DOWN ***
Crspy Bacon: shows [Ts 8d] (two pair, Tens and Eights)
kairobs: mucks hand
Crspy Bacon collected $53.50 from pot
*** SUMMARY ***
Total pot $54 | Rake $0.50
Board [7c 3h 8c Th 6c]
Seat 1: kairobs (big blind) mucked
Seat 2: Crspy Bacon (button) (small blind) showed [Ts 8d] and won ($53.50) with two pair, Tens and Eights


PokerStars Hand #146692739599:  Hold'em Limit ($3/$6 USD) - 2016/01/08 14:04:10 ET
Table 'Weringia IV' 2-max Seat #1 is the button
Seat 1: kairobs ($108.97 in chips)
Seat 2: Crspy Bacon ($103.21 in chips)
kairobs: posts small blind $1
Crspy Bacon: posts big blind $3
*** HOLE CARDS ***
kairobs: folds
Uncalled bet ($2) returned to Crspy Bacon
Crspy Bacon collected $2 from pot
Crspy Bacon: doesn't show hand
*** SUMMARY ***
Total pot $2 | Rake $0
Seat 1: kairobs (button) (small blind) folded before Flop
Seat 2: Crspy Bacon (big blind) collected ($2)


PokerStars Hand #146692728402:  Hold'em Limit ($3/$6 USD) - 2016/01/08 14:03:59 ET
Table 'Weringia IV' 2-max Seat #2 is the button
Seat 1: kairobs ($111.97 in chips)
Seat 2: Crspy Bacon ($100.21 in chips)
Crspy Bacon: posts small blind $1
kairobs: posts big blind $3
*** HOLE CARDS ***
Crspy Bacon: raises $3 to $6
kairobs: folds
Uncalled bet ($3) returned to Crspy Bacon
Crspy Bacon collected $6 from pot
Crspy Bacon: doesn't show hand
*** SUMMARY ***
Total pot $6 | Rake $0
Seat 1: kairobs (big blind) folded before Flop
Seat 2: Crspy Bacon (button) (small blind) collected ($6)


PokerStars Hand #146692717707:  Hold'em Limit ($3/$6 USD) - 2016/01/08 14:03:48 ET
Table 'Weringia IV' 2-max Seat #1 is the button
Seat 1: kairobs ($108.97 in chips)
Seat 2: Crspy Bacon ($103.21 in chips)
kairobs: posts small blind $1
Crspy Bacon: posts big blind $3
*** HOLE CARDS ***
kairobs: raises $3 to $6
Crspy Bacon: folds
Uncalled bet ($3) returned to kairobs
kairobs collected $6 from pot
kairobs: doesn't show hand
*** SUMMARY ***
Total pot $6 | Rake $0
Seat 1: kairobs (button) (small blind) collected ($6)
Seat 2: Crspy Bacon (big blind) folded before Flop


PokerStars Hand #146692829415:  Hold'em Limit ($3/$6 USD) - 2016/01/08 14:05:42 ET
Table 'Weringia IV' 2-max Seat #2 is the button
Seat 1: kairobs ($76.49 in chips)
Seat 2: Crspy Bacon ($134.47 in chips)
Crspy Bacon: posts small blind $1
kairobs: posts big blind $3
*** HOLE CARDS ***
Crspy Bacon: folds
Uncalled bet ($2) returned to kairobs
kairobs collected $2 from pot
kairobs: doesn't show hand
*** SUMMARY ***
Total pot $2 | Rake $0
Seat 1: kairobs (big blind) collected ($2)
Seat 2: Crspy Bacon (button) (small blind) folded before Flop


PokerStars Hand #146692824709:  Hold'em Limit ($3/$6 USD) - 2016/01/08 14:05:38 ET
Table 'Weringia IV' 2-max Seat #1 is the button
Seat 1: kairobs ($77.49 in chips)
Seat 2: Crspy Bacon ($133.47 in chips)
kairobs: posts small blind $1
Crspy Bacon: posts big blind $3
*** HOLE CARDS ***
kairobs: folds
Uncalled bet ($2) returned to Crspy Bacon
Crspy Bacon collected $2 from pot
Crspy Bacon: doesn't show hand
*** SUMMARY ***
Total pot $2 | Rake $0
Seat 1: kairobs (button) (small blind) folded before Flop
Seat 2: Crspy Bacon (big blind) collected ($2)


PokerStars Hand #146692807266:  Hold'em Limit ($3/$6 USD) - 2016/01/08 14:05:20 ET
Table 'Weringia IV' 2-max Seat #2 is the button
Seat 1: kairobs ($65.97 in chips)
Seat 2: Crspy Bacon ($145.47 in chips)
Crspy Bacon: posts small blind $1
kairobs: posts big blind $3
*** HOLE CARDS ***
Crspy Bacon: raises $3 to $6
kairobs: raises $3 to $9
Crspy Bacon: calls $3
*** FLOP *** [4d 3c 3s]
kairobs: bets $3
Crspy Bacon: calls $3
*** TURN *** [4d 3c 3s] [Ad]
kairobs: bets $6
Crspy Bacon: folds
Uncalled bet ($6) returned to kairobs
kairobs collected $23.52 from pot
kairobs: doesn't show hand
*** SUMMARY ***
Total pot $24 | Rake $0.48
Board [4d 3c 3s Ad]
Seat 1: kairobs (big blind) collected ($23.52)
Seat 2: Crspy Bacon (button) (small blind) folded on the Turn


PokerStars Hand #146692788298:  Hold'em Limit ($3/$6 USD) - 2016/01/08 14:05:01 ET
Table 'Weringia IV' 2-max Seat #1 is the button
Seat 1: kairobs ($71.97 in chips)
Seat 2: Crspy Bacon ($139.71 in chips)
kairobs: posts small blind $1
Crspy Bacon: posts big blind $3
*** HOLE CARDS ***
kairobs: raises $3 to $6
Crspy Bacon: calls $3
*** FLOP *** [8s 6d Qc]
Crspy Bacon: checks
kairobs: checks
*** TURN *** [8s 6d Qc] [Kd]
Crspy Bacon: bets $6
kairobs: folds
Uncalled bet ($6) returned to Crspy Bacon
Crspy Bacon collected $11.76 from pot
Crspy Bacon: doesn't show hand
*** SUMMARY ***
Total pot $12 | Rake $0.24
Board [8s 6d Qc Kd]
Seat 1: kairobs (button) (small blind) folded on the Turn
Seat 2: Crspy Bacon (big blind) collected ($11.76)


PokerStars Hand #146692744829:  Hold'em Limit ($3/$6 USD) - 2016/01/08 14:04:16 ET
Table 'Weringia IV' 2-max Seat #2 is the button
Seat 1: kairobs ($107.97 in chips)
Seat 2: Crspy Bacon ($104.21 in chips)
Crspy Bacon: posts small blind $1
kairobs: posts big blind $3
*** HOLE CARDS ***
Crspy Bacon: raises $3 to $6
kairobs: calls $3
*** FLOP *** [8d 6c 7h]
kairobs: bets $3
Crspy Bacon: raises $3 to $6
kairobs: raises $3 to $9
Crspy Bacon: raises $3 to $12
Betting is capped
kairobs: calls $3
*** TURN *** [8d 6c 7h] [Qs]
kairobs: bets $6
Crspy Bacon: raises $6 to $12
kairobs: calls $6
*** RIVER *** [8d 6c 7h Qs] [3h]
kairobs: checks
Crspy Bacon: bets $6
kairobs: calls $6
*** SHOW DOWN ***
Crspy Bacon: shows [Th 9c] (a straight, Six to Ten)
kairobs: mucks hand
Crspy Bacon collected $71.50 from pot
*** SUMMARY ***
Total pot $72 | Rake $0.50
Board [8d 6c 7h Qs 3h]
Seat 1: kairobs (big blind) mucked
Seat 2: Crspy Bacon (button) (small blind) showed [Th 9c] and won ($71.50) with a straight, Six to Ten


PokerStars Hand #146692873525:  Hold'em Limit ($3/$6 USD) - 2016/01/08 14:06:27 ET
Table 'Weringia IV' 2-max Seat #1 is the button
Seat 1: kairobs ($109.99 in chips)
Seat 2: Crspy Bacon ($100.47 in chips)
kairobs: posts small blind $1
Crspy Bacon: posts big blind $3
*** HOLE CARDS ***
kairobs: folds
Uncalled bet ($2) returned to Crspy Bacon
Crspy Bacon collected $2 from pot
Crspy Bacon: doesn't show hand
*** SUMMARY ***
Total pot $2 | Rake $0
Seat 1: kairobs (button) (small blind) folded before Flop
Seat 2: Crspy Bacon (big blind) collected ($2)


PokerStars Hand #146692867059:  Hold'em Limit ($3/$6 USD) - 2016/01/08 14:06:21 ET
Table 'Weringia IV' 2-max Seat #2 is the button
Seat 1: kairobs ($112.99 in chips)
Seat 2: Crspy Bacon ($97.47 in chips)
Crspy Bacon: posts small blind $1
kairobs: posts big blind $3
*** HOLE CARDS ***
Crspy Bacon: raises $3 to $6
kairobs: folds
Uncalled bet ($3) returned to Crspy Bacon
Crspy Bacon collected $6 from pot
Crspy Bacon: doesn't show hand
*** SUMMARY ***
Total pot $6 | Rake $0
Seat 1: kairobs (big blind) folded before Flop
Seat 2: Crspy Bacon (button) (small blind) collected ($6)


PokerStars Hand #146692834616:  Hold'em Limit ($3/$6 USD) - 2016/01/08 14:05:48 ET
Table 'Weringia IV' 2-max Seat #1 is the button
Seat 1: kairobs ($77.49 in chips)
Seat 2: Crspy Bacon ($133.47 in chips)
kairobs: posts small blind $1
Crspy Bacon: posts big blind $3
*** HOLE CARDS ***
kairobs: raises $3 to $6
Crspy Bacon: raises $3 to $9
kairobs: raises $3 to $12
Betting is capped
Crspy Bacon: calls $3
*** FLOP *** [Tc 6s 8s]
Crspy Bacon: checks
kairobs: bets $3
Crspy Bacon: raises $3 to $6
kairobs: calls $3
*** TURN *** [Tc 6s 8s] [Jd]
Crspy Bacon: bets $6
kairobs: raises $6 to $12
Crspy Bacon: calls $6
*** RIVER *** [Tc 6s 8s Jd] [4c]
Crspy Bacon: checks
kairobs: bets $6
Crspy Bacon: calls $6
*** SHOW DOWN ***
kairobs: shows [6c Js] (two pair, Jacks and Sixes)
Crspy Bacon: mucks hand
kairobs collected $71.50 from pot
*** SUMMARY ***
Total pot $72 | Rake $0.50
Board [Tc 6s 8s Jd 4c]
Seat 1: kairobs (button) (small blind) showed [6c Js] and won ($71.50) with two pair, Jacks and Sixes
Seat 2: Crspy Bacon (big blind) mucked


PokerStars Hand #146692904752:  Hold'em Limit ($3/$6 USD) - 2016/01/08 14:06:59 ET
Table 'Weringia IV' 2-max Seat #1 is the button
Seat 1: kairobs ($108.74 in chips)
Seat 2: Crspy Bacon ($101.22 in chips)
kairobs: posts small blind $1
Crspy Bacon: posts big blind $3
*** HOLE CARDS ***
kairobs: calls $2
Crspy Bacon: checks
*** FLOP *** [8h 2h Th]
Crspy Bacon: checks
kairobs: bets $3
Crspy Bacon: folds
Uncalled bet ($3) returned to kairobs
kairobs collected $5.88 from pot
kairobs: doesn't show hand
*** SUMMARY ***
Total pot $6 | Rake $0.12
Board [8h 2h Th]
Seat 1: kairobs (button) (small blind) collected ($5.88)
Seat 2: Crspy Bacon (big blind) folded on the Flop


PokerStars Hand #146692881881:  Hold'em Limit ($3/$6 USD) - 2016/01/08 14:06:36 ET
Table 'Weringia IV' 2-max Seat #2 is the button
Seat 1: kairobs ($108.99 in chips)
Seat 2: Crspy Bacon ($101.47 in chips)
Crspy Bacon: posts small blind $1
kairobs: posts big blind $3
*** HOLE CARDS ***
Crspy Bacon: raises $3 to $6
kairobs: calls $3
*** FLOP *** [Ks Td 3h]
kairobs: bets $3
Crspy Bacon: calls $3
*** TURN *** [Ks Td 3h] [Qc]
kairobs: bets $6
Crspy Bacon: calls $6
*** RIVER *** [Ks Td 3h Qc] [Jc]
kairobs: checks
Crspy Bacon: checks
*** SHOW DOWN ***
kairobs: shows [2s Tc] (a pair of Tens)
Crspy Bacon: shows [5h Ts] (a pair of Tens)
kairobs collected $14.75 from pot
Crspy Bacon collected $14.75 from pot
*** SUMMARY ***
Total pot $30 | Rake $0.50
Board [Ks Td 3h Qc Jc]
Seat 1: kairobs (big blind) showed [2s Tc] and won ($14.75) with a pair of Tens
Seat 2: Crspy Bacon (button) (small blind) showed [5h Ts] and won ($14.75) with a pair of Tens


PokerStars Hand #146692922425:  Hold'em Limit ($3/$6 USD) - 2016/01/08 14:07:17 ET
Table 'Weringia IV' 2-max Seat #2 is the button
Seat 1: kairobs ($111.62 in chips)
Seat 2: Crspy Bacon ($98.22 in chips)
Crspy Bacon: posts small blind $1
kairobs: posts big blind $3
*** HOLE CARDS ***
Crspy Bacon: raises $3 to $6
kairobs: calls $3
*** FLOP *** [9d Td Kh]
kairobs: checks
Crspy Bacon: bets $3
kairobs: raises $3 to $6
Crspy Bacon: calls $3
*** TURN *** [9d Td Kh] [4c]
kairobs: bets $6
Crspy Bacon: calls $6
*** RIVER *** [9d Td Kh 4c] [8d]
kairobs: bets $6
Crspy Bacon: calls $6
*** SHOW DOWN ***
kairobs: shows [9h Kc] (two pair, Kings and Nines)
Crspy Bacon: mucks hand
kairobs collected $47.50 from pot
*** SUMMARY ***
Total pot $48 | Rake $0.50
Board [9d Td Kh 4c 8d]
Seat 1: kairobs (big blind) showed [9h Kc] and won ($47.50) with two pair, Kings and Nines
Seat 2: Crspy Bacon (button) (small blind) mucked


PokerStars Hand #146692964433:  Hold'em Limit ($3/$6 USD) - 2016/01/08 14:07:59 ET
Table 'Weringia IV' 2-max Seat #1 is the button
Seat 1: kairobs ($135.12 in chips)
Seat 2: Crspy Bacon ($74.22 in chips)
kairobs: posts small blind $1
Crspy Bacon: posts big blind $3
*** HOLE CARDS ***
kairobs: raises $3 to $6
Crspy Bacon: folds
Uncalled bet ($3) returned to kairobs
kairobs collected $6 from pot
kairobs: doesn't show hand
*** SUMMARY ***
Total pot $6 | Rake $0
Seat 1: kairobs (button) (small blind) collected ($6)
Seat 2: Crspy Bacon (big blind) folded before Flop


PokerStars Hand #146692976430:  Hold'em Limit ($3/$6 USD) - 2016/01/08 14:08:11 ET
Table 'Weringia IV' 2-max Seat #2 is the button
Seat 1: kairobs ($138.12 in chips)
Seat 2: Crspy Bacon ($71.22 in chips)
Crspy Bacon: posts small blind $1
kairobs: posts big blind $3
*** HOLE CARDS ***
Crspy Bacon: raises $3 to $6
kairobs: folds
Uncalled bet ($3) returned to Crspy Bacon
Crspy Bacon collected $6 from pot
Crspy Bacon: doesn't show hand
*** SUMMARY ***
Total pot $6 | Rake $0
Seat 1: kairobs (big blind) folded before Flop
Seat 2: Crspy Bacon (button) (small blind) collected ($6)


PokerStars Hand #146692994048:  Hold'em Limit ($3/$6 USD) - 2016/01/08 14:08:30 ET
Table 'Weringia IV' 2-max Seat #1 is the button
Seat 1: kairobs ($135.12 in chips)
Seat 2: Crspy Bacon ($74.22 in chips)
kairobs: posts small blind $1
Crspy Bacon: posts big blind $3
*** HOLE CARDS ***
kairobs: raises $3 to $6
Crspy Bacon: folds
Uncalled bet ($3) returned to kairobs
kairobs collected $6 from pot
kairobs: doesn't show hand
*** SUMMARY ***
Total pot $6 | Rake $0
Seat 1: kairobs (button) (small blind) collected ($6)
Seat 2: Crspy Bacon (big blind) folded before Flop


PokerStars Hand #146693024004:  Hold'em Limit ($3/$6 USD) - 2016/01/08 14:09:01 ET
Table 'Weringia IV' 2-max Seat #1 is the button
Seat 1: kairobs ($135.12 in chips)
Seat 2: Crspy Bacon ($74.22 in chips)
kairobs: posts small blind $1
Crspy Bacon: posts big blind $3
*** HOLE CARDS ***
kairobs: folds
Uncalled bet ($2) returned to Crspy Bacon
Crspy Bacon collected $2 from pot
Crspy Bacon: doesn't show hand
*** SUMMARY ***
Total pot $2 | Rake $0
Seat 1: kairobs (button) (small blind) folded before Flop
Seat 2: Crspy Bacon (big blind) collected ($2)


PokerStars Hand #146693008273:  Hold'em Limit ($3/$6 USD) - 2016/01/08 14:08:44 ET
Table 'Weringia IV' 2-max Seat #2 is the button
Seat 1: kairobs ($138.12 in chips)
Seat 2: Crspy Bacon ($71.22 in chips)
Crspy Bacon: posts small blind $1
kairobs: posts big blind $3
*** HOLE CARDS ***
Crspy Bacon: raises $3 to $6
kairobs: folds
Uncalled bet ($3) returned to Crspy Bacon
Crspy Bacon collected $6 from pot
Crspy Bacon: doesn't show hand
*** SUMMARY ***
Total pot $6 | Rake $0
Seat 1: kairobs (big blind) folded before Flop
Seat 2: Crspy Bacon (button) (small blind) collected ($6)


PokerStars Hand #146693028769:  Hold'em Limit ($3/$6 USD) - 2016/01/08 14:09:05 ET
Table 'Weringia IV' 2-max Seat #2 is the button
Seat 1: kairobs ($134.12 in chips)
Seat 2: Crspy Bacon ($75.22 in chips)
Crspy Bacon: posts small blind $1
kairobs: posts big blind $3
*** HOLE CARDS ***
Crspy Bacon: raises $3 to $6
kairobs: raises $3 to $9
Crspy Bacon: calls $3
*** FLOP *** [Ah 5d 3d]
kairobs: checks
Crspy Bacon: bets $3
kairobs: folds
Uncalled bet ($3) returned to Crspy Bacon
Crspy Bacon collected $17.64 from pot
Crspy Bacon: doesn't show hand
*** SUMMARY ***
Total pot $18 | Rake $0.36
Board [Ah 5d 3d]
Seat 1: kairobs (big blind) folded on the Flop
Seat 2: Crspy Bacon (button) (small blind) collected ($17.64)


PokerStars Hand #146693048951:  Hold'em Limit ($3/$6 USD) - 2016/01/08 14:09:26 ET
Table 'Weringia IV' 2-max Seat #1 is the button
Seat 1: kairobs ($125.12 in chips)
Seat 2: Crspy Bacon ($83.86 in chips)
kairobs: posts small blind $1
Crspy Bacon: posts big blind $3
*** HOLE CARDS ***
kairobs: folds
Uncalled bet ($2) returned to Crspy Bacon
Crspy Bacon collected $2 from pot
Crspy Bacon: doesn't show hand
*** SUMMARY ***
Total pot $2 | Rake $0
Seat 1: kairobs (button) (small blind) folded before Flop
Seat 2: Crspy Bacon (big blind) collected ($2)


PokerStars Hand #146693055210:  Hold'em Limit ($3/$6 USD) - 2016/01/08 14:09:32 ET
Table 'Weringia IV' 2-max Seat #2 is the button
Seat 1: kairobs ($124.12 in chips)
Seat 2: Crspy Bacon ($84.86 in chips)
Crspy Bacon: posts small blind $1
kairobs: posts big blind $3
*** HOLE CARDS ***
Crspy Bacon: raises $3 to $6
kairobs: calls $3
*** FLOP *** [Jd 5h Ad]
kairobs: bets $3
Crspy Bacon: calls $3
*** TURN *** [Jd 5h Ad] [6c]
kairobs: bets $6
Crspy Bacon: calls $6
*** RIVER *** [Jd 5h Ad 6c] [Ac]
kairobs: bets $6
Crspy Bacon: calls $6
*** SHOW DOWN ***
kairobs: shows [Qd 4c] (a pair of Aces)
Crspy Bacon: shows [8c 5c] (two pair, Aces and Fives)
Crspy Bacon collected $41.50 from pot
*** SUMMARY ***
Total pot $42 | Rake $0.50
Board [Jd 5h Ad 6c Ac]
Seat 1: kairobs (big blind) showed [Qd 4c] and lost with a pair of Aces
Seat 2: Crspy Bacon (button) (small blind) showed [8c 5c] and won ($41.50) with two pair, Aces and Fives


PokerStars Hand #146693078797:  Hold'em Limit ($3/$6 USD) - 2016/01/08 14:09:56 ET
Table 'Weringia IV' 2-max Seat #1 is the button
Seat 1: kairobs ($103.12 in chips)
Seat 2: Crspy Bacon ($105.36 in chips)
kairobs: posts small blind $1
Crspy Bacon: posts big blind $3
*** HOLE CARDS ***
kairobs: raises $3 to $6
Crspy Bacon: raises $3 to $9
kairobs: raises $3 to $12
Betting is capped
Crspy Bacon: calls $3
*** FLOP *** [Jc 9h Jh]
Crspy Bacon: checks
kairobs: checks
*** TURN *** [Jc 9h Jh] [4d]
Crspy Bacon: bets $6
kairobs: folds
Uncalled bet ($6) returned to Crspy Bacon
Crspy Bacon collected $23.52 from pot
Crspy Bacon: doesn't show hand
*** SUMMARY ***
Total pot $24 | Rake $0.48
Board [Jc 9h Jh 4d]
Seat 1: kairobs (button) (small blind) folded on the Turn
Seat 2: Crspy Bacon (big blind) collected ($23.52)


PokerStars Hand #146693138534:  Hold'em Limit ($3/$6 USD) - 2016/01/08 14:10:59 ET
Table 'Weringia IV' 2-max Seat #1 is the button
Seat 1: kairobs ($108.62 in chips)
Seat 2: Crspy Bacon ($98.88 in chips)
kairobs: posts small blind $1
Crspy Bacon: posts big blind $3
*** HOLE CARDS ***
kairobs: folds
Uncalled bet ($2) returned to Crspy Bacon
Crspy Bacon collected $2 from pot
Crspy Bacon: doesn't show hand
*** SUMMARY ***
Total pot $2 | Rake $0
Seat 1: kairobs (button) (small blind) folded before Flop
Seat 2: Crspy Bacon (big blind) collected ($2)


PokerStars Hand #146693105152:  Hold'em Limit ($3/$6 USD) - 2016/01/08 14:10:24 ET
Table 'Weringia IV' 2-max Seat #2 is the button
Seat 1: kairobs ($91.12 in chips)
Seat 2: Crspy Bacon ($116.88 in chips)
Crspy Bacon: posts small blind $1
kairobs: posts big blind $3
*** HOLE CARDS ***
Crspy Bacon: raises $3 to $6
kairobs: raises $3 to $9
Crspy Bacon: calls $3
*** FLOP *** [Qh 9h Ts]
kairobs: bets $3
Crspy Bacon: calls $3
*** TURN *** [Qh 9h Ts] [Jc]
kairobs: bets $6
Crspy Bacon: calls $6
*** RIVER *** [Qh 9h Ts Jc] [7s]
kairobs: bets $6
Crspy Bacon: folds
Uncalled bet ($6) returned to kairobs
kairobs collected $35.50 from pot
kairobs: doesn't show hand
*** SUMMARY ***
Total pot $36 | Rake $0.50
Board [Qh 9h Ts Jc 7s]
Seat 1: kairobs (big blind) collected ($35.50)
Seat 2: Crspy Bacon (button) (small blind) folded on the River


PokerStars Hand #146693144491:  Hold'em Limit ($3/$6 USD) - 2016/01/08 14:11:05 ET
Table 'Weringia IV' 2-max Seat #2 is the button
Seat 1: kairobs ($107.62 in chips)
Seat 2: Crspy Bacon ($99.88 in chips)
Crspy Bacon: posts small blind $1
kairobs: posts big blind $3
*** HOLE CARDS ***
Crspy Bacon: raises $3 to $6
kairobs: raises $3 to $9
Crspy Bacon: calls $3
*** FLOP *** [8c 9d 3d]
kairobs: checks
Crspy Bacon: bets $3
kairobs: folds
Uncalled bet ($3) returned to Crspy Bacon
Crspy Bacon collected $17.64 from pot
Crspy Bacon: doesn't show hand
*** SUMMARY ***
Total pot $18 | Rake $0.36
Board [8c 9d 3d]
Seat 1: kairobs (big blind) folded on the Flop
Seat 2: Crspy Bacon (button) (small blind) collected ($17.64)


PokerStars Hand #146693177502:  Hold'em Limit ($3/$6 USD) - 2016/01/08 14:11:39 ET
Table 'Weringia IV' 2-max Seat #1 is the button
Seat 1: kairobs ($98.62 in chips)
Seat 2: Crspy Bacon ($108.52 in chips)
kairobs: posts small blind $1
Crspy Bacon: posts big blind $3
*** HOLE CARDS ***
kairobs: raises $3 to $6
Crspy Bacon: calls $3
*** FLOP *** [8h 4d Jc]
Crspy Bacon: checks
kairobs: checks
*** TURN *** [8h 4d Jc] [Ts]
Crspy Bacon: checks
kairobs: checks
*** RIVER *** [8h 4d Jc Ts] [Ks]
Crspy Bacon: bets $6
kairobs: folds
Uncalled bet ($6) returned to Crspy Bacon
Crspy Bacon collected $11.76 from pot
Crspy Bacon: doesn't show hand
*** SUMMARY ***
Total pot $12 | Rake $0.24
Board [8h 4d Jc Ts Ks]
Seat 1: kairobs (button) (small blind) folded on the River
Seat 2: Crspy Bacon (big blind) collected ($11.76)


PokerStars Hand #146693198837:  Hold'em Limit ($3/$6 USD) - 2016/01/08 14:12:01 ET
Table 'Weringia IV' 2-max Seat #2 is the button
Seat 1: kairobs ($92.62 in chips)
Seat 2: Crspy Bacon ($114.28 in chips)
Crspy Bacon: posts small blind $1
kairobs: posts big blind $3
*** HOLE CARDS ***
Crspy Bacon: raises $3 to $6
kairobs: raises $3 to $9
Crspy Bacon: calls $3
*** FLOP *** [9s 9c Ah]
kairobs: checks
Crspy Bacon: bets $3
kairobs: raises $3 to $6
Crspy Bacon: folds
Uncalled bet ($3) returned to kairobs
kairobs collected $23.52 from pot
kairobs: doesn't show hand
*** SUMMARY ***
Total pot $24 | Rake $0.48
Board [9s 9c Ah]
Seat 1: kairobs (big blind) collected ($23.52)
Seat 2: Crspy Bacon (button) (small blind) folded on the Flop


PokerStars Hand #146693224775:  Hold'em Limit ($3/$6 USD) - 2016/01/08 14:12:28 ET
Table 'Weringia IV' 2-max Seat #1 is the button
Seat 1: kairobs ($104.14 in chips)
Seat 2: Crspy Bacon ($102.28 in chips)
kairobs: posts small blind $1
Crspy Bacon: posts big blind $3
*** HOLE CARDS ***
kairobs: raises $3 to $6
Crspy Bacon: folds
Uncalled bet ($3) returned to kairobs
kairobs collected $6 from pot
kairobs: doesn't show hand
*** SUMMARY ***
Total pot $6 | Rake $0
Seat 1: kairobs (button) (small blind) collected ($6)
Seat 2: Crspy Bacon (big blind) folded before Flop


PokerStars Hand #146693241233:  Hold'em Limit ($3/$6 USD) - 2016/01/08 14:12:45 ET
Table 'Weringia IV' 2-max Seat #2 is the button
Seat 1: kairobs ($107.14 in chips)
Seat 2: Crspy Bacon ($99.28 in chips)
Crspy Bacon: posts small blind $1
kairobs: posts big blind $3
*** HOLE CARDS ***
Crspy Bacon: raises $3 to $6
kairobs: calls $3
*** FLOP *** [Js 5c 9c]
kairobs: checks
Crspy Bacon: bets $3
kairobs: calls $3
*** TURN *** [Js 5c 9c] [3s]
kairobs: checks
Crspy Bacon: bets $6
kairobs: folds
Uncalled bet ($6) returned to Crspy Bacon
Crspy Bacon collected $17.64 from pot
Crspy Bacon: doesn't show hand
*** SUMMARY ***
Total pot $18 | Rake $0.36
Board [Js 5c 9c 3s]
Seat 1: kairobs (big blind) folded on the Turn
Seat 2: Crspy Bacon (button) (small blind) collected ($17.64)


PokerStars Hand #146693273515:  Hold'em Limit ($3/$6 USD) - 2016/01/08 14:13:18 ET
Table 'Weringia IV' 2-max Seat #1 is the button
Seat 1: kairobs ($98.14 in chips)
Seat 2: Crspy Bacon ($107.92 in chips)
kairobs: posts small blind $1
Crspy Bacon: posts big blind $3
*** HOLE CARDS ***
kairobs: folds
Uncalled bet ($2) returned to Crspy Bacon
Crspy Bacon collected $2 from pot
Crspy Bacon: doesn't show hand
*** SUMMARY ***
Total pot $2 | Rake $0
Seat 1: kairobs (button) (small blind) folded before Flop
Seat 2: Crspy Bacon (big blind) collected ($2)


PokerStars Hand #146693278817:  Hold'em Limit ($3/$6 USD) - 2016/01/08 14:13:24 ET
Table 'Weringia IV' 2-max Seat #2 is the button
Seat 1: kairobs ($97.14 in chips)
Seat 2: Crspy Bacon ($108.92 in chips)
Crspy Bacon: posts small blind $1
kairobs: posts big blind $3
*** HOLE CARDS ***
Crspy Bacon: raises $3 to $6
kairobs: calls $3
*** FLOP *** [Qc 4d 9h]
kairobs: bets $3
Crspy Bacon: calls $3
*** TURN *** [Qc 4d 9h] [8s]
kairobs: checks
Crspy Bacon: checks
*** RIVER *** [Qc 4d 9h 8s] [Jc]
kairobs: checks
Crspy Bacon: bets $6
kairobs: calls $6
*** SHOW DOWN ***
Crspy Bacon: shows [Ah Jh] (a pair of Jacks)
kairobs: mucks hand
Crspy Bacon collected $29.50 from pot
*** SUMMARY ***
Total pot $30 | Rake $0.50
Board [Qc 4d 9h 8s Jc]
Seat 1: kairobs (big blind) mucked
Seat 2: Crspy Bacon (button) (small blind) showed [Ah Jh] and won ($29.50) with a pair of Jacks


PokerStars Hand #146693312275:  Hold'em Limit ($3/$6 USD) - 2016/01/08 14:13:58 ET
Table 'Weringia IV' 2-max Seat #1 is the button
Seat 1: kairobs ($82.14 in chips)
Seat 2: Crspy Bacon ($123.42 in chips)
kairobs: posts small blind $1
Crspy Bacon: posts big blind $3
*** HOLE CARDS ***
kairobs: raises $3 to $6
Crspy Bacon: raises $3 to $9
kairobs: raises $3 to $12
Betting is capped
Crspy Bacon: calls $3
*** FLOP *** [2h 7c 6s]
Crspy Bacon: checks
kairobs: bets $3
Crspy Bacon: calls $3
*** TURN *** [2h 7c 6s] [Ad]
Crspy Bacon: checks
kairobs: checks
*** RIVER *** [2h 7c 6s Ad] [7s]
Crspy Bacon: checks
kairobs: checks
*** SHOW DOWN ***
Crspy Bacon: shows [Js Tc] (a pair of Sevens)
kairobs: shows [Qd Kd] (a pair of Sevens - Ace+King kicker)
kairobs collected $29.50 from pot
*** SUMMARY ***
Total pot $30 | Rake $0.50
Board [2h 7c 6s Ad 7s]
Seat 1: kairobs (button) (small blind) showed [Qd Kd] and won ($29.50) with a pair of Sevens
Seat 2: Crspy Bacon (big blind) showed [Js Tc] and lost with a pair of Sevens


PokerStars Hand #146693337074:  Hold'em Limit ($3/$6 USD) - 2016/01/08 14:14:24 ET
Table 'Weringia IV' 2-max Seat #2 is the button
Seat 1: kairobs ($96.64 in chips)
Seat 2: Crspy Bacon ($108.42 in chips)
Crspy Bacon: posts small blind $1
kairobs: posts big blind $3
*** HOLE CARDS ***
Crspy Bacon: raises $3 to $6
kairobs: folds
Uncalled bet ($3) returned to Crspy Bacon
Crspy Bacon collected $6 from pot
Crspy Bacon: doesn't show hand
*** SUMMARY ***
Total pot $6 | Rake $0
Seat 1: kairobs (big blind) folded before Flop
Seat 2: Crspy Bacon (button) (small blind) collected ($6)


PokerStars Hand #146693344942:  Hold'em Limit ($3/$6 USD) - 2016/01/08 14:14:32 ET
Table 'Weringia IV' 2-max Seat #1 is the button
Seat 1: kairobs ($93.64 in chips)
Seat 2: Crspy Bacon ($111.42 in chips)
kairobs: posts small blind $1
Crspy Bacon: posts big blind $3
*** HOLE CARDS ***
kairobs: calls $2
Crspy Bacon: raises $3 to $6
kairobs: calls $3
*** FLOP *** [Qs 3h 5d]
Crspy Bacon: bets $3
kairobs: folds
Uncalled bet ($3) returned to Crspy Bacon
Crspy Bacon collected $11.76 from pot
Crspy Bacon: doesn't show hand
*** SUMMARY ***
Total pot $12 | Rake $0.24
Board [Qs 3h 5d]
Seat 1: kairobs (button) (small blind) folded on the Flop
Seat 2: Crspy Bacon (big blind) collected ($11.76)


PokerStars Hand #146693361942:  Hold'em Limit ($3/$6 USD) - 2016/01/08 14:14:50 ET
Table 'Weringia IV' 2-max Seat #2 is the button
Seat 1: kairobs ($87.64 in chips)
Seat 2: Crspy Bacon ($117.18 in chips)
Crspy Bacon: posts small blind $1
kairobs: posts big blind $3
*** HOLE CARDS ***
Crspy Bacon: raises $3 to $6
kairobs: raises $3 to $9
Crspy Bacon: raises $3 to $12
Betting is capped
kairobs: calls $3
*** FLOP *** [5s 7s 8s]
kairobs: bets $3
Crspy Bacon: calls $3
*** TURN *** [5s 7s 8s] [9d]
kairobs: bets $6
Crspy Bacon: calls $6
*** RIVER *** [5s 7s 8s 9d] [5h]
kairobs: checks
Crspy Bacon: checks
*** SHOW DOWN ***
kairobs: shows [Qc Qd] (two pair, Queens and Fives)
Crspy Bacon: mucks hand
kairobs collected $41.50 from pot
*** SUMMARY ***
Total pot $42 | Rake $0.50
Board [5s 7s 8s 9d 5h]
Seat 1: kairobs (big blind) showed [Qc Qd] and won ($41.50) with two pair, Queens and Fives
Seat 2: Crspy Bacon (button) (small blind) mucked


PokerStars Hand #146693385962:  Hold'em Limit ($3/$6 USD) - 2016/01/08 14:15:14 ET
Table 'Weringia IV' 2-max Seat #1 is the button
Seat 1: kairobs ($108.14 in chips)
Seat 2: Crspy Bacon ($96.18 in chips)
kairobs: posts small blind $1
Crspy Bacon: posts big blind $3
*** HOLE CARDS ***
kairobs: raises $3 to $6
Crspy Bacon: folds
Uncalled bet ($3) returned to kairobs
kairobs collected $6 from pot
kairobs: doesn't show hand
*** SUMMARY ***
Total pot $6 | Rake $0
Seat 1: kairobs (button) (small blind) collected ($6)
Seat 2: Crspy Bacon (big blind) folded before Flop


PokerStars Hand #146693412844:  Hold'em Limit ($3/$6 USD) - 2016/01/08 14:15:42 ET
Table 'Weringia IV' 2-max Seat #1 is the button
Seat 1: kairobs ($105.14 in chips)
Seat 2: Crspy Bacon ($98.94 in chips)
kairobs: posts small blind $1
Crspy Bacon: posts big blind $3
*** HOLE CARDS ***
kairobs: folds
Uncalled bet ($2) returned to Crspy Bacon
Crspy Bacon collected $2 from pot
Crspy Bacon: doesn't show hand
*** SUMMARY ***
Total pot $2 | Rake $0
Seat 1: kairobs (button) (small blind) folded before Flop
Seat 2: Crspy Bacon (big blind) collected ($2)


PokerStars Hand #146693395474:  Hold'em Limit ($3/$6 USD) - 2016/01/08 14:15:24 ET
Table 'Weringia IV' 2-max Seat #2 is the button
Seat 1: kairobs ($111.14 in chips)
Seat 2: Crspy Bacon ($93.18 in chips)
Crspy Bacon: posts small blind $1
kairobs: posts big blind $3
*** HOLE CARDS ***
Crspy Bacon: raises $3 to $6
kairobs: calls $3
*** FLOP *** [9h 4c 4s]
kairobs: checks
Crspy Bacon: bets $3
kairobs: folds
Uncalled bet ($3) returned to Crspy Bacon
Crspy Bacon collected $11.76 from pot
Crspy Bacon: doesn't show hand
*** SUMMARY ***
Total pot $12 | Rake $0.24
Board [9h 4c 4s]
Seat 1: kairobs (big blind) folded on the Flop
Seat 2: Crspy Bacon (button) (small blind) collected ($11.76)


PokerStars Hand #146693419271:  Hold'em Limit ($3/$6 USD) - 2016/01/08 14:15:49 ET
Table 'Weringia IV' 2-max Seat #2 is the button
Seat 1: kairobs ($104.14 in chips)
Seat 2: Crspy Bacon ($99.94 in chips)
Crspy Bacon: posts small blind $1
kairobs: posts big blind $3
*** HOLE CARDS ***
Crspy Bacon: raises $3 to $6
kairobs: raises $3 to $9
Crspy Bacon: raises $3 to $12
Betting is capped
kairobs: calls $3
*** FLOP *** [4d 8d 2c]
kairobs: bets $3
Crspy Bacon: calls $3
*** TURN *** [4d 8d 2c] [9c]
kairobs: bets $6
Crspy Bacon: calls $6
*** RIVER *** [4d 8d 2c 9c] [Ad]
kairobs: checks
Crspy Bacon: bets $6
kairobs: folds
Uncalled bet ($6) returned to Crspy Bacon
Crspy Bacon collected $41.50 from pot
Crspy Bacon: doesn't show hand
*** SUMMARY ***
Total pot $42 | Rake $0.50
Board [4d 8d 2c 9c Ad]
Seat 1: kairobs (big blind) folded on the River
Seat 2: Crspy Bacon (button) (small blind) collected ($41.50)


PokerStars Hand #146693456735:  Hold'em Limit ($3/$6 USD) - 2016/01/08 14:16:27 ET
Table 'Weringia IV' 2-max Seat #1 is the button
Seat 1: kairobs ($83.14 in chips)
Seat 2: Crspy Bacon ($120.44 in chips)
kairobs: posts small blind $1
Crspy Bacon: posts big blind $3
*** HOLE CARDS ***
kairobs: folds
Uncalled bet ($2) returned to Crspy Bacon
Crspy Bacon collected $2 from pot
Crspy Bacon: doesn't show hand
*** SUMMARY ***
Total pot $2 | Rake $0
Seat 1: kairobs (button) (small blind) folded before Flop
Seat 2: Crspy Bacon (big blind) collected ($2)


PokerStars Hand #146693461528:  Hold'em Limit ($3/$6 USD) - 2016/01/08 14:16:32 ET
Table 'Weringia IV' 2-max Seat #2 is the button
Seat 1: kairobs ($82.14 in chips)
Seat 2: Crspy Bacon ($121.44 in chips)
Crspy Bacon: posts small blind $1
kairobs: posts big blind $3
*** HOLE CARDS ***
Crspy Bacon: raises $3 to $6
kairobs: calls $3
*** FLOP *** [Tc Ah 2s]
kairobs: checks
Crspy Bacon: checks
*** TURN *** [Tc Ah 2s] [3d]
kairobs: checks
Crspy Bacon: bets $6
kairobs: calls $6
*** RIVER *** [Tc Ah 2s 3d] [Js]
kairobs: checks
Crspy Bacon: bets $6
kairobs: folds
Uncalled bet ($6) returned to Crspy Bacon
kairobs leaves the table
Crspy Bacon collected $23.52 from pot
Crspy Bacon: doesn't show hand
*** SUMMARY ***
Total pot $24 | Rake $0.48
Board [Tc Ah 2s 3d Js]
Seat 1: kairobs (big blind) folded on the River
Seat 2: Crspy Bacon (button) (small blind) collected ($23.52)


