PokerStars Hand #145611959279:  Hold'em Limit ($3/$6 USD) - 2015/12/19 19:57:21 ET
Table 'Weringia' 6-max Seat #4 is the button
Seat 3: kabakoo ($46.86 in chips)
Seat 4: SlickDickey ($108.57 in chips)
SlickDickey: posts small blind $1
kabakoo: posts big blind $3
*** HOLE CARDS ***
SlickDickey: raises $3 to $6
kabakoo: calls $3
*** FLOP *** [2h 8s 6s]
kabakoo: bets $3
SlickDickey: calls $3
*** TURN *** [2h 8s 6s] [Jd]
kabakoo: checks
SlickDickey: checks
*** RIVER *** [2h 8s 6s Jd] [Jc]
kabakoo: bets $6
SlickDickey: calls $6
*** SHOW DOWN ***
kabakoo: shows [Qc 7d] (a pair of Jacks)
SlickDickey: shows [Th Ah] (a pair of Jacks - Ace kicker)
SlickDickey collected $29.50 from pot
*** SUMMARY ***
Total pot $30 | Rake $0.50
Board [2h 8s 6s Jd Jc]
Seat 3: kabakoo (big blind) showed [Qc 7d] and lost with a pair of Jacks
Seat 4: SlickDickey (button) (small blind) showed [Th Ah] and won ($29.50) with a pair of Jacks


PokerStars Hand #145611975752:  Hold'em Limit ($3/$6 USD) - 2015/12/19 19:57:55 ET
Table 'Weringia' 6-max Seat #3 is the button
Seat 3: kabakoo ($31.86 in chips)
Seat 4: SlickDickey ($123.07 in chips)
kabakoo: posts small blind $1
SlickDickey: posts big blind $3
*** HOLE CARDS ***
kabakoo: raises $3 to $6
SlickDickey: calls $3
*** FLOP *** [Ah 9d Ad]
SlickDickey: checks
kabakoo: bets $3
SlickDickey: folds
Uncalled bet ($3) returned to kabakoo
kabakoo collected $11.76 from pot
kabakoo: doesn't show hand
*** SUMMARY ***
Total pot $12 | Rake $0.24
Board [Ah 9d Ad]
Seat 3: kabakoo (button) (small blind) collected ($11.76)
Seat 4: SlickDickey (big blind) folded on the Flop


PokerStars Hand #145611984703:  Hold'em Limit ($3/$6 USD) - 2015/12/19 19:58:13 ET
Table 'Weringia' 6-max Seat #4 is the button
Seat 3: kabakoo ($37.62 in chips)
Seat 4: SlickDickey ($117.07 in chips)
SlickDickey: posts small blind $1
kabakoo: posts big blind $3
*** HOLE CARDS ***
SlickDickey: folds
Uncalled bet ($2) returned to kabakoo
kabakoo collected $2 from pot
kabakoo: doesn't show hand
*** SUMMARY ***
Total pot $2 | Rake $0
Seat 3: kabakoo (big blind) collected ($2)
Seat 4: SlickDickey (button) (small blind) folded before Flop


PokerStars Hand #145611993550:  Hold'em Limit ($3/$6 USD) - 2015/12/19 19:58:31 ET
Table 'Weringia' 6-max Seat #4 is the button
Seat 3: kabakoo ($41.62 in chips)
Seat 4: SlickDickey ($113.07 in chips)
SlickDickey: posts small blind $1
kabakoo: posts big blind $3
*** HOLE CARDS ***
SlickDickey: raises $3 to $6
kabakoo: calls $3
*** FLOP *** [Qc 2d Qd]
kabakoo: checks
SlickDickey: bets $3
kabakoo: calls $3
*** TURN *** [Qc 2d Qd] [3c]
kabakoo: checks
SlickDickey: checks
*** RIVER *** [Qc 2d Qd 3c] [As]
kabakoo: checks
SlickDickey: bets $6
kabakoo: calls $6
*** SHOW DOWN ***
SlickDickey: shows [Jd Ah] (two pair, Aces and Queens)
kabakoo: mucks hand
SlickDickey collected $29.50 from pot
*** SUMMARY ***
Total pot $30 | Rake $0.50
Board [Qc 2d Qd 3c As]
Seat 3: kabakoo (big blind) mucked
Seat 4: SlickDickey (button) (small blind) showed [Jd Ah] and won ($29.50) with two pair, Aces and Queens


PokerStars Hand #145611989789:  Hold'em Limit ($3/$6 USD) - 2015/12/19 19:58:23 ET
Table 'Weringia' 6-max Seat #3 is the button
Seat 3: kabakoo ($38.62 in chips)
Seat 4: SlickDickey ($116.07 in chips)
kabakoo: posts small blind $1
SlickDickey: posts big blind $3
*** HOLE CARDS ***
kabakoo: raises $3 to $6
SlickDickey: folds
Uncalled bet ($3) returned to kabakoo
kabakoo collected $6 from pot
kabakoo: doesn't show hand
*** SUMMARY ***
Total pot $6 | Rake $0
Seat 3: kabakoo (button) (small blind) collected ($6)
Seat 4: SlickDickey (big blind) folded before Flop


PokerStars Hand #145612009712:  Hold'em Limit ($3/$6 USD) - 2015/12/19 19:59:03 ET
Table 'Weringia' 6-max Seat #3 is the button
Seat 3: kabakoo ($26.62 in chips)
Seat 4: SlickDickey ($127.57 in chips)
kabakoo: posts small blind $1
SlickDickey: posts big blind $3
*** HOLE CARDS ***
kabakoo: raises $3 to $6
SlickDickey: calls $3
*** FLOP *** [3s 5c Ah]
SlickDickey: checks
kabakoo: checks
*** TURN *** [3s 5c Ah] [6s]
SlickDickey: checks
kabakoo: checks
*** RIVER *** [3s 5c Ah 6s] [2h]
SlickDickey: checks
kabakoo: checks
*** SHOW DOWN ***
SlickDickey: shows [Js 6c] (a pair of Sixes)
kabakoo: mucks hand
SlickDickey collected $11.76 from pot
*** SUMMARY ***
Total pot $12 | Rake $0.24
Board [3s 5c Ah 6s 2h]
Seat 3: kabakoo (button) (small blind) mucked
Seat 4: SlickDickey (big blind) showed [Js 6c] and won ($11.76) with a pair of Sixes


PokerStars Hand #145612041537:  Hold'em Limit ($3/$6 USD) - 2015/12/19 20:00:08 ET
Table 'Weringia' 6-max Seat #3 is the button
Seat 3: kabakoo ($24.38 in chips)
Seat 4: SlickDickey ($129.33 in chips)
kabakoo: posts small blind $1
SlickDickey: posts big blind $3
*** HOLE CARDS ***
kabakoo: folds
Uncalled bet ($2) returned to SlickDickey
SlickDickey collected $2 from pot
SlickDickey: doesn't show hand
*** SUMMARY ***
Total pot $2 | Rake $0
Seat 3: kabakoo (button) (small blind) folded before Flop
Seat 4: SlickDickey (big blind) collected ($2)


PokerStars Hand #145612038297:  Hold'em Limit ($3/$6 USD) - 2015/12/19 20:00:01 ET
Table 'Weringia' 6-max Seat #4 is the button
Seat 3: kabakoo ($23.38 in chips)
Seat 4: SlickDickey ($130.33 in chips)
SlickDickey: posts small blind $1
kabakoo: posts big blind $3
*** HOLE CARDS ***
SlickDickey: folds
Uncalled bet ($2) returned to kabakoo
kabakoo collected $2 from pot
kabakoo: doesn't show hand
*** SUMMARY ***
Total pot $2 | Rake $0
Seat 3: kabakoo (big blind) collected ($2)
Seat 4: SlickDickey (button) (small blind) folded before Flop


PokerStars Hand #145612035674:  Hold'em Limit ($3/$6 USD) - 2015/12/19 19:59:56 ET
Table 'Weringia' 6-max Seat #3 is the button
Seat 3: kabakoo ($24.38 in chips)
Seat 4: SlickDickey ($129.33 in chips)
kabakoo: posts small blind $1
SlickDickey: posts big blind $3
*** HOLE CARDS ***
kabakoo: folds
Uncalled bet ($2) returned to SlickDickey
SlickDickey collected $2 from pot
SlickDickey: doesn't show hand
*** SUMMARY ***
Total pot $2 | Rake $0
Seat 3: kabakoo (button) (small blind) folded before Flop
Seat 4: SlickDickey (big blind) collected ($2)


PokerStars Hand #145612032415:  Hold'em Limit ($3/$6 USD) - 2015/12/19 19:59:49 ET
Table 'Weringia' 6-max Seat #4 is the button
Seat 3: kabakoo ($23.38 in chips)
Seat 4: SlickDickey ($130.33 in chips)
SlickDickey: posts small blind $1
kabakoo: posts big blind $3
*** HOLE CARDS ***
SlickDickey: folds
Uncalled bet ($2) returned to kabakoo
kabakoo collected $2 from pot
kabakoo: doesn't show hand
*** SUMMARY ***
Total pot $2 | Rake $0
Seat 3: kabakoo (big blind) collected ($2)
Seat 4: SlickDickey (button) (small blind) folded before Flop


PokerStars Hand #145612021179:  Hold'em Limit ($3/$6 USD) - 2015/12/19 19:59:26 ET
Table 'Weringia' 6-max Seat #4 is the button
Seat 3: kabakoo ($20.62 in chips)
Seat 4: SlickDickey ($133.33 in chips)
SlickDickey: posts small blind $1
kabakoo: posts big blind $3
*** HOLE CARDS ***
SlickDickey: raises $3 to $6
kabakoo: folds
Uncalled bet ($3) returned to SlickDickey
SlickDickey collected $6 from pot
SlickDickey: doesn't show hand
*** SUMMARY ***
Total pot $6 | Rake $0
Seat 3: kabakoo (big blind) folded before Flop
Seat 4: SlickDickey (button) (small blind) collected ($6)


PokerStars Hand #145612059379:  Hold'em Limit ($3/$6 USD) - 2015/12/19 20:00:42 ET
Table 'Weringia' 6-max Seat #3 is the button
Seat 3: kabakoo ($32.02 in chips)
Seat 4: SlickDickey ($121.33 in chips)
kabakoo: posts small blind $1
SlickDickey: posts big blind $3
*** HOLE CARDS ***
kabakoo: folds
Uncalled bet ($2) returned to SlickDickey
SlickDickey collected $2 from pot
SlickDickey: doesn't show hand
*** SUMMARY ***
Total pot $2 | Rake $0
Seat 3: kabakoo (button) (small blind) folded before Flop
Seat 4: SlickDickey (big blind) collected ($2)


PokerStars Hand #145612044525:  Hold'em Limit ($3/$6 USD) - 2015/12/19 20:00:14 ET
Table 'Weringia' 6-max Seat #4 is the button
Seat 3: kabakoo ($23.38 in chips)
Seat 4: SlickDickey ($130.33 in chips)
SlickDickey: posts small blind $1
kabakoo: posts big blind $3
*** HOLE CARDS ***
SlickDickey: raises $3 to $6
kabakoo: calls $3
*** FLOP *** [3c 2c 5h]
kabakoo: checks
SlickDickey: bets $3
kabakoo: calls $3
*** TURN *** [3c 2c 5h] [6h]
kabakoo: bets $6
SlickDickey: folds
Uncalled bet ($6) returned to kabakoo
kabakoo collected $17.64 from pot
kabakoo: doesn't show hand
*** SUMMARY ***
Total pot $18 | Rake $0.36
Board [3c 2c 5h 6h]
Seat 3: kabakoo (big blind) collected ($17.64)
Seat 4: SlickDickey (button) (small blind) folded on the Turn


PokerStars Hand #145612102474:  Hold'em Limit ($3/$6 USD) - 2015/12/19 20:02:00 ET
Table 'Weringia' 6-max Seat #3 is the button
Seat 3: kabakoo ($41.52 in chips)
Seat 4: SlickDickey ($111.09 in chips)
kabakoo: posts small blind $1
SlickDickey: posts big blind $3
*** HOLE CARDS ***
kabakoo: raises $3 to $6
SlickDickey: raises $3 to $9
kabakoo: calls $3
*** FLOP *** [5s 8h Kh]
SlickDickey: bets $3
kabakoo: folds
Uncalled bet ($3) returned to SlickDickey
SlickDickey collected $17.64 from pot
SlickDickey: doesn't show hand
*** SUMMARY ***
Total pot $18 | Rake $0.36
Board [5s 8h Kh]
Seat 3: kabakoo (button) (small blind) folded on the Flop
Seat 4: SlickDickey (big blind) collected ($17.64)


PokerStars Hand #145612097912:  Hold'em Limit ($3/$6 USD) - 2015/12/19 20:01:52 ET
Table 'Weringia' 6-max Seat #4 is the button
Seat 3: kabakoo ($44.52 in chips)
Seat 4: SlickDickey ($108.09 in chips)
SlickDickey: posts small blind $1
kabakoo: posts big blind $3
*** HOLE CARDS ***
SlickDickey: raises $3 to $6
kabakoo: folds
Uncalled bet ($3) returned to SlickDickey
SlickDickey collected $6 from pot
SlickDickey: doesn't show hand
*** SUMMARY ***
Total pot $6 | Rake $0
Seat 3: kabakoo (big blind) folded before Flop
Seat 4: SlickDickey (button) (small blind) collected ($6)


PokerStars Hand #145612094864:  Hold'em Limit ($3/$6 USD) - 2015/12/19 20:01:47 ET
Table 'Weringia' 6-max Seat #3 is the button
Seat 3: kabakoo ($45.52 in chips)
Seat 4: SlickDickey ($107.09 in chips)
kabakoo: posts small blind $1
SlickDickey: posts big blind $3
*** HOLE CARDS ***
kabakoo: folds
Uncalled bet ($2) returned to SlickDickey
SlickDickey collected $2 from pot
SlickDickey: doesn't show hand
*** SUMMARY ***
Total pot $2 | Rake $0
Seat 3: kabakoo (button) (small blind) folded before Flop
Seat 4: SlickDickey (big blind) collected ($2)


PokerStars Hand #145612090213:  Hold'em Limit ($3/$6 USD) - 2015/12/19 20:01:39 ET
Table 'Weringia' 6-max Seat #4 is the button
Seat 3: kabakoo ($48.52 in chips)
Seat 4: SlickDickey ($104.09 in chips)
SlickDickey: posts small blind $1
kabakoo: posts big blind $3
*** HOLE CARDS ***
SlickDickey: raises $3 to $6
kabakoo: folds
Uncalled bet ($3) returned to SlickDickey
SlickDickey collected $6 from pot
SlickDickey: doesn't show hand
*** SUMMARY ***
Total pot $6 | Rake $0
Seat 3: kabakoo (big blind) folded before Flop
Seat 4: SlickDickey (button) (small blind) collected ($6)


PokerStars Hand #145612080095:  Hold'em Limit ($3/$6 USD) - 2015/12/19 20:01:21 ET
Table 'Weringia' 6-max Seat #3 is the button
Seat 3: kabakoo ($54.52 in chips)
Seat 4: SlickDickey ($98.33 in chips)
kabakoo: posts small blind $1
SlickDickey: posts big blind $3
*** HOLE CARDS ***
kabakoo: calls $2
SlickDickey: raises $3 to $6
kabakoo: calls $3
*** FLOP *** [9s 7h 9h]
SlickDickey: bets $3
kabakoo: folds
Uncalled bet ($3) returned to SlickDickey
SlickDickey collected $11.76 from pot
SlickDickey: doesn't show hand
*** SUMMARY ***
Total pot $12 | Rake $0.24
Board [9s 7h 9h]
Seat 3: kabakoo (button) (small blind) folded on the Flop
Seat 4: SlickDickey (big blind) collected ($11.76)


PokerStars Hand #145612062322:  Hold'em Limit ($3/$6 USD) - 2015/12/19 20:00:48 ET
Table 'Weringia' 6-max Seat #4 is the button
Seat 3: kabakoo ($31.02 in chips)
Seat 4: SlickDickey ($122.33 in chips)
SlickDickey: posts small blind $1
kabakoo: posts big blind $3
*** HOLE CARDS ***
SlickDickey: raises $3 to $6
kabakoo: calls $3
*** FLOP *** [3h 3c 3s]
kabakoo: checks
SlickDickey: bets $3
kabakoo: raises $3 to $6
SlickDickey: calls $3
*** TURN *** [3h 3c 3s] [9d]
kabakoo: bets $6
SlickDickey: calls $6
*** RIVER *** [3h 3c 3s 9d] [Qc]
kabakoo: bets $6
SlickDickey: calls $6
*** SHOW DOWN ***
kabakoo: shows [5c 5d] (a full house, Threes full of Fives)
SlickDickey: mucks hand
kabakoo collected $47.50 from pot
*** SUMMARY ***
Total pot $48 | Rake $0.50
Board [3h 3c 3s 9d Qc]
Seat 3: kabakoo (big blind) showed [5c 5d] and won ($47.50) with a full house, Threes full of Fives
Seat 4: SlickDickey (button) (small blind) mucked


PokerStars Hand #145612120922:  Hold'em Limit ($3/$6 USD) - 2015/12/19 20:02:32 ET
Table 'Weringia' 6-max Seat #3 is the button
Seat 3: kabakoo ($33.52 in chips)
Seat 4: SlickDickey ($118.73 in chips)
kabakoo: posts small blind $1
SlickDickey: posts big blind $3
*** HOLE CARDS ***
kabakoo: raises $3 to $6
SlickDickey: raises $3 to $9
kabakoo: calls $3
*** FLOP *** [Tc Ad Ac]
SlickDickey: bets $3
kabakoo: folds
Uncalled bet ($3) returned to SlickDickey
SlickDickey collected $17.64 from pot
SlickDickey: doesn't show hand
*** SUMMARY ***
Total pot $18 | Rake $0.36
Board [Tc Ad Ac]
Seat 3: kabakoo (button) (small blind) folded on the Flop
Seat 4: SlickDickey (big blind) collected ($17.64)


PokerStars Hand #145612134054:  Hold'em Limit ($3/$6 USD) - 2015/12/19 20:02:55 ET
Table 'Weringia' 6-max Seat #3 is the button
Seat 3: kabakoo ($21.52 in chips)
Seat 4: SlickDickey ($130.37 in chips)
kabakoo: posts small blind $1
SlickDickey: posts big blind $3
*** HOLE CARDS ***
kabakoo: raises $3 to $6
SlickDickey: folds
Uncalled bet ($3) returned to kabakoo
kabakoo collected $6 from pot
kabakoo: doesn't show hand
*** SUMMARY ***
Total pot $6 | Rake $0
Seat 3: kabakoo (button) (small blind) collected ($6)
Seat 4: SlickDickey (big blind) folded before Flop


PokerStars Hand #145612114773:  Hold'em Limit ($3/$6 USD) - 2015/12/19 20:02:21 ET
Table 'Weringia' 6-max Seat #3 is the button
Seat 3: kabakoo ($33.52 in chips)
Seat 4: SlickDickey ($118.73 in chips)
kabakoo: posts small blind $1
SlickDickey: posts big blind $3
*** HOLE CARDS ***
kabakoo: folds
Uncalled bet ($2) returned to SlickDickey
SlickDickey collected $2 from pot
SlickDickey: doesn't show hand
*** SUMMARY ***
Total pot $2 | Rake $0
Seat 3: kabakoo (button) (small blind) folded before Flop
Seat 4: SlickDickey (big blind) collected ($2)


PokerStars Hand #145612111705:  Hold'em Limit ($3/$6 USD) - 2015/12/19 20:02:16 ET
Table 'Weringia' 6-max Seat #4 is the button
Seat 3: kabakoo ($32.52 in chips)
Seat 4: SlickDickey ($119.73 in chips)
SlickDickey: posts small blind $1
kabakoo: posts big blind $3
*** HOLE CARDS ***
SlickDickey: folds
Uncalled bet ($2) returned to kabakoo
kabakoo collected $2 from pot
kabakoo: doesn't show hand
*** SUMMARY ***
Total pot $2 | Rake $0
Seat 3: kabakoo (big blind) collected ($2)
Seat 4: SlickDickey (button) (small blind) folded before Flop


PokerStars Hand #145612138754:  Hold'em Limit ($3/$6 USD) - 2015/12/19 20:03:04 ET
Table 'Weringia' 6-max Seat #4 is the button
Seat 3: kabakoo ($24.52 in chips)
Seat 4: SlickDickey ($127.37 in chips)
SlickDickey: posts small blind $1
kabakoo: posts big blind $3
*** HOLE CARDS ***
SlickDickey: raises $3 to $6
kabakoo: calls $3
*** FLOP *** [6s 4d Qd]
kabakoo: bets $3
SlickDickey: calls $3
*** TURN *** [6s 4d Qd] [Ac]
kabakoo: bets $6
SlickDickey: calls $6
*** RIVER *** [6s 4d Qd Ac] [8s]
kabakoo: bets $6
SlickDickey: raises $6 to $12
kabakoo: folds
Uncalled bet ($6) returned to SlickDickey
julenchu joins the table at seat #5
SlickDickey collected $41.50 from pot
SlickDickey: doesn't show hand
*** SUMMARY ***
Total pot $42 | Rake $0.50
Board [6s 4d Qd Ac 8s]
Seat 3: kabakoo (big blind) folded on the River
Seat 4: SlickDickey (button) (small blind) collected ($41.50)


PokerStars Hand #145612184945:  Hold'em Limit ($3/$6 USD) - 2015/12/19 20:04:24 ET
Table 'Weringia' 6-max Seat #5 is the button
Seat 4: SlickDickey ($165.75 in chips)
Seat 5: julenchu ($135 in chips)
julenchu: posts small blind $1
SlickDickey: posts big blind $3
*** HOLE CARDS ***
julenchu: raises $3 to $6
SlickDickey: calls $3
*** FLOP *** [2s Jc 4d]
SlickDickey: checks
julenchu: bets $3
SlickDickey: raises $3 to $6
julenchu: calls $3
*** TURN *** [2s Jc 4d] [Kd]
SlickDickey: bets $6
julenchu: calls $6
*** RIVER *** [2s Jc 4d Kd] [Qd]
SlickDickey: checks
julenchu: checks
*** SHOW DOWN ***
SlickDickey: shows [4c 9c] (a pair of Fours)
julenchu: shows [Th Td] (a pair of Tens)
julenchu collected $35.50 from pot
*** SUMMARY ***
Total pot $36 | Rake $0.50
Board [2s Jc 4d Kd Qd]
Seat 4: SlickDickey (big blind) showed [4c 9c] and lost with a pair of Fours
Seat 5: julenchu (button) (small blind) showed [Th Td] and won ($35.50) with a pair of Tens


PokerStars Hand #145612206729:  Hold'em Limit ($3/$6 USD) - 2015/12/19 20:05:02 ET
Table 'Weringia' 6-max Seat #4 is the button
Seat 3: kabakoo ($30 in chips)
Seat 4: SlickDickey ($147.75 in chips)
SlickDickey: posts small blind $1
kabakoo: posts big blind $3
*** HOLE CARDS ***
doggindavexx joins the table at seat #6
Karpik09 joins the table at seat #1
julenchu said, "fkng bingo player"
SlickDickey: folds
Uncalled bet ($2) returned to kabakoo
kabakoo collected $2 from pot
kabakoo: doesn't show hand
*** SUMMARY ***
Total pot $2 | Rake $0
Seat 3: kabakoo (big blind) collected ($2)
Seat 4: SlickDickey (button) (small blind) folded before Flop


PokerStars Hand #145612168246:  Hold'em Limit ($3/$6 USD) - 2015/12/19 20:03:55 ET
Table 'Weringia' 6-max Seat #4 is the button
Seat 4: SlickDickey ($151.25 in chips)
Seat 5: julenchu ($150 in chips)
SlickDickey: posts small blind $1
julenchu: posts big blind $3
*** HOLE CARDS ***
SlickDickey: raises $3 to $6
julenchu: calls $3
*** FLOP *** [2d Js 7h]
julenchu: checks
SlickDickey: bets $3
julenchu: calls $3
*** TURN *** [2d Js 7h] [7c]
julenchu: checks
SlickDickey: checks
*** RIVER *** [2d Js 7h 7c] [6c]
julenchu: checks
SlickDickey: bets $6
julenchu: calls $6
*** SHOW DOWN ***
SlickDickey: shows [6h Th] (two pair, Sevens and Sixes)
julenchu: mucks hand
SlickDickey collected $29.50 from pot
*** SUMMARY ***
Total pot $30 | Rake $0.50
Board [2d Js 7h 7c 6c]
Seat 4: SlickDickey (button) (small blind) showed [6h Th] and won ($29.50) with two pair, Sevens and Sixes
Seat 5: julenchu (big blind) mucked


PokerStars Hand #145612214579:  Hold'em Limit ($3/$6 USD) - 2015/12/19 20:05:15 ET
Table 'Weringia' 6-max Seat #3 is the button
Seat 3: kabakoo ($31 in chips)
Seat 4: SlickDickey ($146.75 in chips)
kabakoo: posts small blind $1
SlickDickey: posts big blind $3
*** HOLE CARDS ***
ValeryRon joins the table at seat #2
kabakoo: calls $2
SlickDickey: checks
*** FLOP *** [2h 9s 6h]
SlickDickey: checks
kabakoo: bets $3
SlickDickey: folds
Uncalled bet ($3) returned to kabakoo
kabakoo collected $5.88 from pot
kabakoo: doesn't show hand
*** SUMMARY ***
Total pot $6 | Rake $0.12
Board [2h 9s 6h]
Seat 3: kabakoo (button) (small blind) collected ($5.88)
Seat 4: SlickDickey (big blind) folded on the Flop


PokerStars Hand #145614614847:  Hold'em Limit ($3/$6 USD) - 2015/12/19 21:24:58 ET
Table 'Weringia' 6-max Seat #3 is the button
Seat 1: ChrisTuff ($123 in chips)
Seat 3: Velbor107 ($314.87 in chips)
Velbor107: posts small blind $1
love_mmm: is sitting out
ChrisTuff: posts big blind $3
*** HOLE CARDS ***
Velbor107: raises $3 to $6
love_mmm leaves the table
ChrisTuff: calls $3
*** FLOP *** [4h 7s Jd]
ChrisTuff: checks
Velbor107: bets $3
ChrisTuff: calls $3
*** TURN *** [4h 7s Jd] [As]
ChrisTuff: checks
Velbor107: checks
*** RIVER *** [4h 7s Jd As] [Qc]
ChrisTuff: bets $6
Velbor107: folds
Uncalled bet ($6) returned to ChrisTuff
ChrisTuff collected $17.64 from pot
ChrisTuff: doesn't show hand
*** SUMMARY ***
Total pot $18 | Rake $0.36
Board [4h 7s Jd As Qc]
Seat 1: ChrisTuff (big blind) collected ($17.64)
Seat 3: Velbor107 (button) (small blind) folded on the River


PokerStars Hand #145615427484:  Hold'em Limit ($3/$6 USD) - 2015/12/19 21:56:40 ET
Table 'Weringia' 6-max Seat #5 is the button
Seat 4: too2ez ($28.85 in chips)
Seat 5: craaa ($153.90 in chips)
craaa: posts small blind $1
too2ez: posts big blind $3
*** HOLE CARDS ***
craaa: folds
Uncalled bet ($2) returned to too2ez
too2ez collected $2 from pot
too2ez: doesn't show hand
*** SUMMARY ***
Total pot $2 | Rake $0
Seat 4: too2ez (big blind) collected ($2)
Seat 5: craaa (button) (small blind) folded before Flop


PokerStars Hand #145615424366:  Hold'em Limit ($3/$6 USD) - 2015/12/19 21:56:32 ET
Table 'Weringia' 6-max Seat #4 is the button
Seat 4: too2ez ($37.85 in chips)
Seat 5: craaa ($145.26 in chips)
too2ez: posts small blind $1
craaa: posts big blind $3
*** HOLE CARDS ***
too2ez: raises $3 to $6
craaa: raises $3 to $9
too2ez: calls $3
*** FLOP *** [8h 3c Kc]
craaa: bets $3
too2ez: folds
Uncalled bet ($3) returned to craaa
craaa collected $17.64 from pot
craaa: doesn't show hand
*** SUMMARY ***
Total pot $18 | Rake $0.36
Board [8h 3c Kc]
Seat 4: too2ez (button) (small blind) folded on the Flop
Seat 5: craaa (big blind) collected ($17.64)


PokerStars Hand #145615422747:  Hold'em Limit ($3/$6 USD) - 2015/12/19 21:56:27 ET
Table 'Weringia' 6-max Seat #5 is the button
Seat 4: too2ez ($36.85 in chips)
Seat 5: craaa ($146.26 in chips)
craaa: posts small blind $1
too2ez: posts big blind $3
*** HOLE CARDS ***
craaa: folds
Uncalled bet ($2) returned to too2ez
too2ez collected $2 from pot
too2ez: doesn't show hand
*** SUMMARY ***
Total pot $2 | Rake $0
Seat 4: too2ez (big blind) collected ($2)
Seat 5: craaa (button) (small blind) folded before Flop


PokerStars Hand #145615417362:  Hold'em Limit ($3/$6 USD) - 2015/12/19 21:56:12 ET
Table 'Weringia' 6-max Seat #4 is the button
Seat 4: too2ez ($42.85 in chips)
Seat 5: craaa ($140.50 in chips)
too2ez: posts small blind $1
craaa: posts big blind $3
*** HOLE CARDS ***
too2ez: raises $3 to $6
craaa: calls $3
*** FLOP *** [Qc 9s 8h]
craaa: checks
too2ez: checks
*** TURN *** [Qc 9s 8h] [4c]
craaa: checks
too2ez: checks
*** RIVER *** [Qc 9s 8h 4c] [6s]
craaa: checks
too2ez: checks
*** SHOW DOWN ***
craaa: shows [5s 6h] (a pair of Sixes)
too2ez: mucks hand
craaa collected $11.76 from pot
*** SUMMARY ***
Total pot $12 | Rake $0.24
Board [Qc 9s 8h 4c 6s]
Seat 4: too2ez (button) (small blind) mucked
Seat 5: craaa (big blind) showed [5s 6h] and won ($11.76) with a pair of Sixes


PokerStars Hand #145615409105:  Hold'em Limit ($3/$6 USD) - 2015/12/19 21:55:48 ET
Table 'Weringia' 6-max Seat #5 is the button
Seat 4: too2ez ($63.85 in chips)
Seat 5: craaa ($120 in chips)
craaa: posts small blind $1
ChrisTuff: is sitting out
too2ez: posts big blind $3
*** HOLE CARDS ***
craaa: raises $3 to $6
too2ez: calls $3
*** FLOP *** [Jd 2c 8s]
too2ez: checks
craaa: bets $3
too2ez: calls $3
*** TURN *** [Jd 2c 8s] [3d]
too2ez: checks
craaa: bets $6
too2ez: calls $6
*** RIVER *** [Jd 2c 8s 3d] [Kd]
too2ez: bets $6
craaa: calls $6
*** SHOW DOWN ***
too2ez: shows [Ac 6d] (high card Ace)
craaa: shows [3h Qc] (a pair of Threes)
craaa collected $41.50 from pot
*** SUMMARY ***
Total pot $42 | Rake $0.50
Board [Jd 2c 8s 3d Kd]
Seat 4: too2ez (big blind) showed [Ac 6d] and lost with high card Ace
Seat 5: craaa (button) (small blind) showed [3h Qc] and won ($41.50) with a pair of Threes


PokerStars Hand #145615429053:  Hold'em Limit ($3/$6 USD) - 2015/12/19 21:56:45 ET
Table 'Weringia' 6-max Seat #4 is the button
Seat 4: too2ez ($29.85 in chips)
Seat 5: craaa ($152.90 in chips)
too2ez: posts small blind $1
craaa: posts big blind $3
*** HOLE CARDS ***
too2ez: raises $3 to $6
craaa: calls $3
*** FLOP *** [As Td 9s]
Siwy56 joins the table at seat #6
craaa: checks
too2ez: bets $3
craaa: calls $3
*** TURN *** [As Td 9s] [4d]
craaa: checks
too2ez: bets $6
craaa: calls $6
*** RIVER *** [As Td 9s 4d] [Qd]
craaa: checks
too2ez: bets $6
craaa: folds
Uncalled bet ($6) returned to too2ez
too2ez collected $29.50 from pot
too2ez: doesn't show hand
*** SUMMARY ***
Total pot $30 | Rake $0.50
Board [As Td 9s 4d Qd]
Seat 4: too2ez (button) (small blind) collected ($29.50)
Seat 5: craaa (big blind) folded on the River


PokerStars Hand #145617899176:  Hold'em Limit ($3/$6 USD) - 2015/12/19 23:56:30 ET
Table 'Weringia' 6-max Seat #5 is the button
Seat 3: scorpio04 ($171.93 in chips)
Seat 5: alexslep ($151 in chips)
alexslep: posts small blind $1
PycV: is sitting out
stronghawk: is sitting out
scorpio04: posts big blind $3
*** HOLE CARDS ***
stronghawk leaves the table
alexslep: folds
Uncalled bet ($2) returned to scorpio04
scorpio04 collected $2 from pot
scorpio04: doesn't show hand
PycV leaves the table
*** SUMMARY ***
Total pot $2 | Rake $0
Seat 3: scorpio04 (big blind) collected ($2)
Seat 5: alexslep (button) (small blind) folded before Flop


