PokerStars Hand #175026686325:  Hold'em Limit ($3/$6 USD) - 2017/08/31 12:22:15 ET
Table 'Weringia' 6-max Seat #1 is the button
Seat 1: ToDaFelt ($120 in chips)
Seat 3: ANIN1337 ($48 in chips)
ToDaFelt: posts small blind $1
ANIN1337: posts big blind $3
*** HOLE CARDS ***
ToDaFelt: folds
Uncalled bet ($2) returned to ANIN1337
ANIN1337 collected $2 from pot
*** SUMMARY ***
Total pot $2 | Rake $0
Seat 1: ToDaFelt (button) (small blind) folded before Flop
Seat 3: ANIN1337 (big blind) collected ($2)


PokerStars Hand #175026697502:  Hold'em Limit ($3/$6 USD) - 2017/08/31 12:22:33 ET
Table 'Weringia' 6-max Seat #3 is the button
Seat 1: ToDaFelt ($119 in chips)
Seat 3: ANIN1337 ($49 in chips)
ANIN1337: posts small blind $1
ToDaFelt: posts big blind $3
*** HOLE CARDS ***
ANIN1337: folds
Uncalled bet ($2) returned to ToDaFelt
ToDaFelt collected $2 from pot
ToDaFelt: doesn't show hand
*** SUMMARY ***
Total pot $2 | Rake $0
Seat 1: ToDaFelt (big blind) collected ($2)
Seat 3: ANIN1337 (button) (small blind) folded before Flop


PokerStars Hand #175026702159:  Hold'em Limit ($3/$6 USD) - 2017/08/31 12:22:40 ET
Table 'Weringia' 6-max Seat #1 is the button
Seat 1: ToDaFelt ($120 in chips)
Seat 3: ANIN1337 ($48 in chips)
ToDaFelt: posts small blind $1
ANIN1337: posts big blind $3
*** HOLE CARDS ***
ToDaFelt: raises $3 to $6
ANIN1337: calls $3
*** FLOP *** [Js 7c 9h]
ANIN1337: bets $3
ToDaFelt: calls $3
*** TURN *** [Js 7c 9h] [7d]
ANIN1337: bets $6
ToDaFelt: calls $6
*** RIVER *** [Js 7c 9h 7d] [8h]
ANIN1337: bets $6
ToDaFelt: folds
Uncalled bet ($6) returned to ANIN1337
ANIN1337 collected $29.50 from pot
*** SUMMARY ***
Total pot $30 | Rake $0.50
Board [Js 7c 9h 7d 8h]
Seat 1: ToDaFelt (button) (small blind) folded on the River
Seat 3: ANIN1337 (big blind) collected ($29.50)


PokerStars Hand #175026718689:  Hold'em Limit ($3/$6 USD) - 2017/08/31 12:23:07 ET
Table 'Weringia' 6-max Seat #3 is the button
Seat 1: ToDaFelt ($105 in chips)
Seat 3: ANIN1337 ($62.50 in chips)
ANIN1337: posts small blind $1
ToDaFelt: posts big blind $3
*** HOLE CARDS ***
ANIN1337: raises $3 to $6
ToDaFelt: calls $3
*** FLOP *** [9h 8h 8s]
ToDaFelt: checks
ANIN1337: checks
*** TURN *** [9h 8h 8s] [5d]
ToDaFelt: bets $6
ANIN1337: folds
Uncalled bet ($6) returned to ToDaFelt
ToDaFelt collected $11.76 from pot
ToDaFelt: doesn't show hand
*** SUMMARY ***
Total pot $12 | Rake $0.24
Board [9h 8h 8s 5d]
Seat 1: ToDaFelt (big blind) collected ($11.76)
Seat 3: ANIN1337 (button) (small blind) folded on the Turn


PokerStars Hand #175026740228:  Hold'em Limit ($3/$6 USD) - 2017/08/31 12:23:41 ET
Table 'Weringia' 6-max Seat #1 is the button
Seat 1: ToDaFelt ($110.76 in chips)
Seat 3: ANIN1337 ($56.50 in chips)
ToDaFelt: posts small blind $1
ANIN1337: posts big blind $3
*** HOLE CARDS ***
ToDaFelt: raises $3 to $6
ANIN1337: raises $3 to $9
ToDaFelt: calls $3
*** FLOP *** [8c Kc Qc]
ANIN1337: bets $3
ToDaFelt: calls $3
*** TURN *** [8c Kc Qc] [7c]
ANIN1337: bets $6
ToDaFelt: calls $6
*** RIVER *** [8c Kc Qc 7c] [Jh]
ANIN1337: checks
ToDaFelt: checks
*** SHOW DOWN ***
ANIN1337: shows [Kh Ah] (a pair of Kings)
ToDaFelt: mucks hand
ANIN1337 collected $35.50 from pot
*** SUMMARY ***
Total pot $36 | Rake $0.50
Board [8c Kc Qc 7c Jh]
Seat 1: ToDaFelt (button) (small blind) mucked
Seat 3: ANIN1337 (big blind) showed [Kh Ah] and won ($35.50) with a pair of Kings


PokerStars Hand #175026756468:  Hold'em Limit ($3/$6 USD) - 2017/08/31 12:24:06 ET
Table 'Weringia' 6-max Seat #3 is the button
Seat 1: ToDaFelt ($92.76 in chips)
Seat 3: ANIN1337 ($74 in chips)
ANIN1337: posts small blind $1
ToDaFelt: posts big blind $3
*** HOLE CARDS ***
ANIN1337: folds
Uncalled bet ($2) returned to ToDaFelt
ToDaFelt collected $2 from pot
ToDaFelt: doesn't show hand
ANIN1337 leaves the table
*** SUMMARY ***
Total pot $2 | Rake $0
Seat 1: ToDaFelt (big blind) collected ($2)
Seat 3: ANIN1337 (button) (small blind) folded before Flop


