PokerStars Hand #158525289628:  Hold'em Limit ($3/$6 USD) - 2016/09/12 17:56:49 ET
Table 'Werra' 6-max Seat #3 is the button
Seat 3: crackie91 ($114.79 in chips)
Seat 4: Great_Kang ($120 in chips)
crackie91: posts small blind $1
Great_Kang: posts big blind $3
*** HOLE CARDS ***
crackie91: raises $3 to $6
Great_Kang: calls $3
*** FLOP *** [Th Jc 6h]
Great_Kang: checks
crackie91: bets $3
vestimokrec joins the table at seat #5
Great_Kang: folds
Uncalled bet ($3) returned to crackie91
crackie91 collected $11.76 from pot
*** SUMMARY ***
Total pot $12 | Rake $0.24
Board [Th Jc 6h]
Seat 3: crackie91 (button) (small blind) collected ($11.76)
Seat 4: Great_Kang (big blind) folded on the Flop


PokerStars Hand #158525897543:  Hold'em Limit ($3/$6 USD) - 2016/09/12 18:11:01 ET
Table 'Werra' 6-max Seat #4 is the button
Seat 3: sismos404 ($81.89 in chips)
Seat 4: Great_Kang ($130.74 in chips)
Great_Kang: posts small blind $1
Zubasa07: is sitting out
sismos404: posts big blind $3
*** HOLE CARDS ***
Zubasa07 leaves the table
Great_Kang: raises $3 to $6
sismos404: folds
Uncalled bet ($3) returned to Great_Kang
Great_Kang collected $6 from pot
Great_Kang: doesn't show hand
*** SUMMARY ***
Total pot $6 | Rake $0
Seat 3: sismos404 (big blind) folded before Flop
Seat 4: Great_Kang (button) (small blind) collected ($6)


PokerStars Hand #158525904071:  Hold'em Limit ($3/$6 USD) - 2016/09/12 18:11:10 ET
Table 'Werra' 6-max Seat #3 is the button
Seat 3: sismos404 ($78.89 in chips)
Seat 4: Great_Kang ($133.74 in chips)
sismos404: posts small blind $1
Great_Kang: posts big blind $3
*** HOLE CARDS ***
sismos404: raises $3 to $6
Great_Kang: calls $3
*** FLOP *** [8d 7s Qc]
Great_Kang: checks
sismos404: checks
*** TURN *** [8d 7s Qc] [Js]
Great_Kang: bets $6
sismos404: folds
Uncalled bet ($6) returned to Great_Kang
Great_Kang collected $11.76 from pot
Great_Kang: doesn't show hand
*** SUMMARY ***
Total pot $12 | Rake $0.24
Board [8d 7s Qc Js]
Seat 3: sismos404 (button) (small blind) folded on the Turn
Seat 4: Great_Kang (big blind) collected ($11.76)


PokerStars Hand #158525924988:  Hold'em Limit ($3/$6 USD) - 2016/09/12 18:11:36 ET
Table 'Werra' 6-max Seat #4 is the button
Seat 3: sismos404 ($72.89 in chips)
Seat 4: Great_Kang ($139.50 in chips)
Great_Kang: posts small blind $1
sismos404: posts big blind $3
*** HOLE CARDS ***
Great_Kang: raises $3 to $6
sismos404: raises $3 to $9
Great_Kang: calls $3
*** FLOP *** [2h 5s Jh]
sismos404: bets $3
Great_Kang: folds
Uncalled bet ($3) returned to sismos404
sismos404 collected $17.64 from pot
*** SUMMARY ***
Total pot $18 | Rake $0.36
Board [2h 5s Jh]
Seat 3: sismos404 (big blind) collected ($17.64)
Seat 4: Great_Kang (button) (small blind) folded on the Flop


PokerStars Hand #158525942411:  Hold'em Limit ($3/$6 USD) - 2016/09/12 18:11:58 ET
Table 'Werra' 6-max Seat #4 is the button
Seat 3: sismos404 ($80.53 in chips)
Seat 4: Great_Kang ($131.50 in chips)
Great_Kang: posts small blind $1
sismos404: posts big blind $3
*** HOLE CARDS ***
Great_Kang: raises $3 to $6
sismos404: calls $3
*** FLOP *** [8c 3d 4s]
sismos404: checks
Great_Kang: bets $3
sismos404: folds
Uncalled bet ($3) returned to Great_Kang
Great_Kang collected $11.76 from pot
Great_Kang: doesn't show hand
*** SUMMARY ***
Total pot $12 | Rake $0.24
Board [8c 3d 4s]
Seat 3: sismos404 (big blind) folded on the Flop
Seat 4: Great_Kang (button) (small blind) collected ($11.76)


PokerStars Hand #158525951800:  Hold'em Limit ($3/$6 USD) - 2016/09/12 18:12:09 ET
Table 'Werra' 6-max Seat #3 is the button
Seat 3: sismos404 ($74.53 in chips)
Seat 4: Great_Kang ($137.26 in chips)
sismos404: posts small blind $1
Great_Kang: posts big blind $3
*** HOLE CARDS ***
sismos404: raises $3 to $6
Great_Kang: calls $3
*** FLOP *** [7s Jd Ad]
Great_Kang: checks
sismos404: bets $3
Great_Kang: calls $3
*** TURN *** [7s Jd Ad] [5h]
Great_Kang: checks
sismos404: bets $6
Great_Kang: raises $6 to $12
sismos404: calls $6
*** RIVER *** [7s Jd Ad 5h] [7d]
Great_Kang: checks
sismos404: bets $6
Great_Kang: calls $6
*** SHOW DOWN ***
sismos404: shows [5d 2d] (a flush, Ace high)
Great_Kang: mucks hand
sismos404 collected $53.50 from pot
*** SUMMARY ***
Total pot $54 | Rake $0.50
Board [7s Jd Ad 5h 7d]
Seat 3: sismos404 (button) (small blind) showed [5d 2d] and won ($53.50) with a flush, Ace high
Seat 4: Great_Kang (big blind) mucked


PokerStars Hand #158525938227:  Hold'em Limit ($3/$6 USD) - 2016/09/12 18:11:52 ET
Table 'Werra' 6-max Seat #3 is the button
Seat 3: sismos404 ($81.53 in chips)
Seat 4: Great_Kang ($130.50 in chips)
sismos404: posts small blind $1
Great_Kang: posts big blind $3
*** HOLE CARDS ***
sismos404: folds
Uncalled bet ($2) returned to Great_Kang
Great_Kang collected $2 from pot
Great_Kang: doesn't show hand
*** SUMMARY ***
Total pot $2 | Rake $0
Seat 3: sismos404 (button) (small blind) folded before Flop
Seat 4: Great_Kang (big blind) collected ($2)


PokerStars Hand #158525999264:  Hold'em Limit ($3/$6 USD) - 2016/09/12 18:13:10 ET
Table 'Werra' 6-max Seat #3 is the button
Seat 3: sismos404 ($95.03 in chips)
Seat 4: Great_Kang ($125.76 in chips)
sismos404: posts small blind $1
Great_Kang: posts big blind $3
*** HOLE CARDS ***
sismos404: folds
Uncalled bet ($2) returned to Great_Kang
Great_Kang collected $2 from pot
Great_Kang: doesn't show hand
*** SUMMARY ***
Total pot $2 | Rake $0
Seat 3: sismos404 (button) (small blind) folded before Flop
Seat 4: Great_Kang (big blind) collected ($2)


PokerStars Hand #158525982294:  Hold'em Limit ($3/$6 USD) - 2016/09/12 18:12:48 ET
Table 'Werra' 6-max Seat #4 is the button
Seat 3: sismos404 ($101.03 in chips)
Seat 4: Great_Kang ($120 in chips)
Great_Kang: posts small blind $1
sismos404: posts big blind $3
*** HOLE CARDS ***
Great_Kang: raises $3 to $6
sismos404: calls $3
*** FLOP *** [Ac 2d 7c]
sismos404: checks
Great_Kang: bets $3
sismos404: folds
Uncalled bet ($3) returned to Great_Kang
Great_Kang collected $11.76 from pot
Great_Kang: doesn't show hand
*** SUMMARY ***
Total pot $12 | Rake $0.24
Board [Ac 2d 7c]
Seat 3: sismos404 (big blind) folded on the Flop
Seat 4: Great_Kang (button) (small blind) collected ($11.76)


PokerStars Hand #158526012002:  Hold'em Limit ($3/$6 USD) - 2016/09/12 18:13:26 ET
Table 'Werra' 6-max Seat #3 is the button
Seat 3: sismos404 ($95.03 in chips)
Seat 4: Great_Kang ($125.76 in chips)
sismos404: posts small blind $1
Great_Kang: posts big blind $3
*** HOLE CARDS ***
sismos404: raises $3 to $6
Great_Kang: raises $3 to $9
sismos404: calls $3
*** FLOP *** [5d 8c 3c]
Great_Kang: bets $3
sismos404: calls $3
*** TURN *** [5d 8c 3c] [2d]
Great_Kang: bets $6
sismos404: folds
Uncalled bet ($6) returned to Great_Kang
Great_Kang collected $23.52 from pot
*** SUMMARY ***
Total pot $24 | Rake $0.48
Board [5d 8c 3c 2d]
Seat 3: sismos404 (button) (small blind) folded on the Turn
Seat 4: Great_Kang (big blind) collected ($23.52)


PokerStars Hand #158526042033:  Hold'em Limit ($3/$6 USD) - 2016/09/12 18:14:05 ET
Table 'Werra' 6-max Seat #3 is the button
Seat 3: sismos404 ($77.03 in chips)
Seat 4: Great_Kang ($143.04 in chips)
sismos404: posts small blind $1
Great_Kang: posts big blind $3
*** HOLE CARDS ***
sismos404: folds
Uncalled bet ($2) returned to Great_Kang
sismos404 leaves the table
Great_Kang collected $2 from pot
Great_Kang: doesn't show hand
*** SUMMARY ***
Total pot $2 | Rake $0
Seat 3: sismos404 (button) (small blind) folded before Flop
Seat 4: Great_Kang (big blind) collected ($2)


PokerStars Hand #158526029677:  Hold'em Limit ($3/$6 USD) - 2016/09/12 18:13:49 ET
Table 'Werra' 6-max Seat #4 is the button
Seat 3: sismos404 ($83.03 in chips)
Seat 4: Great_Kang ($137.28 in chips)
Great_Kang: posts small blind $1
sismos404: posts big blind $3
*** HOLE CARDS ***
Great_Kang: raises $3 to $6
sismos404: calls $3
*** FLOP *** [9s Qs Qh]
sismos404: checks
Great_Kang: bets $3
sismos404: folds
Uncalled bet ($3) returned to Great_Kang
Great_Kang collected $11.76 from pot
Great_Kang: doesn't show hand
*** SUMMARY ***
Total pot $12 | Rake $0.24
Board [9s Qs Qh]
Seat 3: sismos404 (big blind) folded on the Flop
Seat 4: Great_Kang (button) (small blind) collected ($11.76)


