PokerStars Hand #157872543873:  Hold'em Limit ($3/$6 USD) - 2016/08/28 20:48:25 ET
Table 'Werra' 6-max Seat #3 is the button
Seat 3: simper11 ($120 in chips)
Seat 4: Don_Alling ($120 in chips)
simper11: posts small blind $1
Don_Alling: posts big blind $3
*** HOLE CARDS ***
simper11: raises $3 to $6
Don_Alling: raises $3 to $9
simper11: calls $3
*** FLOP *** [9d 8c 5h]
Don_Alling: bets $3
simper11: calls $3
*** TURN *** [9d 8c 5h] [Ac]
Don_Alling: bets $6
simper11: calls $6
*** RIVER *** [9d 8c 5h Ac] [Kh]
Don_Alling: bets $6
simper11: folds
Uncalled bet ($6) returned to Don_Alling
Don_Alling collected $35.50 from pot
Don_Alling: doesn't show hand
*** SUMMARY ***
Total pot $36 | Rake $0.50
Board [9d 8c 5h Ac Kh]
Seat 3: simper11 (button) (small blind) folded on the River
Seat 4: Don_Alling (big blind) collected ($35.50)


PokerStars Hand #157872559512:  Hold'em Limit ($3/$6 USD) - 2016/08/28 20:49:01 ET
Table 'Werra' 6-max Seat #3 is the button
Seat 3: simper11 ($120 in chips)
Seat 4: Don_Alling ($143.26 in chips)
simper11: posts small blind $1
Don_Alling: posts big blind $3
*** HOLE CARDS ***
simper11: raises $3 to $6
Don_Alling: raises $3 to $9
simper11: raises $3 to $12
Betting is capped
Don_Alling: calls $3
*** FLOP *** [5d 5c 4h]
Don_Alling: bets $3
simper11: calls $3
*** TURN *** [5d 5c 4h] [Th]
Don_Alling: bets $6
simper11: raises $6 to $12
Don_Alling: calls $6
*** RIVER *** [5d 5c 4h Th] [2d]
Don_Alling: checks
simper11: bets $6
Don_Alling: folds
Uncalled bet ($6) returned to simper11
simper11 collected $53.50 from pot
simper11: doesn't show hand
*** SUMMARY ***
Total pot $54 | Rake $0.50
Board [5d 5c 4h Th 2d]
Seat 3: simper11 (button) (small blind) collected ($53.50)
Seat 4: Don_Alling (big blind) folded on the River


PokerStars Hand #157872551145:  Hold'em Limit ($3/$6 USD) - 2016/08/28 20:48:42 ET
Table 'Werra' 6-max Seat #4 is the button
Seat 3: simper11 ($120 in chips)
Seat 4: Don_Alling ($137.50 in chips)
Don_Alling: posts small blind $1
simper11: posts big blind $3
*** HOLE CARDS ***
Don_Alling: raises $3 to $6
simper11 said, "no"
simper11 said, "5\10"
Don_Alling said, "30/60?"
simper11 said, "hu tables"
simper11: calls $3
*** FLOP *** [Qs Qc Ad]
Don_Alling said, "5/10 yes"
simper11: checks
Don_Alling: bets $3
simper11: folds
Uncalled bet ($3) returned to Don_Alling
Don_Alling collected $11.76 from pot
Don_Alling: doesn't show hand
*** SUMMARY ***
Total pot $12 | Rake $0.24
Board [Qs Qc Ad]
Seat 3: simper11 (big blind) folded on the Flop
Seat 4: Don_Alling (button) (small blind) collected ($11.76)


PokerStars Hand #157872572912:  Hold'em Limit ($3/$6 USD) - 2016/08/28 20:49:33 ET
Table 'Werra' 6-max Seat #3 is the button
Seat 3: simper11 ($161 in chips)
Seat 4: Don_Alling ($101.26 in chips)
simper11: posts small blind $1
Don_Alling: posts big blind $3
*** HOLE CARDS ***
simper11 said, "yep"
simper11: folds
Uncalled bet ($2) returned to Don_Alling
Don_Alling collected $2 from pot
Don_Alling: doesn't show hand
*** SUMMARY ***
Total pot $2 | Rake $0
Seat 3: simper11 (button) (small blind) folded before Flop
Seat 4: Don_Alling (big blind) collected ($2)


PokerStars Hand #157872588225:  Hold'em Limit ($3/$6 USD) - 2016/08/28 20:50:10 ET
Table 'Werra' 6-max Seat #4 is the button
Seat 3: simper11 ($153 in chips)
Seat 4: Don_Alling ($109.02 in chips)
Don_Alling: posts small blind $1
simper11: posts big blind $3
*** HOLE CARDS ***
Don_Alling: raises $3 to $6
simper11: calls $3
*** FLOP *** [9s Ts Td]
simper11: checks
Don_Alling: bets $3
simper11: folds
Uncalled bet ($3) returned to Don_Alling
Don_Alling collected $11.76 from pot
Don_Alling: doesn't show hand
*** SUMMARY ***
Total pot $12 | Rake $0.24
Board [9s Ts Td]
Seat 3: simper11 (big blind) folded on the Flop
Seat 4: Don_Alling (button) (small blind) collected ($11.76)


PokerStars Hand #157872586001:  Hold'em Limit ($3/$6 USD) - 2016/08/28 20:50:04 ET
Table 'Werra' 6-max Seat #3 is the button
Seat 3: simper11 ($154 in chips)
Seat 4: Don_Alling ($108.02 in chips)
simper11: posts small blind $1
Don_Alling: posts big blind $3
*** HOLE CARDS ***
Don_Alling said, "found u"
simper11: folds
Uncalled bet ($2) returned to Don_Alling
Don_Alling collected $2 from pot
Don_Alling: doesn't show hand
*** SUMMARY ***
Total pot $2 | Rake $0
Seat 3: simper11 (button) (small blind) folded before Flop
Seat 4: Don_Alling (big blind) collected ($2)


PokerStars Hand #157872575896:  Hold'em Limit ($3/$6 USD) - 2016/08/28 20:49:40 ET
Table 'Werra' 6-max Seat #4 is the button
Seat 3: simper11 ($160 in chips)
Seat 4: Don_Alling ($102.26 in chips)
Don_Alling: posts small blind $1
simper11: posts big blind $3
*** HOLE CARDS ***
Don_Alling said, "cuming"
Don_Alling: raises $3 to $6
simper11: calls $3
*** FLOP *** [8c 2c 6d]
simper11: checks
Don_Alling: bets $3
simper11: folds
Uncalled bet ($3) returned to Don_Alling
Don_Alling collected $11.76 from pot
Don_Alling: doesn't show hand
*** SUMMARY ***
Total pot $12 | Rake $0.24
Board [8c 2c 6d]
Seat 3: simper11 (big blind) folded on the Flop
Seat 4: Don_Alling (button) (small blind) collected ($11.76)


PokerStars Hand #157872595014:  Hold'em Limit ($3/$6 USD) - 2016/08/28 20:50:26 ET
Table 'Werra' 6-max Seat #3 is the button
Seat 3: simper11 ($147 in chips)
Seat 4: Don_Alling ($114.78 in chips)
simper11: posts small blind $1
Don_Alling: posts big blind $3
*** HOLE CARDS ***
simper11: raises $3 to $6
Don_Alling: raises $3 to $9
simper11: calls $3
*** FLOP *** [Qc 8d 6h]
Don_Alling: bets $3
simper11: folds
Uncalled bet ($3) returned to Don_Alling
Don_Alling collected $17.64 from pot
Don_Alling: doesn't show hand
mylifeluvsol joins the table at seat #6
*** SUMMARY ***
Total pot $18 | Rake $0.36
Board [Qc 8d 6h]
Seat 3: simper11 (button) (small blind) folded on the Flop
Seat 4: Don_Alling (big blind) collected ($17.64)


PokerStars Hand #157873978153:  Hold'em Limit ($3/$6 USD) - 2016/08/28 21:49:39 ET
Table 'Werra' 6-max Seat #3 is the button
Seat 2: I M GOIN OFF ($172.38 in chips)
Seat 3: mmm_bow22 ($103.11 in chips)
mmm_bow22: posts small blind $1
JSDM8682: is sitting out
I M GOIN OFF: posts big blind $3
*** HOLE CARDS ***
mmm_bow22: folds
Uncalled bet ($2) returned to I M GOIN OFF
JSDM8682 leaves the table
I M GOIN OFF collected $2 from pot
I M GOIN OFF: doesn't show hand
*** SUMMARY ***
Total pot $2 | Rake $0
Seat 2: I M GOIN OFF (big blind) collected ($2)
Seat 3: mmm_bow22 (button) (small blind) folded before Flop


