PokerStars Hand #146553832123:  Hold'em Limit ($3/$6 USD) - 2016/01/06 4:27:56 ET
Table 'Werra II' 6-max Seat #6 is the button
Seat 5: svoy2 ($771.22 in chips)
Seat 6: artiZzt ($94.74 in chips)
artiZzt: posts small blind $1
MTails: is sitting out
svoy2: posts big blind $3
*** HOLE CARDS ***
artiZzt: folds
Uncalled bet ($2) returned to svoy2
svoy2 collected $2 from pot
svoy2: doesn't show hand
*** SUMMARY ***
Total pot $2 | Rake $0
Seat 5: svoy2 (big blind) collected ($2)
Seat 6: artiZzt (button) (small blind) folded before Flop


PokerStars Hand #146553878168:  Hold'em Limit ($3/$6 USD) - 2016/01/06 4:29:48 ET
Table 'Werra II' 6-max Seat #5 is the button
Seat 4: MTails ($113.50 in chips)
Seat 5: svoy2 ($771.72 in chips)
svoy2: posts small blind $1
MTails: posts big blind $3
*** HOLE CARDS ***
svoy2: folds
Uncalled bet ($2) returned to MTails
MTails collected $2 from pot
*** SUMMARY ***
Total pot $2 | Rake $0
Seat 4: MTails (big blind) collected ($2)
Seat 5: svoy2 (button) (small blind) folded before Flop


PokerStars Hand #146553871124:  Hold'em Limit ($3/$6 USD) - 2016/01/06 4:29:31 ET
Table 'Werra II' 6-max Seat #4 is the button
Seat 4: MTails ($84 in chips)
Seat 5: svoy2 ($801.72 in chips)
MTails: posts small blind $1
svoy2: posts big blind $3
*** HOLE CARDS ***
MTails: raises $3 to $6
svoy2: calls $3
*** FLOP *** [5s 3h 6h]
svoy2: checks
MTails: bets $3
svoy2: raises $3 to $6
MTails: calls $3
*** TURN *** [5s 3h 6h] [4s]
svoy2: bets $6
MTails: raises $6 to $12
svoy2: calls $6
*** RIVER *** [5s 3h 6h 4s] [Td]
svoy2: checks
MTails: bets $6
svoy2: calls $6
*** SHOW DOWN ***
MTails: shows [7s Th] (a straight, Three to Seven)
svoy2: mucks hand
MTails collected $59.50 from pot
*** SUMMARY ***
Total pot $60 | Rake $0.50
Board [5s 3h 6h 4s Td]
Seat 4: MTails (button) (small blind) showed [7s Th] and won ($59.50) with a straight, Three to Seven
Seat 5: svoy2 (big blind) mucked


PokerStars Hand #146553842435:  Hold'em Limit ($3/$6 USD) - 2016/01/06 4:28:22 ET
Table 'Werra II' 6-max Seat #5 is the button
Seat 4: MTails ($114 in chips)
Seat 5: svoy2 ($772.22 in chips)
svoy2: posts small blind $1
MTails: posts big blind $3
*** HOLE CARDS ***
svoy2: raises $3 to $6
MTails: calls $3
*** FLOP *** [2c Th 9s]
MTails: checks
svoy2: bets $3
MTails: raises $3 to $6
svoy2: calls $3
*** TURN *** [2c Th 9s] [Jd]
MTails: bets $6
svoy2: raises $6 to $12
MTails: calls $6
*** RIVER *** [2c Th 9s Jd] [4s]
MTails: checks
svoy2: bets $6
MTails: calls $6
*** SHOW DOWN ***
svoy2: shows [2d 2h] (three of a kind, Deuces)
MTails: mucks hand
svoy2 collected $59.50 from pot
*** SUMMARY ***
Total pot $60 | Rake $0.50
Board [2c Th 9s Jd 4s]
Seat 4: MTails (big blind) mucked
Seat 5: svoy2 (button) (small blind) showed [2d 2h] and won ($59.50) with three of a kind, Deuces


PokerStars Hand #146553902678:  Hold'em Limit ($3/$6 USD) - 2016/01/06 4:30:47 ET
Table 'Werra II' 6-max Seat #5 is the button
Seat 4: MTails ($152 in chips)
Seat 5: svoy2 ($732.36 in chips)
svoy2: posts small blind $1
MTails: posts big blind $3
*** HOLE CARDS ***
svoy2: folds
Uncalled bet ($2) returned to MTails
MTails collected $2 from pot
*** SUMMARY ***
Total pot $2 | Rake $0
Seat 4: MTails (big blind) collected ($2)
Seat 5: svoy2 (button) (small blind) folded before Flop


PokerStars Hand #146553900713:  Hold'em Limit ($3/$6 USD) - 2016/01/06 4:30:42 ET
Table 'Werra II' 6-max Seat #4 is the button
Seat 4: MTails ($153 in chips)
Seat 5: svoy2 ($731.36 in chips)
MTails: posts small blind $1
svoy2: posts big blind $3
*** HOLE CARDS ***
MTails: folds
Uncalled bet ($2) returned to svoy2
svoy2 collected $2 from pot
svoy2: doesn't show hand
*** SUMMARY ***
Total pot $2 | Rake $0
Seat 4: MTails (button) (small blind) folded before Flop
Seat 5: svoy2 (big blind) collected ($2)


PokerStars Hand #146553893229:  Hold'em Limit ($3/$6 USD) - 2016/01/06 4:30:24 ET
Table 'Werra II' 6-max Seat #5 is the button
Seat 4: MTails ($111.50 in chips)
Seat 5: svoy2 ($773.36 in chips)
svoy2: posts small blind $1
MTails: posts big blind $3
*** HOLE CARDS ***
svoy2: raises $3 to $6
MTails: calls $3
*** FLOP *** [Qs Ac 8h]
MTails: checks
svoy2: bets $3
MTails: raises $3 to $6
svoy2: calls $3
*** TURN *** [Qs Ac 8h] [5h]
MTails: checks
svoy2: bets $6
MTails: raises $6 to $12
svoy2: raises $6 to $18
MTails: raises $6 to $24
Betting is capped
svoy2: calls $6
*** RIVER *** [Qs Ac 8h 5h] [Ks]
MTails: bets $6
svoy2: calls $6
*** SHOW DOWN ***
MTails: shows [As 8c] (two pair, Aces and Eights)
svoy2: mucks hand
MTails collected $83.50 from pot
*** SUMMARY ***
Total pot $84 | Rake $0.50
Board [Qs Ac 8h 5h Ks]
Seat 4: MTails (big blind) showed [As 8c] and won ($83.50) with two pair, Aces and Eights
Seat 5: svoy2 (button) (small blind) mucked


PokerStars Hand #146553891459:  Hold'em Limit ($3/$6 USD) - 2016/01/06 4:30:20 ET
Table 'Werra II' 6-max Seat #4 is the button
Seat 4: MTails ($112.50 in chips)
Seat 5: svoy2 ($772.36 in chips)
MTails: posts small blind $1
svoy2: posts big blind $3
*** HOLE CARDS ***
MTails: folds
Uncalled bet ($2) returned to svoy2
svoy2 collected $2 from pot
svoy2: doesn't show hand
*** SUMMARY ***
Total pot $2 | Rake $0
Seat 4: MTails (button) (small blind) folded before Flop
Seat 5: svoy2 (big blind) collected ($2)


PokerStars Hand #146553889681:  Hold'em Limit ($3/$6 USD) - 2016/01/06 4:30:16 ET
Table 'Werra II' 6-max Seat #5 is the button
Seat 4: MTails ($111.50 in chips)
Seat 5: svoy2 ($773.36 in chips)
svoy2: posts small blind $1
MTails: posts big blind $3
*** HOLE CARDS ***
svoy2: folds
Uncalled bet ($2) returned to MTails
MTails collected $2 from pot
*** SUMMARY ***
Total pot $2 | Rake $0
Seat 4: MTails (big blind) collected ($2)
Seat 5: svoy2 (button) (small blind) folded before Flop


PokerStars Hand #146553887069:  Hold'em Limit ($3/$6 USD) - 2016/01/06 4:30:10 ET
Table 'Werra II' 6-max Seat #4 is the button
Seat 4: MTails ($108.50 in chips)
Seat 5: svoy2 ($776.36 in chips)
MTails: posts small blind $1
svoy2: posts big blind $3
*** HOLE CARDS ***
MTails: raises $3 to $6
svoy2: folds
Uncalled bet ($3) returned to MTails
MTails collected $6 from pot
*** SUMMARY ***
Total pot $6 | Rake $0
Seat 4: MTails (button) (small blind) collected ($6)
Seat 5: svoy2 (big blind) folded before Flop


PokerStars Hand #146553882162:  Hold'em Limit ($3/$6 USD) - 2016/01/06 4:29:58 ET
Table 'Werra II' 6-max Seat #5 is the button
Seat 4: MTails ($117.50 in chips)
Seat 5: svoy2 ($767.72 in chips)
svoy2: posts small blind $1
MTails: posts big blind $3
*** HOLE CARDS ***
svoy2: raises $3 to $6
MTails: calls $3
*** FLOP *** [8s 4s 5s]
MTails: checks
svoy2: bets $3
MTails: calls $3
*** TURN *** [8s 4s 5s] [Td]
MTails: checks
svoy2: bets $6
MTails: folds
Uncalled bet ($6) returned to svoy2
svoy2 collected $17.64 from pot
svoy2: doesn't show hand
*** SUMMARY ***
Total pot $18 | Rake $0.36
Board [8s 4s 5s Td]
Seat 4: MTails (big blind) folded on the Turn
Seat 5: svoy2 (button) (small blind) collected ($17.64)


PokerStars Hand #146553880136:  Hold'em Limit ($3/$6 USD) - 2016/01/06 4:29:53 ET
Table 'Werra II' 6-max Seat #4 is the button
Seat 4: MTails ($114.50 in chips)
Seat 5: svoy2 ($770.72 in chips)
MTails: posts small blind $1
svoy2: posts big blind $3
*** HOLE CARDS ***
MTails: raises $3 to $6
svoy2: folds
Uncalled bet ($3) returned to MTails
MTails collected $6 from pot
*** SUMMARY ***
Total pot $6 | Rake $0
Seat 4: MTails (button) (small blind) collected ($6)
Seat 5: svoy2 (big blind) folded before Flop


PokerStars Hand #146553920807:  Hold'em Limit ($3/$6 USD) - 2016/01/06 4:31:30 ET
Table 'Werra II' 6-max Seat #4 is the button
Seat 4: MTails ($212 in chips)
Seat 5: svoy2 ($671.36 in chips)
MTails: posts small blind $1
svoy2: posts big blind $3
*** HOLE CARDS ***
MTails: folds
Uncalled bet ($2) returned to svoy2
ChawkDee joins the table at seat #6
svoy2 collected $2 from pot
svoy2: doesn't show hand
*** SUMMARY ***
Total pot $2 | Rake $0
Seat 4: MTails (button) (small blind) folded before Flop
Seat 5: svoy2 (big blind) collected ($2)


PokerStars Hand #146553910028:  Hold'em Limit ($3/$6 USD) - 2016/01/06 4:31:04 ET
Table 'Werra II' 6-max Seat #5 is the button
Seat 4: MTails ($182.50 in chips)
Seat 5: svoy2 ($701.36 in chips)
svoy2: posts small blind $1
MTails: posts big blind $3
*** HOLE CARDS ***
svoy2 said, "unreal"
svoy2: raises $3 to $6
MTails: calls $3
*** FLOP *** [9h Jh 3s]
MTails: checks
svoy2: checks
*** TURN *** [9h Jh 3s] [Qd]
MTails: checks
svoy2: bets $6
MTails: raises $6 to $12
svoy2: calls $6
*** RIVER *** [9h Jh 3s Qd] [Jd]
MTails: bets $6
svoy2: raises $6 to $12
MTails: calls $6
*** SHOW DOWN ***
svoy2: shows [2d Td] (a pair of Jacks)
MTails: shows [5c Qh] (two pair, Queens and Jacks)
MTails collected $59.50 from pot
*** SUMMARY ***
Total pot $60 | Rake $0.50
Board [9h Jh 3s Qd Jd]
Seat 4: MTails (big blind) showed [5c Qh] and won ($59.50) with two pair, Queens and Jacks
Seat 5: svoy2 (button) (small blind) showed [2d Td] and lost with a pair of Jacks


PokerStars Hand #146553904473:  Hold'em Limit ($3/$6 USD) - 2016/01/06 4:30:51 ET
Table 'Werra II' 6-max Seat #4 is the button
Seat 4: MTails ($153 in chips)
Seat 5: svoy2 ($731.36 in chips)
MTails: posts small blind $1
svoy2: posts big blind $3
*** HOLE CARDS ***
MTails: raises $3 to $6
svoy2: raises $3 to $9
MTails: calls $3
*** FLOP *** [Js 3h Ts]
svoy2: bets $3
MTails: calls $3
*** TURN *** [Js 3h Ts] [4h]
svoy2: bets $6
MTails: calls $6
*** RIVER *** [Js 3h Ts 4h] [5c]
svoy2: bets $6
MTails: raises $6 to $12
svoy2: calls $6
*** SHOW DOWN ***
MTails: shows [Ad 2s] (a straight, Ace to Five)
svoy2: mucks hand
MTails collected $59.50 from pot
*** SUMMARY ***
Total pot $60 | Rake $0.50
Board [Js 3h Ts 4h 5c]
Seat 4: MTails (button) (small blind) showed [Ad 2s] and won ($59.50) with a straight, Ace to Five
Seat 5: svoy2 (big blind) mucked


PokerStars Hand #146553943189:  Hold'em Limit ($3/$6 USD) - 2016/01/06 4:32:24 ET
Table 'Werra II' 6-max Seat #4 is the button
Seat 4: MTails ($254.48 in chips)
Seat 6: ChawkDee ($107 in chips)
MTails: posts small blind $1
ChawkDee: posts big blind $3
*** HOLE CARDS ***
MTails: raises $3 to $6
ChawkDee: calls $3
*** FLOP *** [8s Qs 3d]
ChawkDee: checks
MTails said, "idi moi hu stol"
MTails: bets $3
ChawkDee: folds
Uncalled bet ($3) returned to MTails
MTails collected $11.76 from pot
ChawkDee said, "?"
*** SUMMARY ***
Total pot $12 | Rake $0.24
Board [8s Qs 3d]
Seat 4: MTails (button) (small blind) collected ($11.76)
Seat 6: ChawkDee (big blind) folded on the Flop


PokerStars Hand #146558126671:  Hold'em Limit ($3/$6 USD) - 2016/01/06 6:47:30 ET
Table 'Werra II' 6-max Seat #4 is the button
Seat 3: svoy2 ($390.92 in chips)
Seat 4: SmellyToes4u ($140.31 in chips)
SmellyToes4u: posts small blind $1
svoy2: posts big blind $3
*** HOLE CARDS ***
SmellyToes4u: raises $3 to $6
svoy2: calls $3
*** FLOP *** [Th Qc Kd]
7superpoker leaves the table
svoy2: checks
SmellyToes4u: bets $3
svoy2: calls $3
*** TURN *** [Th Qc Kd] [8c]
svoy2: bets $6
SmellyToes4u: calls $6
*** RIVER *** [Th Qc Kd 8c] [7h]
svoy2: bets $6
SmellyToes4u: calls $6
*** SHOW DOWN ***
svoy2: shows [8h Jd] (a pair of Eights)
SmellyToes4u: shows [Kh 9c] (a pair of Kings)
SmellyToes4u collected $41.50 from pot
*** SUMMARY ***
Total pot $42 | Rake $0.50
Board [Th Qc Kd 8c 7h]
Seat 3: svoy2 (big blind) showed [8h Jd] and lost with a pair of Eights
Seat 4: SmellyToes4u (button) (small blind) showed [Kh 9c] and won ($41.50) with a pair of Kings


PokerStars Hand #146558142364:  Hold'em Limit ($3/$6 USD) - 2016/01/06 6:47:52 ET
Table 'Werra II' 6-max Seat #3 is the button
Seat 3: svoy2 ($369.92 in chips)
Seat 4: SmellyToes4u ($160.81 in chips)
svoy2: posts small blind $1
SmellyToes4u: posts big blind $3
*** HOLE CARDS ***
svoy2: raises $3 to $6
SmellyToes4u: folds
Uncalled bet ($3) returned to svoy2
svoy2 collected $6 from pot
svoy2: doesn't show hand
*** SUMMARY ***
Total pot $6 | Rake $0
Seat 3: svoy2 (button) (small blind) collected ($6)
Seat 4: SmellyToes4u (big blind) folded before Flop


PokerStars Hand #146558147608:  Hold'em Limit ($3/$6 USD) - 2016/01/06 6:48:00 ET
Table 'Werra II' 6-max Seat #4 is the button
Seat 3: svoy2 ($372.92 in chips)
Seat 4: SmellyToes4u ($157.81 in chips)
SmellyToes4u: posts small blind $1
svoy2: posts big blind $3
*** HOLE CARDS ***
SmellyToes4u: raises $3 to $6
svoy2: folds
Uncalled bet ($3) returned to SmellyToes4u
SmellyToes4u collected $6 from pot
SmellyToes4u: doesn't show hand
*** SUMMARY ***
Total pot $6 | Rake $0
Seat 3: svoy2 (big blind) folded before Flop
Seat 4: SmellyToes4u (button) (small blind) collected ($6)


PokerStars Hand #146558166224:  Hold'em Limit ($3/$6 USD) - 2016/01/06 6:48:31 ET
Table 'Werra II' 6-max Seat #4 is the button
Seat 3: svoy2 ($354.92 in chips)
Seat 4: SmellyToes4u ($175.31 in chips)
SmellyToes4u: posts small blind $1
svoy2: posts big blind $3
*** HOLE CARDS ***
SmellyToes4u: folds
Uncalled bet ($2) returned to svoy2
svoy2 collected $2 from pot
svoy2: doesn't show hand
*** SUMMARY ***
Total pot $2 | Rake $0
Seat 3: svoy2 (big blind) collected ($2)
Seat 4: SmellyToes4u (button) (small blind) folded before Flop


PokerStars Hand #146558154259:  Hold'em Limit ($3/$6 USD) - 2016/01/06 6:48:11 ET
Table 'Werra II' 6-max Seat #3 is the button
Seat 3: svoy2 ($369.92 in chips)
Seat 4: SmellyToes4u ($160.81 in chips)
svoy2: posts small blind $1
SmellyToes4u: posts big blind $3
*** HOLE CARDS ***
svoy2: raises $3 to $6
SmellyToes4u: calls $3
*** FLOP *** [8s 9c 3h]
SmellyToes4u: checks
svoy2: bets $3
SmellyToes4u: calls $3
*** TURN *** [8s 9c 3h] [Ad]
SmellyToes4u: checks
svoy2: bets $6
SmellyToes4u: calls $6
*** RIVER *** [8s 9c 3h Ad] [Qh]
SmellyToes4u: checks
svoy2: checks
*** SHOW DOWN ***
SmellyToes4u: shows [8c Js] (a pair of Eights)
svoy2: mucks hand
SmellyToes4u collected $29.50 from pot
*** SUMMARY ***
Total pot $30 | Rake $0.50
Board [8s 9c 3h Ad Qh]
Seat 3: svoy2 (button) (small blind) mucked
Seat 4: SmellyToes4u (big blind) showed [8c Js] and won ($29.50) with a pair of Eights


PokerStars Hand #146558177343:  Hold'em Limit ($3/$6 USD) - 2016/01/06 6:48:50 ET
Table 'Werra II' 6-max Seat #4 is the button
Seat 3: svoy2 ($361.68 in chips)
Seat 4: SmellyToes4u ($168.31 in chips)
SmellyToes4u: posts small blind $1
svoy2: posts big blind $3
*** HOLE CARDS ***
SmellyToes4u: folds
Uncalled bet ($2) returned to svoy2
svoy2 collected $2 from pot
svoy2: doesn't show hand
*** SUMMARY ***
Total pot $2 | Rake $0
Seat 3: svoy2 (big blind) collected ($2)
Seat 4: SmellyToes4u (button) (small blind) folded before Flop


PokerStars Hand #146558169244:  Hold'em Limit ($3/$6 USD) - 2016/01/06 6:48:36 ET
Table 'Werra II' 6-max Seat #3 is the button
Seat 3: svoy2 ($355.92 in chips)
Seat 4: SmellyToes4u ($174.31 in chips)
svoy2: posts small blind $1
SmellyToes4u: posts big blind $3
*** HOLE CARDS ***
svoy2: raises $3 to $6
SmellyToes4u: calls $3
*** FLOP *** [6s Ac 5h]
SmellyToes4u: checks
svoy2: bets $3
SmellyToes4u: folds
Uncalled bet ($3) returned to svoy2
svoy2 collected $11.76 from pot
svoy2: doesn't show hand
*** SUMMARY ***
Total pot $12 | Rake $0.24
Board [6s Ac 5h]
Seat 3: svoy2 (button) (small blind) collected ($11.76)
Seat 4: SmellyToes4u (big blind) folded on the Flop


PokerStars Hand #146558182080:  Hold'em Limit ($3/$6 USD) - 2016/01/06 6:48:58 ET
Table 'Werra II' 6-max Seat #3 is the button
Seat 3: svoy2 ($362.68 in chips)
Seat 4: SmellyToes4u ($167.31 in chips)
svoy2: posts small blind $1
SmellyToes4u: posts big blind $3
*** HOLE CARDS ***
svoy2: folds
Uncalled bet ($2) returned to SmellyToes4u
SmellyToes4u collected $2 from pot
SmellyToes4u: doesn't show hand
40 ft cliff joins the table at seat #2
*** SUMMARY ***
Total pot $2 | Rake $0
Seat 3: svoy2 (button) (small blind) folded before Flop
Seat 4: SmellyToes4u (big blind) collected ($2)


PokerStars Hand #146562027640:  Hold'em Limit ($3/$6 USD) - 2016/01/06 8:30:29 ET
Table 'Werra II' 6-max Seat #5 is the button
Seat 5: msms10726 ($197.78 in chips)
Seat 6: BigBone2 ($103.96 in chips)
msms10726: posts small blind $1
BigBone2: posts big blind $3
*** HOLE CARDS ***
msms10726: folds
Uncalled bet ($2) returned to BigBone2
BigBone2 collected $2 from pot
BigBone2: doesn't show hand
*** SUMMARY ***
Total pot $2 | Rake $0
Seat 5: msms10726 (button) (small blind) folded before Flop
Seat 6: BigBone2 (big blind) collected ($2)


PokerStars Hand #146562023475:  Hold'em Limit ($3/$6 USD) - 2016/01/06 8:30:23 ET
Table 'Werra II' 6-max Seat #6 is the button
Seat 5: msms10726 ($196.78 in chips)
Seat 6: BigBone2 ($104.96 in chips)
BigBone2: posts small blind $1
veterankwu: is sitting out
msms10726: posts big blind $3
*** HOLE CARDS ***
BigBone2: folds
Uncalled bet ($2) returned to msms10726
msms10726 collected $2 from pot
msms10726: doesn't show hand
*** SUMMARY ***
Total pot $2 | Rake $0
Seat 5: msms10726 (big blind) collected ($2)
Seat 6: BigBone2 (button) (small blind) folded before Flop


PokerStars Hand #146562031918:  Hold'em Limit ($3/$6 USD) - 2016/01/06 8:30:35 ET
Table 'Werra II' 6-max Seat #6 is the button
Seat 5: msms10726 ($196.78 in chips)
Seat 6: BigBone2 ($104.96 in chips)
BigBone2: posts small blind $1
msms10726: posts big blind $3
*** HOLE CARDS ***
BigBone2: raises $3 to $6
msms10726: folds
Uncalled bet ($3) returned to BigBone2
BigBone2 collected $6 from pot
BigBone2: doesn't show hand
*** SUMMARY ***
Total pot $6 | Rake $0
Seat 5: msms10726 (big blind) folded before Flop
Seat 6: BigBone2 (button) (small blind) collected ($6)


PokerStars Hand #146562038622:  Hold'em Limit ($3/$6 USD) - 2016/01/06 8:30:45 ET
Table 'Werra II' 6-max Seat #5 is the button
Seat 5: msms10726 ($193.78 in chips)
Seat 6: BigBone2 ($107.96 in chips)
msms10726: posts small blind $1
BigBone2: posts big blind $3
*** HOLE CARDS ***
msms10726: calls $2
veterankwu leaves the table
BigBone2: raises $3 to $6
msms10726: calls $3
*** FLOP *** [8s 6s 6d]
BigBone2: checks
msms10726: bets $3
BigBone2: calls $3
*** TURN *** [8s 6s 6d] [Ts]
BigBone2: bets $6
msms10726: calls $6
*** RIVER *** [8s 6s 6d Ts] [3d]
BigBone2: bets $6
msms10726: calls $6
*** SHOW DOWN ***
BigBone2: shows [Kh Td] (two pair, Tens and Sixes)
msms10726: shows [2s As] (a flush, Ace high)
msms10726 collected $41.50 from pot
*** SUMMARY ***
Total pot $42 | Rake $0.50
Board [8s 6s 6d Ts 3d]
Seat 5: msms10726 (button) (small blind) showed [2s As] and won ($41.50) with a flush, Ace high
Seat 6: BigBone2 (big blind) showed [Kh Td] and lost with two pair, Tens and Sixes


PokerStars Hand #146562056254:  Hold'em Limit ($3/$6 USD) - 2016/01/06 8:31:10 ET
Table 'Werra II' 6-max Seat #6 is the button
Seat 5: msms10726 ($214.28 in chips)
Seat 6: BigBone2 ($86.96 in chips)
BigBone2: posts small blind $1
msms10726: posts big blind $3
*** HOLE CARDS ***
BigBone2: folds
Uncalled bet ($2) returned to msms10726
msms10726 collected $2 from pot
msms10726: doesn't show hand
*** SUMMARY ***
Total pot $2 | Rake $0
Seat 5: msms10726 (big blind) collected ($2)
Seat 6: BigBone2 (button) (small blind) folded before Flop


PokerStars Hand #146562059967:  Hold'em Limit ($3/$6 USD) - 2016/01/06 8:31:15 ET
Table 'Werra II' 6-max Seat #5 is the button
Seat 5: msms10726 ($215.28 in chips)
Seat 6: BigBone2 ($85.96 in chips)
msms10726: posts small blind $1
BigBone2: posts big blind $3
*** HOLE CARDS ***
msms10726: calls $2
BigBone2: checks
*** FLOP *** [6c 5c 9s]
BigBone2: bets $3
msms10726: calls $3
*** TURN *** [6c 5c 9s] [4d]
BigBone2: bets $6
msms10726: calls $6
*** RIVER *** [6c 5c 9s 4d] [6s]
BigBone2: bets $6
msms10726: calls $6
*** SHOW DOWN ***
BigBone2: shows [9d 3d] (two pair, Nines and Sixes)
msms10726: mucks hand
BigBone2 collected $35.50 from pot
*** SUMMARY ***
Total pot $36 | Rake $0.50
Board [6c 5c 9s 4d 6s]
Seat 5: msms10726 (button) (small blind) mucked
Seat 6: BigBone2 (big blind) showed [9d 3d] and won ($35.50) with two pair, Nines and Sixes


PokerStars Hand #146562176407:  Hold'em Limit ($3/$6 USD) - 2016/01/06 8:34:02 ET
Table 'Werra II' 6-max Seat #6 is the button
Seat 4: partyalex92 ($62.86 in chips)
Seat 6: keneke51 ($120 in chips)
keneke51: posts small blind $1
Kills Sharks was removed from the table for failing to post
svoy2 was removed from the table for failing to post
partyalex92: posts big blind $3
*** HOLE CARDS ***
keneke51: folds
Uncalled bet ($2) returned to partyalex92
partyalex92 collected $2 from pot
*** SUMMARY ***
Total pot $2 | Rake $0
Seat 4: partyalex92 (big blind) collected ($2)
Seat 6: keneke51 (button) (small blind) folded before Flop


PokerStars Hand #146562182221:  Hold'em Limit ($3/$6 USD) - 2016/01/06 8:34:10 ET
Table 'Werra II' 6-max Seat #4 is the button
Seat 4: partyalex92 ($63.86 in chips)
Seat 6: keneke51 ($119 in chips)
partyalex92: posts small blind $1
keneke51: posts big blind $3
*** HOLE CARDS ***
partyalex92: raises $3 to $6
keneke51: calls $3
*** FLOP *** [8s 9h Qc]
keneke51: checks
partyalex92: bets $3
keneke51: calls $3
*** TURN *** [8s 9h Qc] [Kh]
Kills Sharks joins the table at seat #1
keneke51: checks
partyalex92: checks
*** RIVER *** [8s 9h Qc Kh] [4h]
keneke51: checks
partyalex92: checks
*** SHOW DOWN ***
keneke51: shows [Ac 8h] (a pair of Eights)
partyalex92: mucks hand
keneke51 collected $17.64 from pot
*** SUMMARY ***
Total pot $18 | Rake $0.36
Board [8s 9h Qc Kh 4h]
Seat 4: partyalex92 (button) (small blind) mucked
Seat 6: keneke51 (big blind) showed [Ac 8h] and won ($17.64) with a pair of Eights


PokerStars Hand #146563217235:  Hold'em Limit ($3/$6 USD) - 2016/01/06 8:57:56 ET
Table 'Werra II' 6-max Seat #2 is the button
Seat 1: Kills Sharks ($344.78 in chips)
Seat 2: LolDnkaments ($78.29 in chips)
LolDnkaments: posts small blind $1
aade1ante: is sitting out
Kills Sharks: posts big blind $3
*** HOLE CARDS ***
LolDnkaments: raises $3 to $6
Kills Sharks: raises $3 to $9
LolDnkaments: calls $3
*** FLOP *** [4s 2d Jd]
Kills Sharks: bets $3
LolDnkaments: calls $3
*** TURN *** [4s 2d Jd] [Qh]
Kills Sharks: bets $6
LolDnkaments: calls $6
*** RIVER *** [4s 2d Jd Qh] [Kd]
Kills Sharks: bets $6
LolDnkaments: folds
Uncalled bet ($6) returned to Kills Sharks
Kills Sharks collected $35.50 from pot
Kills Sharks: doesn't show hand
*** SUMMARY ***
Total pot $36 | Rake $0.50
Board [4s 2d Jd Qh Kd]
Seat 1: Kills Sharks (big blind) collected ($35.50)
Seat 2: LolDnkaments (button) (small blind) folded on the River


PokerStars Hand #146563230337:  Hold'em Limit ($3/$6 USD) - 2016/01/06 8:58:17 ET
Table 'Werra II' 6-max Seat #1 is the button
Seat 1: Kills Sharks ($362.28 in chips)
Seat 2: LolDnkaments ($72 in chips)
Kills Sharks: posts small blind $1
LolDnkaments: posts big blind $3
*** HOLE CARDS ***
Kills Sharks: raises $3 to $6
LolDnkaments: folds
Uncalled bet ($3) returned to Kills Sharks
Kills Sharks collected $6 from pot
Kills Sharks: doesn't show hand
*** SUMMARY ***
Total pot $6 | Rake $0
Seat 1: Kills Sharks (button) (small blind) collected ($6)
Seat 2: LolDnkaments (big blind) folded before Flop


