PokerStars Hand #161043890360:  Hold'em Limit ($3/$6 USD) - 2016/11/07 11:13:24 ET
Table 'Werra II' 6-max Seat #3 is the button
Seat 3: fabricio004 ($89.50 in chips)
Seat 4: assitoni ($72 in chips)
fabricio004: posts small blind $1
assitoni: posts big blind $3
*** HOLE CARDS ***
fabricio004: folds
Uncalled bet ($2) returned to assitoni
assitoni collected $2 from pot
assitoni: doesn't show hand
*** SUMMARY ***
Total pot $2 | Rake $0
Seat 3: fabricio004 (button) (small blind) folded before Flop
Seat 4: assitoni (big blind) collected ($2)


PokerStars Hand #161043899138:  Hold'em Limit ($3/$6 USD) - 2016/11/07 11:13:36 ET
Table 'Werra II' 6-max Seat #3 is the button
Seat 3: fabricio004 ($85.50 in chips)
Seat 4: assitoni ($76 in chips)
fabricio004: posts small blind $1
assitoni: posts big blind $3
*** HOLE CARDS ***
fabricio004: folds
Uncalled bet ($2) returned to assitoni
assitoni collected $2 from pot
assitoni: doesn't show hand
*** SUMMARY ***
Total pot $2 | Rake $0
Seat 3: fabricio004 (button) (small blind) folded before Flop
Seat 4: assitoni (big blind) collected ($2)


PokerStars Hand #161043894589:  Hold'em Limit ($3/$6 USD) - 2016/11/07 11:13:30 ET
Table 'Werra II' 6-max Seat #4 is the button
Seat 3: fabricio004 ($88.50 in chips)
Seat 4: assitoni ($73 in chips)
assitoni: posts small blind $1
fabricio004: posts big blind $3
*** HOLE CARDS ***
assitoni: raises $3 to $6
fabricio004: folds
Uncalled bet ($3) returned to assitoni
assitoni collected $6 from pot
assitoni: doesn't show hand
*** SUMMARY ***
Total pot $6 | Rake $0
Seat 3: fabricio004 (big blind) folded before Flop
Seat 4: assitoni (button) (small blind) collected ($6)


PokerStars Hand #161043871098:  Hold'em Limit ($3/$6 USD) - 2016/11/07 11:12:57 ET
Table 'Werra II' 6-max Seat #4 is the button
Seat 3: fabricio004 ($75 in chips)
Seat 4: assitoni ($72 in chips)
assitoni: posts small blind $1
fabricio004: posts big blind $3
*** HOLE CARDS ***
assitoni: raises $3 to $6
fabricio004: calls $3
*** FLOP *** [4h 8c Kd]
fabricio004: bets $3
assitoni: calls $3
*** TURN *** [4h 8c Kd] [3c]
fabricio004: bets $6
assitoni: calls $6
*** RIVER *** [4h 8c Kd 3c] [3h]
fabricio004: checks
assitoni: checks
*** SHOW DOWN ***
fabricio004: shows [Ah 3s] (three of a kind, Threes)
assitoni: mucks hand
fabricio004 collected $29.50 from pot
*** SUMMARY ***
Total pot $30 | Rake $0.50
Board [4h 8c Kd 3c 3h]
Seat 3: fabricio004 (big blind) showed [Ah 3s] and won ($29.50) with three of a kind, Threes
Seat 4: assitoni (button) (small blind) mucked


PokerStars Hand #161043923900:  Hold'em Limit ($3/$6 USD) - 2016/11/07 11:14:11 ET
Table 'Werra II' 6-max Seat #4 is the button
Seat 3: fabricio004 ($75.50 in chips)
Seat 4: assitoni ($85.76 in chips)
assitoni: posts small blind $1
fabricio004: posts big blind $3
*** HOLE CARDS ***
assitoni: folds
Uncalled bet ($2) returned to fabricio004
fabricio004 collected $2 from pot
fabricio004: doesn't show hand
*** SUMMARY ***
Total pot $2 | Rake $0
Seat 3: fabricio004 (big blind) collected ($2)
Seat 4: assitoni (button) (small blind) folded before Flop


PokerStars Hand #161043904226:  Hold'em Limit ($3/$6 USD) - 2016/11/07 11:13:43 ET
Table 'Werra II' 6-max Seat #4 is the button
Seat 3: fabricio004 ($84.50 in chips)
Seat 4: assitoni ($77 in chips)
assitoni: posts small blind $1
fabricio004: posts big blind $3
*** HOLE CARDS ***
assitoni: raises $3 to $6
fabricio004: folds
Uncalled bet ($3) returned to assitoni
assitoni collected $6 from pot
assitoni: doesn't show hand
*** SUMMARY ***
Total pot $6 | Rake $0
Seat 3: fabricio004 (big blind) folded before Flop
Seat 4: assitoni (button) (small blind) collected ($6)


PokerStars Hand #161043910112:  Hold'em Limit ($3/$6 USD) - 2016/11/07 11:13:51 ET
Table 'Werra II' 6-max Seat #3 is the button
Seat 3: fabricio004 ($81.50 in chips)
Seat 4: assitoni ($80 in chips)
fabricio004: posts small blind $1
assitoni: posts big blind $3
*** HOLE CARDS ***
fabricio004: raises $3 to $6
assitoni: calls $3
*** FLOP *** [6s 9c Ks]
assitoni: checks
fabricio004: checks
*** TURN *** [6s 9c Ks] [4s]
assitoni: bets $6
fabricio004: folds
Uncalled bet ($6) returned to assitoni
assitoni collected $11.76 from pot
assitoni: doesn't show hand
*** SUMMARY ***
Total pot $12 | Rake $0.24
Board [6s 9c Ks 4s]
Seat 3: fabricio004 (button) (small blind) folded on the Turn
Seat 4: assitoni (big blind) collected ($11.76)


PokerStars Hand #161043950561:  Hold'em Limit ($3/$6 USD) - 2016/11/07 11:14:48 ET
Table 'Werra II' 6-max Seat #4 is the button
Seat 3: fabricio004 ($58.50 in chips)
Seat 4: assitoni ($102.26 in chips)
assitoni: posts small blind $1
fabricio004: posts big blind $3
*** HOLE CARDS ***
assitoni: raises $3 to $6
fabricio004: calls $3
*** FLOP *** [Td 5h Kc]
fabricio004: bets $3
assitoni: calls $3
*** TURN *** [Td 5h Kc] [Jc]
fabricio004: bets $6
assitoni: raises $6 to $12
fabricio004: calls $6
*** RIVER *** [Td 5h Kc Jc] [Tc]
fabricio004: bets $6
assitoni: calls $6
*** SHOW DOWN ***
fabricio004: shows [Jd 7h] (two pair, Jacks and Tens)
assitoni: shows [As Kh] (two pair, Kings and Tens)
assitoni collected $53.50 from pot
*** SUMMARY ***
Total pot $54 | Rake $0.50
Board [Td 5h Kc Jc Tc]
Seat 3: fabricio004 (big blind) showed [Jd 7h] and lost with two pair, Jacks and Tens
Seat 4: assitoni (button) (small blind) showed [As Kh] and won ($53.50) with two pair, Kings and Tens


PokerStars Hand #161043968441:  Hold'em Limit ($3/$6 USD) - 2016/11/07 11:15:13 ET
Table 'Werra II' 6-max Seat #3 is the button
Seat 3: fabricio004 ($31.50 in chips)
Seat 4: assitoni ($128.76 in chips)
fabricio004: posts small blind $1
assitoni: posts big blind $3
*** HOLE CARDS ***
fabricio004: raises $3 to $6
assitoni: raises $3 to $9
fabricio004: calls $3
*** FLOP *** [Kd Ks 8h]
assitoni: bets $3
fabricio004: folds
Uncalled bet ($3) returned to assitoni
assitoni collected $17.64 from pot
assitoni: doesn't show hand
*** SUMMARY ***
Total pot $18 | Rake $0.36
Board [Kd Ks 8h]
Seat 3: fabricio004 (button) (small blind) folded on the Flop
Seat 4: assitoni (big blind) collected ($17.64)


PokerStars Hand #161043928963:  Hold'em Limit ($3/$6 USD) - 2016/11/07 11:14:18 ET
Table 'Werra II' 6-max Seat #3 is the button
Seat 3: fabricio004 ($76.50 in chips)
Seat 4: assitoni ($84.76 in chips)
fabricio004: posts small blind $1
assitoni: posts big blind $3
*** HOLE CARDS ***
fabricio004: raises $3 to $6
assitoni: calls $3
*** FLOP *** [Ah Qd 2d]
assitoni: checks
fabricio004: bets $3
assitoni: raises $3 to $6
fabricio004: calls $3
*** TURN *** [Ah Qd 2d] [Jc]
assitoni: checks
fabricio004: checks
*** RIVER *** [Ah Qd 2d Jc] [6h]
assitoni: bets $6
fabricio004: calls $6
*** SHOW DOWN ***
assitoni: shows [6s Qh] (two pair, Queens and Sixes)
fabricio004: mucks hand
assitoni collected $35.50 from pot
*** SUMMARY ***
Total pot $36 | Rake $0.50
Board [Ah Qd 2d Jc 6h]
Seat 3: fabricio004 (button) (small blind) mucked
Seat 4: assitoni (big blind) showed [6s Qh] and won ($35.50) with two pair, Queens and Sixes


PokerStars Hand #161044015359:  Hold'em Limit ($3/$6 USD) - 2016/11/07 11:16:17 ET
Table 'Werra II' 6-max Seat #4 is the button
Seat 3: fabricio004 ($41.64 in chips)
Seat 4: assitoni ($163.90 in chips)
assitoni: posts small blind $1
fabricio004: posts big blind $3
*** HOLE CARDS ***
assitoni: raises $3 to $6
fabricio004: calls $3
*** FLOP *** [2h Jd Ah]
fabricio004: bets $3
assitoni: raises $3 to $6
fabricio004: folds
Uncalled bet ($3) returned to assitoni
assitoni collected $17.64 from pot
assitoni: doesn't show hand
*** SUMMARY ***
Total pot $18 | Rake $0.36
Board [2h Jd Ah]
Seat 3: fabricio004 (big blind) folded on the Flop
Seat 4: assitoni (button) (small blind) collected ($17.64)


PokerStars Hand #161043982074:  Hold'em Limit ($3/$6 USD) - 2016/11/07 11:15:32 ET
Table 'Werra II' 6-max Seat #4 is the button
Seat 3: fabricio004 ($69 in chips)
Seat 4: assitoni ($137.40 in chips)
assitoni: posts small blind $1
fabricio004: posts big blind $3
*** HOLE CARDS ***
assitoni: raises $3 to $6
fabricio004: raises $3 to $9
assitoni: calls $3
*** FLOP *** [Kh 8d As]
fabricio004: bets $3
assitoni: folds
Uncalled bet ($3) returned to fabricio004
fabricio004 collected $17.64 from pot
fabricio004: doesn't show hand
*** SUMMARY ***
Total pot $18 | Rake $0.36
Board [Kh 8d As]
Seat 3: fabricio004 (big blind) collected ($17.64)
Seat 4: assitoni (button) (small blind) folded on the Flop


PokerStars Hand #161043993146:  Hold'em Limit ($3/$6 USD) - 2016/11/07 11:15:47 ET
Table 'Werra II' 6-max Seat #3 is the button
Seat 3: fabricio004 ($77.64 in chips)
Seat 4: assitoni ($128.40 in chips)
fabricio004: posts small blind $1
assitoni: posts big blind $3
*** HOLE CARDS ***
fabricio004: raises $3 to $6
assitoni: raises $3 to $9
fabricio004: raises $3 to $12
Betting is capped
assitoni: calls $3
*** FLOP *** [8c Js As]
assitoni: checks
fabricio004: checks
*** TURN *** [8c Js As] [6d]
assitoni: bets $6
fabricio004: raises $6 to $12
assitoni: raises $6 to $18
fabricio004: calls $6
*** RIVER *** [8c Js As 6d] [Td]
assitoni: bets $6
fabricio004: calls $6
*** SHOW DOWN ***
assitoni: shows [Jd Jc] (three of a kind, Jacks)
fabricio004: mucks hand
assitoni collected $71.50 from pot
*** SUMMARY ***
Total pot $72 | Rake $0.50
Board [8c Js As 6d Td]
Seat 3: fabricio004 (button) (small blind) mucked
Seat 4: assitoni (big blind) showed [Jd Jc] and won ($71.50) with three of a kind, Jacks


PokerStars Hand #161044057340:  Hold'em Limit ($3/$6 USD) - 2016/11/07 11:17:15 ET
Table 'Werra II' 6-max Seat #3 is the button
Seat 3: fabricio004 ($44.16 in chips)
Seat 4: assitoni ($160.54 in chips)
fabricio004: posts small blind $1
assitoni: posts big blind $3
*** HOLE CARDS ***
fabricio004: raises $3 to $6
assitoni: calls $3
*** FLOP *** [7c Qd 2s]
assitoni: checks
fabricio004: checks
*** TURN *** [7c Qd 2s] [Kd]
assitoni: bets $6
fabricio004: folds
Uncalled bet ($6) returned to assitoni
assitoni collected $11.76 from pot
assitoni: doesn't show hand
*** SUMMARY ***
Total pot $12 | Rake $0.24
Board [7c Qd 2s Kd]
Seat 3: fabricio004 (button) (small blind) folded on the Turn
Seat 4: assitoni (big blind) collected ($11.76)


PokerStars Hand #161044025794:  Hold'em Limit ($3/$6 USD) - 2016/11/07 11:16:32 ET
Table 'Werra II' 6-max Seat #3 is the button
Seat 3: fabricio004 ($32.64 in chips)
Seat 4: assitoni ($172.54 in chips)
fabricio004: posts small blind $1
assitoni: posts big blind $3
*** HOLE CARDS ***
fabricio004: calls $2
assitoni: checks
*** FLOP *** [9c 9d 7h]
assitoni: checks
fabricio004: checks
*** TURN *** [9c 9d 7h] [4h]
assitoni: checks
fabricio004: checks
*** RIVER *** [9c 9d 7h 4h] [7c]
assitoni: checks
fabricio004: checks
*** SHOW DOWN ***
assitoni: shows [2d 8d] (two pair, Nines and Sevens)
fabricio004: shows [Jd 8s] (two pair, Nines and Sevens - Jack kicker)
fabricio004 collected $5.88 from pot
*** SUMMARY ***
Total pot $6 | Rake $0.12
Board [9c 9d 7h 4h 7c]
Seat 3: fabricio004 (button) (small blind) showed [Jd 8s] and won ($5.88) with two pair, Nines and Sevens
Seat 4: assitoni (big blind) showed [2d 8d] and lost with two pair, Nines and Sevens


PokerStars Hand #161044041731:  Hold'em Limit ($3/$6 USD) - 2016/11/07 11:16:54 ET
Table 'Werra II' 6-max Seat #4 is the button
Seat 3: fabricio004 ($35.52 in chips)
Seat 4: assitoni ($169.54 in chips)
assitoni: posts small blind $1
fabricio004: posts big blind $3
*** HOLE CARDS ***
assitoni: raises $3 to $6
fabricio004: calls $3
*** FLOP *** [Kh 3h Kc]
fabricio004: checks
assitoni: bets $3
fabricio004: calls $3
*** TURN *** [Kh 3h Kc] [9h]
fabricio004: checks
assitoni: checks
*** RIVER *** [Kh 3h Kc 9h] [5d]
fabricio004: checks
assitoni: checks
*** SHOW DOWN ***
fabricio004: shows [8s Jc] (a pair of Kings)
assitoni: mucks hand
fabricio004 collected $17.64 from pot
*** SUMMARY ***
Total pot $18 | Rake $0.36
Board [Kh 3h Kc 9h 5d]
Seat 3: fabricio004 (big blind) showed [8s Jc] and won ($17.64) with a pair of Kings
Seat 4: assitoni (button) (small blind) mucked


PokerStars Hand #161044086962:  Hold'em Limit ($3/$6 USD) - 2016/11/07 11:17:57 ET
Table 'Werra II' 6-max Seat #3 is the button
Seat 3: fabricio004 ($46.80 in chips)
Seat 4: assitoni ($157.30 in chips)
fabricio004: posts small blind $1
assitoni: posts big blind $3
*** HOLE CARDS ***
fabricio004: raises $3 to $6
assitoni: folds
Uncalled bet ($3) returned to fabricio004
fabricio004 collected $6 from pot
fabricio004: doesn't show hand
*** SUMMARY ***
Total pot $6 | Rake $0
Seat 3: fabricio004 (button) (small blind) collected ($6)
Seat 4: assitoni (big blind) folded before Flop


PokerStars Hand #161044072346:  Hold'em Limit ($3/$6 USD) - 2016/11/07 11:17:36 ET
Table 'Werra II' 6-max Seat #4 is the button
Seat 3: fabricio004 ($38.16 in chips)
Seat 4: assitoni ($166.30 in chips)
assitoni: posts small blind $1
fabricio004: posts big blind $3
*** HOLE CARDS ***
assitoni: raises $3 to $6
fabricio004: calls $3
*** FLOP *** [Qh 2d 5d]
fabricio004: checks
assitoni: bets $3
fabricio004: raises $3 to $6
assitoni: folds
Uncalled bet ($3) returned to fabricio004
fabricio004 collected $17.64 from pot
fabricio004: doesn't show hand
*** SUMMARY ***
Total pot $18 | Rake $0.36
Board [Qh 2d 5d]
Seat 3: fabricio004 (big blind) collected ($17.64)
Seat 4: assitoni (button) (small blind) folded on the Flop


PokerStars Hand #161044092562:  Hold'em Limit ($3/$6 USD) - 2016/11/07 11:18:04 ET
Table 'Werra II' 6-max Seat #4 is the button
Seat 3: fabricio004 ($49.80 in chips)
Seat 4: assitoni ($154.30 in chips)
assitoni: posts small blind $1
fabricio004: posts big blind $3
*** HOLE CARDS ***
assitoni: raises $3 to $6
fabricio004: calls $3
*** FLOP *** [Tc Kc Jc]
fabricio004: bets $3
assitoni: calls $3
*** TURN *** [Tc Kc Jc] [8s]
fabricio004: bets $6
assitoni: calls $6
*** RIVER *** [Tc Kc Jc 8s] [Qh]
fabricio004: checks
assitoni: bets $6
fabricio004: calls $6
*** SHOW DOWN ***
assitoni: shows [9h Jh] (a straight, Nine to King)
fabricio004: mucks hand
assitoni collected $41.50 from pot
*** SUMMARY ***
Total pot $42 | Rake $0.50
Board [Tc Kc Jc 8s Qh]
Seat 3: fabricio004 (big blind) mucked
Seat 4: assitoni (button) (small blind) showed [9h Jh] and won ($41.50) with a straight, Nine to King


PokerStars Hand #161044122886:  Hold'em Limit ($3/$6 USD) - 2016/11/07 11:18:46 ET
Table 'Werra II' 6-max Seat #4 is the button
Seat 3: fabricio004 ($22.80 in chips)
Seat 4: assitoni ($180.56 in chips)
assitoni: posts small blind $1
fabricio004: posts big blind $3
*** HOLE CARDS ***
assitoni: raises $3 to $6
fabricio004: calls $3
*** FLOP *** [Qs Ac 6d]
fabricio004: bets $3
assitoni: raises $3 to $6
fabricio004: folds
Uncalled bet ($3) returned to assitoni
assitoni collected $17.64 from pot
assitoni: doesn't show hand
*** SUMMARY ***
Total pot $18 | Rake $0.36
Board [Qs Ac 6d]
Seat 3: fabricio004 (big blind) folded on the Flop
Seat 4: assitoni (button) (small blind) collected ($17.64)


PokerStars Hand #161044111895:  Hold'em Limit ($3/$6 USD) - 2016/11/07 11:18:31 ET
Table 'Werra II' 6-max Seat #3 is the button
Seat 3: fabricio004 ($28.80 in chips)
Seat 4: assitoni ($174.80 in chips)
fabricio004: posts small blind $1
assitoni: posts big blind $3
*** HOLE CARDS ***
fabricio004: raises $3 to $6
assitoni: calls $3
*** FLOP *** [Kc Qc Js]
assitoni: checks
fabricio004: checks
*** TURN *** [Kc Qc Js] [7s]
assitoni: bets $6
fabricio004: folds
Uncalled bet ($6) returned to assitoni
assitoni collected $11.76 from pot
assitoni: doesn't show hand
*** SUMMARY ***
Total pot $12 | Rake $0.24
Board [Kc Qc Js 7s]
Seat 3: fabricio004 (button) (small blind) folded on the Turn
Seat 4: assitoni (big blind) collected ($11.76)


PokerStars Hand #161044138518:  Hold'em Limit ($3/$6 USD) - 2016/11/07 11:19:07 ET
Table 'Werra II' 6-max Seat #4 is the button
Seat 3: fabricio004 ($12.80 in chips)
Seat 4: assitoni ($190.20 in chips)
assitoni: posts small blind $1
fabricio004: posts big blind $3
*** HOLE CARDS ***
assitoni: folds
Uncalled bet ($2) returned to fabricio004
fabricio004 collected $2 from pot
fabricio004: doesn't show hand
*** SUMMARY ***
Total pot $2 | Rake $0
Seat 3: fabricio004 (big blind) collected ($2)
Seat 4: assitoni (button) (small blind) folded before Flop


PokerStars Hand #161044134439:  Hold'em Limit ($3/$6 USD) - 2016/11/07 11:19:02 ET
Table 'Werra II' 6-max Seat #3 is the button
Seat 3: fabricio004 ($13.80 in chips)
Seat 4: assitoni ($189.20 in chips)
fabricio004: posts small blind $1
assitoni: posts big blind $3
*** HOLE CARDS ***
fabricio004: folds
Uncalled bet ($2) returned to assitoni
assitoni collected $2 from pot
assitoni: doesn't show hand
*** SUMMARY ***
Total pot $2 | Rake $0
Seat 3: fabricio004 (button) (small blind) folded before Flop
Seat 4: assitoni (big blind) collected ($2)


PokerStars Hand #161044142606:  Hold'em Limit ($3/$6 USD) - 2016/11/07 11:19:13 ET
Table 'Werra II' 6-max Seat #3 is the button
Seat 3: fabricio004 ($13.80 in chips)
Seat 4: assitoni ($189.20 in chips)
fabricio004: posts small blind $1
assitoni: posts big blind $3
*** HOLE CARDS ***
fabricio004: raises $3 to $6
assitoni: calls $3
*** FLOP *** [Qd 5d Kh]
assitoni: checks
fabricio004: checks
*** TURN *** [Qd 5d Kh] [6s]
assitoni: bets $6
fabricio004: raises $1.80 to $7.80 and is all-in
assitoni: calls $1.80
*** RIVER *** [Qd 5d Kh 6s] [7d]
*** SHOW DOWN ***
assitoni: shows [4d Kc] (a pair of Kings)
fabricio004: shows [8d Ac] (high card Ace)
assitoni collected $27.10 from pot
*** SUMMARY ***
Total pot $27.60 | Rake $0.50
Board [Qd 5d Kh 6s 7d]
Seat 3: fabricio004 (button) (small blind) showed [8d Ac] and lost with high card Ace
Seat 4: assitoni (big blind) showed [4d Kc] and won ($27.10) with a pair of Kings


