PokerStars Hand #175537084173:  Hold'em Limit ($3/$6 USD) - 2017/09/12 3:57:59 ET
Table 'Wesselink' 6-max Seat #4 is the button
Seat 4: Agrotait ($66 in chips)
Seat 5: mytuter ($60 in chips)
Agrotait: posts small blind $1
mytuter: posts big blind $3
*** HOLE CARDS ***
Agrotait: folds
Uncalled bet ($2) returned to mytuter
mytuter collected $2 from pot
mytuter: doesn't show hand
*** SUMMARY ***
Total pot $2 | Rake $0
Seat 4: Agrotait (button) (small blind) folded before Flop
Seat 5: mytuter (big blind) collected ($2)


PokerStars Hand #175537089126:  Hold'em Limit ($3/$6 USD) - 2017/09/12 3:58:19 ET
Table 'Wesselink' 6-max Seat #4 is the button
Seat 4: Agrotait ($59 in chips)
Seat 5: mytuter ($66.76 in chips)
Agrotait: posts small blind $1
mytuter: posts big blind $3
*** HOLE CARDS ***
Agrotait: raises $3 to $6
mytuter: calls $3
*** FLOP *** [3h 9c Td]
mytuter: checks
Agrotait: bets $3
mytuter: raises $3 to $6
Agrotait: calls $3
*** TURN *** [3h 9c Td] [2s]
mytuter: bets $6
Agrotait: calls $6
*** RIVER *** [3h 9c Td 2s] [2d]
mytuter: bets $6
Agrotait: folds
Uncalled bet ($6) returned to mytuter
mytuter collected $35.50 from pot
mytuter: doesn't show hand
*** SUMMARY ***
Total pot $36 | Rake $0.50
Board [3h 9c Td 2s 2d]
Seat 4: Agrotait (button) (small blind) folded on the River
Seat 5: mytuter (big blind) collected ($35.50)


PokerStars Hand #175537086047:  Hold'em Limit ($3/$6 USD) - 2017/09/12 3:58:07 ET
Table 'Wesselink' 6-max Seat #5 is the button
Seat 4: Agrotait ($65 in chips)
Seat 5: mytuter ($61 in chips)
mytuter: posts small blind $1
Agrotait: posts big blind $3
*** HOLE CARDS ***
mytuter: raises $3 to $6
Agrotait: calls $3
*** FLOP *** [As 6h 5d]
Agrotait: checks
mytuter: bets $3
Agrotait: folds
Uncalled bet ($3) returned to mytuter
mytuter collected $11.76 from pot
mytuter: doesn't show hand
*** SUMMARY ***
Total pot $12 | Rake $0.24
Board [As 6h 5d]
Seat 4: Agrotait (big blind) folded on the Flop
Seat 5: mytuter (button) (small blind) collected ($11.76)


PokerStars Hand #175537104347:  Hold'em Limit ($3/$6 USD) - 2017/09/12 3:59:20 ET
Table 'Wesselink' 6-max Seat #5 is the button
Seat 4: Agrotait ($54 in chips)
Seat 5: mytuter ($119.28 in chips)
mytuter: posts small blind $1
Agrotait: posts big blind $3
*** HOLE CARDS ***
mytuter: raises $3 to $6
Agrotait: folds
Uncalled bet ($3) returned to mytuter
mytuter collected $6 from pot
mytuter: doesn't show hand
*** SUMMARY ***
Total pot $6 | Rake $0
Seat 4: Agrotait (big blind) folded before Flop
Seat 5: mytuter (button) (small blind) collected ($6)


PokerStars Hand #175537099642:  Hold'em Limit ($3/$6 USD) - 2017/09/12 3:59:02 ET
Table 'Wesselink' 6-max Seat #4 is the button
Seat 4: Agrotait ($66 in chips)
Seat 5: mytuter ($107.76 in chips)
Agrotait: posts small blind $1
mytuter: posts big blind $3
*** HOLE CARDS ***
Agrotait: raises $3 to $6
mytuter: calls $3
*** FLOP *** [5d 9h 4h]
mytuter: checks
Agrotait: checks
*** TURN *** [5d 9h 4h] [Td]
mytuter: bets $6
Agrotait: calls $6
*** RIVER *** [5d 9h 4h Td] [Ah]
mytuter: checks
Agrotait: checks
*** SHOW DOWN ***
mytuter: shows [4d Ks] (a pair of Fours)
Agrotait: mucks hand
mytuter collected $23.52 from pot
*** SUMMARY ***
Total pot $24 | Rake $0.48
Board [5d 9h 4h Td Ah]
Seat 4: Agrotait (button) (small blind) mucked
Seat 5: mytuter (big blind) showed [4d Ks] and won ($23.52) with a pair of Fours


PokerStars Hand #175537107002:  Hold'em Limit ($3/$6 USD) - 2017/09/12 3:59:31 ET
Table 'Wesselink' 6-max Seat #4 is the button
Seat 4: Agrotait ($51 in chips)
Seat 5: mytuter ($122.28 in chips)
Agrotait: posts small blind $1
mytuter: posts big blind $3
*** HOLE CARDS ***
Agrotait: folds
Uncalled bet ($2) returned to mytuter
mytuter collected $2 from pot
mytuter: doesn't show hand
*** SUMMARY ***
Total pot $2 | Rake $0
Seat 4: Agrotait (button) (small blind) folded before Flop
Seat 5: mytuter (big blind) collected ($2)


PokerStars Hand #175537122214:  Hold'em Limit ($3/$6 USD) - 2017/09/12 4:00:31 ET
Table 'Wesselink' 6-max Seat #4 is the button
Seat 4: Agrotait ($43 in chips)
Seat 5: mytuter ($169.28 in chips)
Agrotait: posts small blind $1
mytuter: posts big blind $3
*** HOLE CARDS ***
Agrotait: raises $3 to $6
mytuter: calls $3
*** FLOP *** [3s Kc As]
mytuter: checks
Agrotait: bets $3
mytuter: folds
Uncalled bet ($3) returned to Agrotait
Agrotait collected $11.76 from pot
Agrotait: doesn't show hand
*** SUMMARY ***
Total pot $12 | Rake $0.24
Board [3s Kc As]
Seat 4: Agrotait (button) (small blind) collected ($11.76)
Seat 5: mytuter (big blind) folded on the Flop


PokerStars Hand #175537120500:  Hold'em Limit ($3/$6 USD) - 2017/09/12 4:00:24 ET
Table 'Wesselink' 6-max Seat #5 is the button
Seat 4: Agrotait ($42 in chips)
Seat 5: mytuter ($170.28 in chips)
mytuter: posts small blind $1
Agrotait: posts big blind $3
*** HOLE CARDS ***
mytuter: folds
Uncalled bet ($2) returned to Agrotait
Agrotait collected $2 from pot
Agrotait: doesn't show hand
*** SUMMARY ***
Total pot $2 | Rake $0
Seat 4: Agrotait (big blind) collected ($2)
Seat 5: mytuter (button) (small blind) folded before Flop


PokerStars Hand #175537114271:  Hold'em Limit ($3/$6 USD) - 2017/09/12 4:00:00 ET
Table 'Wesselink' 6-max Seat #4 is the button
Seat 4: Agrotait ($66 in chips)
Seat 5: mytuter ($146.78 in chips)
Agrotait: posts small blind $1
mytuter: posts big blind $3
*** HOLE CARDS ***
Agrotait: raises $3 to $6
mytuter: raises $3 to $9
Agrotait: calls $3
*** FLOP *** [9d 7d 3s]
mytuter: bets $3
Agrotait: calls $3
*** TURN *** [9d 7d 3s] [Kc]
mytuter: bets $6
Agrotait: calls $6
*** RIVER *** [9d 7d 3s Kc] [3d]
mytuter: bets $6
Agrotait: calls $6
*** SHOW DOWN ***
mytuter: shows [Qs Ks] (two pair, Kings and Threes)
Agrotait: mucks hand
mytuter collected $47.50 from pot
*** SUMMARY ***
Total pot $48 | Rake $0.50
Board [9d 7d 3s Kc 3d]
Seat 4: Agrotait (button) (small blind) mucked
Seat 5: mytuter (big blind) showed [Qs Ks] and won ($47.50) with two pair, Kings and Threes


