PokerStars Hand #150151494011:  Hold'em Limit ($3/$6 USD) - 2016/03/10 16:25:24 ET
Table 'Wesson' 6-max Seat #5 is the button
Seat 1: Zubasa07 ($476 in chips)
Seat 5: nashmed99 ($177.78 in chips)
nashmed99: posts small blind $1
Zubasa07: posts big blind $3
*** HOLE CARDS ***
nashmed99: raises $3 to $6
Zubasa07: calls $3
*** FLOP *** [4c 9d 4d]
Zubasa07: checks
nashmed99: bets $3
Zubasa07: calls $3
*** TURN *** [4c 9d 4d] [5c]
Zubasa07: checks
nashmed99: checks
*** RIVER *** [4c 9d 4d 5c] [2d]
Zubasa07: bets $6
nashmed99: folds
Uncalled bet ($6) returned to Zubasa07
Zubasa07 collected $17.64 from pot
Zubasa07: doesn't show hand
*** SUMMARY ***
Total pot $18 | Rake $0.36
Board [4c 9d 4d 5c 2d]
Seat 1: Zubasa07 (big blind) collected ($17.64)
Seat 5: nashmed99 (button) (small blind) folded on the River


PokerStars Hand #150151445401:  Hold'em Limit ($3/$6 USD) - 2016/03/10 16:24:34 ET
Table 'Wesson' 6-max Seat #1 is the button
Seat 1: Zubasa07 ($500 in chips)
Seat 5: nashmed99 ($154.28 in chips)
Zubasa07: posts small blind $1
nashmed99: posts big blind $3
*** HOLE CARDS ***
Zubasa07: raises $3 to $6
nashmed99: raises $3 to $9
Zubasa07: calls $3
*** FLOP *** [2s 6h 8d]
vestimokrec joins the table at seat #6
nashmed99: bets $3
Zubasa07: calls $3
*** TURN *** [2s 6h 8d] [Ks]
nashmed99: bets $6
Zubasa07: calls $6
*** RIVER *** [2s 6h 8d Ks] [4h]
nashmed99: bets $6
Zubasa07: calls $6
*** SHOW DOWN ***
nashmed99: shows [8c Td] (a pair of Eights)
Zubasa07: mucks hand
nashmed99 collected $47.50 from pot
*** SUMMARY ***
Total pot $48 | Rake $0.50
Board [2s 6h 8d Ks 4h]
Seat 1: Zubasa07 (button) (small blind) mucked
Seat 5: nashmed99 (big blind) showed [8c Td] and won ($47.50) with a pair of Eights


PokerStars Hand #150151524161:  Hold'em Limit ($3/$6 USD) - 2016/03/10 16:25:55 ET
Table 'Wesson' 6-max Seat #1 is the button
Seat 1: Zubasa07 ($484.64 in chips)
Seat 6: vestimokrec ($120 in chips)
Zubasa07: posts small blind $1
vestimokrec: posts big blind $3
*** HOLE CARDS ***
nashmed99 leaves the table
Zubasa07: raises $3 to $6
vestimokrec: calls $3
*** FLOP *** [3s 9s 7h]
vestimokrec: checks
Zubasa07: checks
*** TURN *** [3s 9s 7h] [5h]
vestimokrec: bets $6
Zubasa07: calls $6
*** RIVER *** [3s 9s 7h 5h] [6h]
vestimokrec: bets $6
Zubasa07: calls $6
*** SHOW DOWN ***
vestimokrec: shows [4h 8s] (a straight, Five to Nine)
Zubasa07: mucks hand
vestimokrec collected $35.50 from pot
*** SUMMARY ***
Total pot $36 | Rake $0.50
Board [3s 9s 7h 5h 6h]
Seat 1: Zubasa07 (button) (small blind) mucked
Seat 6: vestimokrec (big blind) showed [4h 8s] and won ($35.50) with a straight, Five to Nine


PokerStars Hand #150153576854:  Hold'em Limit ($3/$6 USD) - 2016/03/10 17:02:58 ET
Table 'Wesson' 6-max Seat #1 is the button
Seat 1: Zubasa07 ($493.90 in chips)
Seat 2: DrAter65 ($15 in chips)
Zubasa07: posts small blind $1
DrAter65: posts big blind $3
*** HOLE CARDS ***
Zubasa07: folds
Uncalled bet ($2) returned to DrAter65
DrAter65 collected $2 from pot
DrAter65: doesn't show hand
*** SUMMARY ***
Total pot $2 | Rake $0
Seat 1: Zubasa07 (button) (small blind) folded before Flop
Seat 2: DrAter65 (big blind) collected ($2)


PokerStars Hand #150153570519:  Hold'em Limit ($3/$6 USD) - 2016/03/10 17:02:51 ET
Table 'Wesson' 6-max Seat #2 is the button
Seat 1: Zubasa07 ($492.90 in chips)
Seat 2: DrAter65 ($16 in chips)
DrAter65: posts small blind $1
Zubasa07: posts big blind $3
*** HOLE CARDS ***
DrAter65: folds
Uncalled bet ($2) returned to Zubasa07
Zubasa07 collected $2 from pot
Zubasa07: doesn't show hand
*** SUMMARY ***
Total pot $2 | Rake $0
Seat 1: Zubasa07 (big blind) collected ($2)
Seat 2: DrAter65 (button) (small blind) folded before Flop


PokerStars Hand #150153563502:  Hold'em Limit ($3/$6 USD) - 2016/03/10 17:02:44 ET
Table 'Wesson' 6-max Seat #1 is the button
Seat 1: Zubasa07 ($489.90 in chips)
Seat 2: DrAter65 ($19 in chips)
Zubasa07: posts small blind $1
DrAter65: posts big blind $3
*** HOLE CARDS ***
Zubasa07: raises $3 to $6
DrAter65: folds
Uncalled bet ($3) returned to Zubasa07
Zubasa07 collected $6 from pot
*** SUMMARY ***
Total pot $6 | Rake $0
Seat 1: Zubasa07 (button) (small blind) collected ($6)
Seat 2: DrAter65 (big blind) folded before Flop


PokerStars Hand #150153525169:  Hold'em Limit ($3/$6 USD) - 2016/03/10 17:02:02 ET
Table 'Wesson' 6-max Seat #2 is the button
Seat 1: Zubasa07 ($472.40 in chips)
Seat 2: DrAter65 ($37 in chips)
DrAter65: posts small blind $1
Zubasa07: posts big blind $3
*** HOLE CARDS ***
DrAter65: raises $3 to $6
Zubasa07: raises $3 to $9
DrAter65: calls $3
*** FLOP *** [9d 4s 5d]
Zubasa07: bets $3
DrAter65: calls $3
*** TURN *** [9d 4s 5d] [4h]
Zubasa07: bets $6
DrAter65: calls $6
*** RIVER *** [9d 4s 5d 4h] [Td]
Zubasa07: bets $6
DrAter65: folds
Uncalled bet ($6) returned to Zubasa07
Zubasa07 collected $35.50 from pot
Zubasa07: doesn't show hand
*** SUMMARY ***
Total pot $36 | Rake $0.50
Board [9d 4s 5d 4h Td]
Seat 1: Zubasa07 (big blind) collected ($35.50)
Seat 2: DrAter65 (button) (small blind) folded on the River


PokerStars Hand #150153612601:  Hold'em Limit ($3/$6 USD) - 2016/03/10 17:03:37 ET
Table 'Wesson' 6-max Seat #1 is the button
Seat 1: Zubasa07 ($476.90 in chips)
Seat 2: DrAter65 ($31.50 in chips)
Zubasa07: posts small blind $1
DrAter65: posts big blind $3
*** HOLE CARDS ***
Zubasa07: raises $3 to $6
DrAter65: folds
Uncalled bet ($3) returned to Zubasa07
Zubasa07 collected $6 from pot
Zubasa07: doesn't show hand
*** SUMMARY ***
Total pot $6 | Rake $0
Seat 1: Zubasa07 (button) (small blind) collected ($6)
Seat 2: DrAter65 (big blind) folded before Flop


PokerStars Hand #150153582930:  Hold'em Limit ($3/$6 USD) - 2016/03/10 17:03:05 ET
Table 'Wesson' 6-max Seat #2 is the button
Seat 1: Zubasa07 ($492.90 in chips)
Seat 2: DrAter65 ($16 in chips)
DrAter65: posts small blind $1
Zubasa07: posts big blind $3
*** HOLE CARDS ***
DrAter65: raises $3 to $6
Zubasa07: raises $3 to $9
DrAter65: calls $3
*** FLOP *** [7d 2d 6d]
Zubasa07: bets $3
DrAter65: raises $3 to $6
Zubasa07: raises $3 to $9
DrAter65: calls $1 and is all-in
Uncalled bet ($2) returned to Zubasa07
*** TURN *** [7d 2d 6d] [4s]
*** RIVER *** [7d 2d 6d 4s] [Jh]
*** SHOW DOWN ***
Zubasa07: shows [Ac 9s] (high card Ace)
DrAter65: shows [Js 6s] (two pair, Jacks and Sixes)
DrAter65 collected $31.50 from pot
*** SUMMARY ***
Total pot $32 | Rake $0.50
Board [7d 2d 6d 4s Jh]
Seat 1: Zubasa07 (big blind) showed [Ac 9s] and lost with high card Ace
Seat 2: DrAter65 (button) (small blind) showed [Js 6s] and won ($31.50) with two pair, Jacks and Sixes


PokerStars Hand #150153619471:  Hold'em Limit ($3/$6 USD) - 2016/03/10 17:03:44 ET
Table 'Wesson' 6-max Seat #2 is the button
Seat 1: Zubasa07 ($479.90 in chips)
Seat 2: DrAter65 ($28.50 in chips)
DrAter65: posts small blind $1
Zubasa07: posts big blind $3
*** HOLE CARDS ***
DrAter65: raises $3 to $6
Zubasa07: calls $3
*** FLOP *** [Js 8d Jd]
Zubasa07: checks
DrAter65: bets $3
Zubasa07: raises $3 to $6
DrAter65: raises $3 to $9
Zubasa07: raises $3 to $12
Betting is capped
DrAter65: calls $3
*** TURN *** [Js 8d Jd] [4h]
Zubasa07: bets $6
DrAter65: raises $4.50 to $10.50 and is all-in
Zubasa07: calls $4.50
*** RIVER *** [Js 8d Jd 4h] [Kh]
*** SHOW DOWN ***
Zubasa07: shows [9c Jh] (three of a kind, Jacks)
DrAter65: shows [As 8s] (two pair, Jacks and Eights)
Zubasa07 collected $56.50 from pot
*** SUMMARY ***
Total pot $57 | Rake $0.50
Board [Js 8d Jd 4h Kh]
Seat 1: Zubasa07 (big blind) showed [9c Jh] and won ($56.50) with three of a kind, Jacks
Seat 2: DrAter65 (button) (small blind) showed [As 8s] and lost with two pair, Jacks and Eights


PokerStars Hand #150156291033:  Hold'em Limit ($3/$6 USD) - 2016/03/10 17:51:40 ET
Table 'Wesson' 6-max Seat #4 is the button
Seat 3: Zubasa07 ($514.50 in chips)
Seat 4: hairy1961 ($32.21 in chips)
hairy1961: posts small blind $1
Zubasa07: posts big blind $3
*** HOLE CARDS ***
hairy1961: folds
Uncalled bet ($2) returned to Zubasa07
Zubasa07 collected $2 from pot
Zubasa07: doesn't show hand
*** SUMMARY ***
Total pot $2 | Rake $0
Seat 3: Zubasa07 (big blind) collected ($2)
Seat 4: hairy1961 (button) (small blind) folded before Flop


PokerStars Hand #150156295627:  Hold'em Limit ($3/$6 USD) - 2016/03/10 17:51:45 ET
Table 'Wesson' 6-max Seat #3 is the button
Seat 3: Zubasa07 ($515.50 in chips)
Seat 4: hairy1961 ($31.21 in chips)
Zubasa07: posts small blind $1
hairy1961: posts big blind $3
*** HOLE CARDS ***
Zubasa07: folds
Uncalled bet ($2) returned to hairy1961
hairy1961 collected $2 from pot
hairy1961: doesn't show hand
*** SUMMARY ***
Total pot $2 | Rake $0
Seat 3: Zubasa07 (button) (small blind) folded before Flop
Seat 4: hairy1961 (big blind) collected ($2)


PokerStars Hand #150156304215:  Hold'em Limit ($3/$6 USD) - 2016/03/10 17:51:55 ET
Table 'Wesson' 6-max Seat #3 is the button
Seat 3: Zubasa07 ($515.50 in chips)
Seat 4: hairy1961 ($31.21 in chips)
Zubasa07: posts small blind $1
hairy1961: posts big blind $3
*** HOLE CARDS ***
Zubasa07: raises $3 to $6
hairy1961: raises $3 to $9
Zubasa07: calls $3
*** FLOP *** [Qc As 8s]
hairy1961: bets $3
Zubasa07: calls $3
*** TURN *** [Qc As 8s] [Jh]
hairy1961: bets $6
Zubasa07: raises $6 to $12
hairy1961: raises $6 to $18
Zubasa07: raises $6 to $24
Betting is capped
hairy1961: calls $1.21 and is all-in
Uncalled bet ($4.79) returned to Zubasa07
*** RIVER *** [Qc As 8s Jh] [Jc]
*** SHOW DOWN ***
hairy1961: shows [Kc Th] (a straight, Ten to Ace)
Zubasa07: shows [Tc Kd] (a straight, Ten to Ace)
hairy1961 collected $30.96 from pot
Zubasa07 collected $30.96 from pot
*** SUMMARY ***
Total pot $62.42 | Rake $0.50
Board [Qc As 8s Jh Jc]
Seat 3: Zubasa07 (button) (small blind) showed [Tc Kd] and won ($30.96) with a straight, Ten to Ace
Seat 4: hairy1961 (big blind) showed [Kc Th] and won ($30.96) with a straight, Ten to Ace


PokerStars Hand #150156299607:  Hold'em Limit ($3/$6 USD) - 2016/03/10 17:51:50 ET
Table 'Wesson' 6-max Seat #4 is the button
Seat 3: Zubasa07 ($514.50 in chips)
Seat 4: hairy1961 ($32.21 in chips)
hairy1961: posts small blind $1
Zubasa07: posts big blind $3
*** HOLE CARDS ***
hairy1961: folds
Uncalled bet ($2) returned to Zubasa07
Zubasa07 collected $2 from pot
Zubasa07: doesn't show hand
*** SUMMARY ***
Total pot $2 | Rake $0
Seat 3: Zubasa07 (big blind) collected ($2)
Seat 4: hairy1961 (button) (small blind) folded before Flop


PokerStars Hand #150156328891:  Hold'em Limit ($3/$6 USD) - 2016/03/10 17:52:25 ET
Table 'Wesson' 6-max Seat #4 is the button
Seat 3: Zubasa07 ($515.25 in chips)
Seat 4: hairy1961 ($30.96 in chips)
hairy1961: posts small blind $1
Zubasa07: posts big blind $3
*** HOLE CARDS ***
hairy1961: raises $3 to $6
Zubasa07: calls $3
*** FLOP *** [6h 2d Qh]
Zubasa07: checks
hairy1961: bets $3
Zubasa07: folds
Uncalled bet ($3) returned to hairy1961
hairy1961 collected $11.76 from pot
hairy1961: doesn't show hand
*** SUMMARY ***
Total pot $12 | Rake $0.24
Board [6h 2d Qh]
Seat 3: Zubasa07 (big blind) folded on the Flop
Seat 4: hairy1961 (button) (small blind) collected ($11.76)


PokerStars Hand #150156342204:  Hold'em Limit ($3/$6 USD) - 2016/03/10 17:52:41 ET
Table 'Wesson' 6-max Seat #3 is the button
Seat 3: Zubasa07 ($509.25 in chips)
Seat 4: hairy1961 ($36.72 in chips)
Zubasa07: posts small blind $1
hairy1961: posts big blind $3
*** HOLE CARDS ***
Zubasa07: folds
Uncalled bet ($2) returned to hairy1961
hairy1961 collected $2 from pot
hairy1961: doesn't show hand
*** SUMMARY ***
Total pot $2 | Rake $0
Seat 3: Zubasa07 (button) (small blind) folded before Flop
Seat 4: hairy1961 (big blind) collected ($2)


PokerStars Hand #150156361273:  Hold'em Limit ($3/$6 USD) - 2016/03/10 17:53:03 ET
Table 'Wesson' 6-max Seat #4 is the button
Seat 3: Zubasa07 ($508.25 in chips)
Seat 4: hairy1961 ($37.72 in chips)
hairy1961: posts small blind $1
Zubasa07: posts big blind $3
*** HOLE CARDS ***
hairy1961: raises $3 to $6
Zubasa07: folds
Uncalled bet ($3) returned to hairy1961
hairy1961 collected $6 from pot
hairy1961: doesn't show hand
*** SUMMARY ***
Total pot $6 | Rake $0
Seat 3: Zubasa07 (big blind) folded before Flop
Seat 4: hairy1961 (button) (small blind) collected ($6)


PokerStars Hand #150156354737:  Hold'em Limit ($3/$6 USD) - 2016/03/10 17:52:56 ET
Table 'Wesson' 6-max Seat #3 is the button
Seat 3: Zubasa07 ($505.25 in chips)
Seat 4: hairy1961 ($40.72 in chips)
Zubasa07: posts small blind $1
hairy1961: posts big blind $3
*** HOLE CARDS ***
Zubasa07: raises $3 to $6
hairy1961: folds
Uncalled bet ($3) returned to Zubasa07
Zubasa07 collected $6 from pot
Zubasa07: doesn't show hand
*** SUMMARY ***
Total pot $6 | Rake $0
Seat 3: Zubasa07 (button) (small blind) collected ($6)
Seat 4: hairy1961 (big blind) folded before Flop


PokerStars Hand #150156347931:  Hold'em Limit ($3/$6 USD) - 2016/03/10 17:52:47 ET
Table 'Wesson' 6-max Seat #4 is the button
Seat 3: Zubasa07 ($508.25 in chips)
Seat 4: hairy1961 ($37.72 in chips)
hairy1961: posts small blind $1
Zubasa07: posts big blind $3
*** HOLE CARDS ***
hairy1961: raises $3 to $6
Zubasa07: folds
Uncalled bet ($3) returned to hairy1961
hairy1961 collected $6 from pot
hairy1961: doesn't show hand
*** SUMMARY ***
Total pot $6 | Rake $0
Seat 3: Zubasa07 (big blind) folded before Flop
Seat 4: hairy1961 (button) (small blind) collected ($6)


PokerStars Hand #150156417245:  Hold'em Limit ($3/$6 USD) - 2016/03/10 17:54:11 ET
Table 'Wesson' 6-max Seat #3 is the button
Seat 3: Zubasa07 ($524.03 in chips)
Seat 4: hairy1961 ($21.01 in chips)
Zubasa07: posts small blind $1
hairy1961: posts big blind $3
*** HOLE CARDS ***
Zubasa07: raises $3 to $6
hairy1961: calls $3
*** FLOP *** [3s 4c Ac]
hairy1961: bets $3
Zubasa07: calls $3
*** TURN *** [3s 4c Ac] [6d]
hairy1961: bets $6
Zubasa07: raises $6 to $12
hairy1961: folds
Uncalled bet ($6) returned to Zubasa07
Zubasa07 collected $29.50 from pot
Zubasa07: doesn't show hand
*** SUMMARY ***
Total pot $30 | Rake $0.50
Board [3s 4c Ac 6d]
Seat 3: Zubasa07 (button) (small blind) collected ($29.50)
Seat 4: hairy1961 (big blind) folded on the Turn


PokerStars Hand #150156368198:  Hold'em Limit ($3/$6 USD) - 2016/03/10 17:53:12 ET
Table 'Wesson' 6-max Seat #3 is the button
Seat 3: Zubasa07 ($505.25 in chips)
Seat 4: hairy1961 ($40.72 in chips)
Zubasa07: posts small blind $1
hairy1961: posts big blind $3
*** HOLE CARDS ***
Zubasa07: raises $3 to $6
hairy1961: raises $3 to $9
Zubasa07: calls $3
*** FLOP *** [5h 3s Kd]
hairy1961: bets $3
Zubasa07: calls $3
*** TURN *** [5h 3s Kd] [2h]
hairy1961: bets $6
Zubasa07: raises $6 to $12
hairy1961: calls $6
*** RIVER *** [5h 3s Kd 2h] [8h]
hairy1961: checks
Zubasa07: bets $6
hairy1961: calls $6
*** SHOW DOWN ***
Zubasa07: shows [Qh Kh] (a flush, King high)
hairy1961: mucks hand
Zubasa07 collected $59.50 from pot
*** SUMMARY ***
Total pot $60 | Rake $0.50
Board [5h 3s Kd 2h 8h]
Seat 3: Zubasa07 (button) (small blind) showed [Qh Kh] and won ($59.50) with a flush, King high
Seat 4: hairy1961 (big blind) mucked


PokerStars Hand #150156401962:  Hold'em Limit ($3/$6 USD) - 2016/03/10 17:53:53 ET
Table 'Wesson' 6-max Seat #4 is the button
Seat 3: Zubasa07 ($534.75 in chips)
Seat 4: hairy1961 ($10.72 in chips)
hairy1961: posts small blind $1
Zubasa07: posts big blind $3
*** HOLE CARDS ***
hairy1961: raises $3 to $6
Zubasa07: calls $3
*** FLOP *** [6h Jc 7h]
Zubasa07: bets $3
hairy1961: raises $1.72 to $4.72 and is all-in
Zubasa07: calls $1.72
*** TURN *** [6h Jc 7h] [Qs]
*** RIVER *** [6h Jc 7h Qs] [3c]
*** SHOW DOWN ***
Zubasa07: shows [5s 9d] (high card Queen)
hairy1961: shows [Ad As] (a pair of Aces)
hairy1961 collected $21.01 from pot
*** SUMMARY ***
Total pot $21.44 | Rake $0.43
Board [6h Jc 7h Qs 3c]
Seat 3: Zubasa07 (big blind) showed [5s 9d] and lost with high card Queen
Seat 4: hairy1961 (button) (small blind) showed [Ad As] and won ($21.01) with a pair of Aces


PokerStars Hand #150156450502:  Hold'em Limit ($3/$6 USD) - 2016/03/10 17:54:51 ET
Table 'Wesson' 6-max Seat #3 is the button
Seat 3: Zubasa07 ($532.52 in chips)
Seat 4: hairy1961 ($11.78 in chips)
Zubasa07: posts small blind $1
hairy1961: posts big blind $3
*** HOLE CARDS ***
Zubasa07: raises $3 to $6
hairy1961: calls $3
*** FLOP *** [2d Th Qs]
hairy1961: checks
Zubasa07: bets $3
hairy1961: folds
Uncalled bet ($3) returned to Zubasa07
Zubasa07 collected $11.76 from pot
Zubasa07: doesn't show hand
*** SUMMARY ***
Total pot $12 | Rake $0.24
Board [2d Th Qs]
Seat 3: Zubasa07 (button) (small blind) collected ($11.76)
Seat 4: hairy1961 (big blind) folded on the Flop


PokerStars Hand #150156437184:  Hold'em Limit ($3/$6 USD) - 2016/03/10 17:54:35 ET
Table 'Wesson' 6-max Seat #4 is the button
Seat 3: Zubasa07 ($538.53 in chips)
Seat 4: hairy1961 ($6.01 in chips)
hairy1961: posts small blind $1
Zubasa07: posts big blind $3
*** HOLE CARDS ***
hairy1961: raises $3 to $6
Zubasa07: calls $3
*** FLOP *** [Jc Qh Kc]
Zubasa07: bets $3
hairy1961: calls $0.01 and is all-in
Uncalled bet ($2.99) returned to Zubasa07
*** TURN *** [Jc Qh Kc] [Ts]
*** RIVER *** [Jc Qh Kc Ts] [Jd]
*** SHOW DOWN ***
Zubasa07: shows [8s 6c] (a pair of Jacks)
hairy1961: shows [Qd 8d] (two pair, Queens and Jacks)
hairy1961 collected $11.78 from pot
*** SUMMARY ***
Total pot $12.02 | Rake $0.24
Board [Jc Qh Kc Ts Jd]
Seat 3: Zubasa07 (big blind) showed [8s 6c] and lost with a pair of Jacks
Seat 4: hairy1961 (button) (small blind) showed [Qd 8d] and won ($11.78) with two pair, Queens and Jacks


PokerStars Hand #150157539087:  Hold'em Limit ($3/$6 USD) - 2016/03/10 18:17:50 ET
Table 'Wesson' 6-max Seat #3 is the button
Seat 2: seurtje ($24.18 in chips)
Seat 3: vestimokrec ($152.61 in chips)
vestimokrec: posts small blind $1
Zubasa07: is sitting out
seurtje: posts big blind $3
*** HOLE CARDS ***
vestimokrec: raises $3 to $6
seurtje: calls $3
*** FLOP *** [Ks 5d 4c]
seurtje: bets $3
vestimokrec: calls $3
*** TURN *** [Ks 5d 4c] [5s]
seurtje: bets $6
vestimokrec: folds
Uncalled bet ($6) returned to seurtje
seurtje collected $17.64 from pot
seurtje: doesn't show hand
*** SUMMARY ***
Total pot $18 | Rake $0.36
Board [Ks 5d 4c 5s]
Seat 2: seurtje (big blind) collected ($17.64)
Seat 3: vestimokrec (button) (small blind) folded on the Turn


PokerStars Hand #150157553948:  Hold'em Limit ($3/$6 USD) - 2016/03/10 18:18:07 ET
Table 'Wesson' 6-max Seat #2 is the button
Seat 2: seurtje ($32.82 in chips)
Seat 3: vestimokrec ($143.61 in chips)
Zubasa07 leaves the table
seurtje: posts small blind $1
vestimokrec: posts big blind $3
*** HOLE CARDS ***
seurtje: raises $3 to $6
vestimokrec: calls $3
*** FLOP *** [4d 2c Qd]
vestimokrec: checks
seurtje: bets $3
vestimokrec: folds
Uncalled bet ($3) returned to seurtje
seurtje collected $11.76 from pot
seurtje: doesn't show hand
*** SUMMARY ***
Total pot $12 | Rake $0.24
Board [4d 2c Qd]
Seat 2: seurtje (button) (small blind) collected ($11.76)
Seat 3: vestimokrec (big blind) folded on the Flop


PokerStars Hand #150157563620:  Hold'em Limit ($3/$6 USD) - 2016/03/10 18:18:18 ET
Table 'Wesson' 6-max Seat #3 is the button
Seat 2: seurtje ($38.58 in chips)
Seat 3: vestimokrec ($137.61 in chips)
vestimokrec: posts small blind $1
seurtje: posts big blind $3
*** HOLE CARDS ***
vestimokrec: raises $3 to $6
seurtje: calls $3
*** FLOP *** [Kc Ts 2h]
seurtje: checks
vestimokrec: bets $3
seurtje: calls $3
*** TURN *** [Kc Ts 2h] [Th]
seurtje: bets $6
vestimokrec: raises $6 to $12
seurtje: calls $6
*** RIVER *** [Kc Ts 2h Th] [Qd]
seurtje: bets $6
vestimokrec: raises $6 to $12
seurtje: calls $6
*** SHOW DOWN ***
vestimokrec: shows [Kd Kh] (a full house, Kings full of Tens)
seurtje: mucks hand
vestimokrec collected $65.50 from pot
*** SUMMARY ***
Total pot $66 | Rake $0.50
Board [Kc Ts 2h Th Qd]
Seat 2: seurtje (big blind) mucked
Seat 3: vestimokrec (button) (small blind) showed [Kd Kh] and won ($65.50) with a full house, Kings full of Tens


