PokerStars Hand #172978553457:  Hold'em Limit ($3/$6 USD) - 2017/07/13 11:06:17 ET
Table 'Wesselink' 6-max Seat #3 is the button
Seat 3: Rusl@n ($113.16 in chips)
Seat 4: sim5sim5 ($72 in chips)
Rusl@n: posts small blind $1
sim5sim5: posts big blind $3
*** HOLE CARDS ***
Rusl@n: raises $3 to $6
sim5sim5: calls $3
*** FLOP *** [4d 6d Kd]
sim5sim5: checks
Rusl@n: bets $3
sim5sim5: raises $3 to $6
Rusl@n: calls $3
*** TURN *** [4d 6d Kd] [Ah]
sim5sim5: checks
Rusl@n: bets $6
sim5sim5: calls $6
*** RIVER *** [4d 6d Kd Ah] [8c]
sim5sim5: checks
Rusl@n: bets $6
sim5sim5: calls $6
*** SHOW DOWN ***
Rusl@n: shows [4c 4h] (three of a kind, Fours)
sim5sim5: mucks hand
Rusl@n collected $47.50 from pot
*** SUMMARY ***
Total pot $48 | Rake $0.50
Board [4d 6d Kd Ah 8c]
Seat 3: Rusl@n (button) (small blind) showed [4c 4h] and won ($47.50) with three of a kind, Fours
Seat 4: sim5sim5 (big blind) mucked


PokerStars Hand #172978610043:  Hold'em Limit ($3/$6 USD) - 2017/07/13 11:08:00 ET
Table 'Wesselink' 6-max Seat #3 is the button
Seat 3: Rusl@n ($154.16 in chips)
Seat 4: sim5sim5 ($75 in chips)
Rusl@n: posts small blind $1
sim5sim5: posts big blind $3
*** HOLE CARDS ***
Rusl@n: folds
Uncalled bet ($2) returned to sim5sim5
sim5sim5 collected $2 from pot
sim5sim5: doesn't show hand
*** SUMMARY ***
Total pot $2 | Rake $0
Seat 3: Rusl@n (button) (small blind) folded before Flop
Seat 4: sim5sim5 (big blind) collected ($2)


PokerStars Hand #172978605566:  Hold'em Limit ($3/$6 USD) - 2017/07/13 11:07:52 ET
Table 'Wesselink' 6-max Seat #4 is the button
Seat 3: Rusl@n ($157.16 in chips)
Seat 4: sim5sim5 ($72 in chips)
sim5sim5: posts small blind $1
Rusl@n: posts big blind $3
*** HOLE CARDS ***
sim5sim5: raises $3 to $6
Rusl@n: folds
Uncalled bet ($3) returned to sim5sim5
sim5sim5 collected $6 from pot
sim5sim5: doesn't show hand
*** SUMMARY ***
Total pot $6 | Rake $0
Seat 3: Rusl@n (big blind) folded before Flop
Seat 4: sim5sim5 (button) (small blind) collected ($6)


PokerStars Hand #172978583792:  Hold'em Limit ($3/$6 USD) - 2017/07/13 11:07:13 ET
Table 'Wesselink' 6-max Seat #3 is the button
Seat 3: Rusl@n ($133.66 in chips)
Seat 4: sim5sim5 ($75 in chips)
Rusl@n: posts small blind $1
sim5sim5: posts big blind $3
*** HOLE CARDS ***
Rusl@n: raises $3 to $6
sim5sim5: calls $3
*** FLOP *** [4s 6h 3s]
sim5sim5: checks
Rusl@n: bets $3
sim5sim5: raises $3 to $6
Rusl@n: calls $3
*** TURN *** [4s 6h 3s] [Qh]
sim5sim5: bets $6
Rusl@n: raises $6 to $12
sim5sim5: calls $6
*** RIVER *** [4s 6h 3s Qh] [Kc]
sim5sim5: checks
Rusl@n: bets $6
sim5sim5: folds
Uncalled bet ($6) returned to Rusl@n
Rusl@n collected $47.50 from pot
Rusl@n: doesn't show hand
*** SUMMARY ***
Total pot $48 | Rake $0.50
Board [4s 6h 3s Qh Kc]
Seat 3: Rusl@n (button) (small blind) collected ($47.50)
Seat 4: sim5sim5 (big blind) folded on the River


PokerStars Hand #172978579979:  Hold'em Limit ($3/$6 USD) - 2017/07/13 11:07:06 ET
Table 'Wesselink' 6-max Seat #4 is the button
Seat 3: Rusl@n ($136.66 in chips)
Seat 4: sim5sim5 ($72 in chips)
sim5sim5: posts small blind $1
Rusl@n: posts big blind $3
*** HOLE CARDS ***
sim5sim5: raises $3 to $6
Rusl@n: folds
Uncalled bet ($3) returned to sim5sim5
sim5sim5 collected $6 from pot
sim5sim5: doesn't show hand
*** SUMMARY ***
Total pot $6 | Rake $0
Seat 3: Rusl@n (big blind) folded before Flop
Seat 4: sim5sim5 (button) (small blind) collected ($6)


PokerStars Hand #172978639255:  Hold'em Limit ($3/$6 USD) - 2017/07/13 11:08:53 ET
Table 'Wesselink' 6-max Seat #3 is the button
Seat 3: Rusl@n ($143.16 in chips)
Seat 5: Glaucon ($124 in chips)
Rusl@n: posts small blind $1
sim5sim5: is sitting out
Glaucon: posts big blind $3
*** HOLE CARDS ***
Rusl@n: raises $3 to $6
sim5sim5 leaves the table
Glaucon: folds
Uncalled bet ($3) returned to Rusl@n
Rusl@n collected $6 from pot
Rusl@n: doesn't show hand
*** SUMMARY ***
Total pot $6 | Rake $0
Seat 3: Rusl@n (button) (small blind) collected ($6)
Seat 5: Glaucon (big blind) folded before Flop


PokerStars Hand #172978626126:  Hold'em Limit ($3/$6 USD) - 2017/07/13 11:08:30 ET
Table 'Wesselink' 6-max Seat #3 is the button
Seat 3: Rusl@n ($147.16 in chips)
Seat 4: sim5sim5 ($81.76 in chips)
Rusl@n: posts small blind $1
sim5sim5: posts big blind $3
*** HOLE CARDS ***
Rusl@n: folds
Uncalled bet ($2) returned to sim5sim5
sim5sim5 collected $2 from pot
Glaucon joins the table at seat #5
sim5sim5: doesn't show hand
*** SUMMARY ***
Total pot $2 | Rake $0
Seat 3: Rusl@n (button) (small blind) folded before Flop
Seat 4: sim5sim5 (big blind) collected ($2)


PokerStars Hand #172978613393:  Hold'em Limit ($3/$6 USD) - 2017/07/13 11:08:06 ET
Table 'Wesselink' 6-max Seat #4 is the button
Seat 3: Rusl@n ($153.16 in chips)
Seat 4: sim5sim5 ($76 in chips)
sim5sim5: posts small blind $1
Rusl@n: posts big blind $3
*** HOLE CARDS ***
sim5sim5: raises $3 to $6
Rusl@n: calls $3
*** FLOP *** [6h 3s 6s]
Rusl@n: checks
sim5sim5: bets $3
Rusl@n: folds
Uncalled bet ($3) returned to sim5sim5
sim5sim5 collected $11.76 from pot
sim5sim5: doesn't show hand
*** SUMMARY ***
Total pot $12 | Rake $0.24
Board [6h 3s 6s]
Seat 3: Rusl@n (big blind) folded on the Flop
Seat 4: sim5sim5 (button) (small blind) collected ($11.76)


