PokerStars Hand #161157525346:  Hold'em Limit ($3/$6 USD) - 2016/11/09 16:02:10 ET
Table 'Wesson' 10-max Seat #2 is the button
Seat 2: Icecold ($143.14 in chips)
Seat 6: assitoni ($72 in chips)
Icecold: posts small blind $1
assitoni: posts big blind $3
*** HOLE CARDS ***
Icecold: raises $3 to $6
assitoni: raises $3 to $9
Icecold: calls $3
*** FLOP *** [6d 9c 5h]
assitoni: bets $3
Icecold: calls $3
*** TURN *** [6d 9c 5h] [5s]
assitoni: bets $6
Icecold: folds
Uncalled bet ($6) returned to assitoni
assitoni collected $23.52 from pot
assitoni: doesn't show hand
*** SUMMARY ***
Total pot $24 | Rake $0.48
Board [6d 9c 5h 5s]
Seat 2: Icecold (button) (small blind) folded on the Turn
Seat 6: assitoni (big blind) collected ($23.52)


PokerStars Hand #161157501215:  Hold'em Limit ($3/$6 USD) - 2016/11/09 16:01:43 ET
Table 'Wesson' 10-max Seat #6 is the button
Seat 2: Icecold ($128.64 in chips)
Seat 6: assitoni ($72 in chips)
assitoni: posts small blind $1
Icecold: posts big blind $3
*** HOLE CARDS ***
assitoni: raises $3 to $6
Icecold: calls $3
*** FLOP *** [Ac Ah 6h]
Icecold: checks
assitoni: bets $3
Icecold: calls $3
*** TURN *** [Ac Ah 6h] [2s]
Icecold: checks
assitoni: checks
*** RIVER *** [Ac Ah 6h 2s] [Js]
Icecold: bets $6
assitoni: calls $6
*** SHOW DOWN ***
Icecold: shows [Jh Tc] (two pair, Aces and Jacks)
assitoni: mucks hand
Icecold collected $29.50 from pot
*** SUMMARY ***
Total pot $30 | Rake $0.50
Board [Ac Ah 6h 2s Js]
Seat 2: Icecold (big blind) showed [Jh Tc] and won ($29.50) with two pair, Aces and Jacks
Seat 6: assitoni (button) (small blind) mucked


PokerStars Hand #161157471164:  Hold'em Limit ($3/$6 USD) - 2016/11/09 16:01:08 ET
Table 'Wesson' 10-max Seat #2 is the button
Seat 2: Icecold ($120 in chips)
Seat 6: assitoni ($72 in chips)
Icecold: posts small blind $1
assitoni: posts big blind $3
*** HOLE CARDS ***
Icecold: raises $3 to $6
assitoni: calls $3
*** FLOP *** [Ts 9h Qc]
assitoni: checks
Icecold: bets $3
assitoni: calls $3
*** TURN *** [Ts 9h Qc] [3c]
assitoni: checks
Icecold: bets $6
assitoni: folds
Uncalled bet ($6) returned to Icecold
Icecold collected $17.64 from pot
*** SUMMARY ***
Total pot $18 | Rake $0.36
Board [Ts 9h Qc 3c]
Seat 2: Icecold (button) (small blind) collected ($17.64)
Seat 6: assitoni (big blind) folded on the Turn


PokerStars Hand #161157551527:  Hold'em Limit ($3/$6 USD) - 2016/11/09 16:02:37 ET
Table 'Wesson' 10-max Seat #2 is the button
Seat 2: Icecold ($132.14 in chips)
Seat 6: assitoni ($82.52 in chips)
Icecold: posts small blind $1
assitoni: posts big blind $3
*** HOLE CARDS ***
Icecold: raises $3 to $6
assitoni: raises $3 to $9
Icecold: calls $3
*** FLOP *** [9s Th 3s]
assitoni: bets $3
Icecold: raises $3 to $6
assitoni: calls $3
*** TURN *** [9s Th 3s] [6h]
assitoni: checks
Icecold: bets $6
assitoni: calls $6
*** RIVER *** [9s Th 3s 6h] [9h]
assitoni: checks
Icecold: bets $6
assitoni: calls $6
*** SHOW DOWN ***
Icecold: shows [6d 9c] (a full house, Nines full of Sixes)
assitoni: mucks hand
Icecold collected $53.50 from pot
*** SUMMARY ***
Total pot $54 | Rake $0.50
Board [9s Th 3s 6h 9h]
Seat 2: Icecold (button) (small blind) showed [6d 9c] and won ($53.50) with a full house, Nines full of Sixes
Seat 6: assitoni (big blind) mucked


PokerStars Hand #161157545319:  Hold'em Limit ($3/$6 USD) - 2016/11/09 16:02:31 ET
Table 'Wesson' 10-max Seat #6 is the button
Seat 2: Icecold ($131.14 in chips)
Seat 6: assitoni ($83.52 in chips)
assitoni: posts small blind $1
Icecold: posts big blind $3
*** HOLE CARDS ***
assitoni: folds
Uncalled bet ($2) returned to Icecold
Icecold collected $2 from pot
*** SUMMARY ***
Total pot $2 | Rake $0
Seat 2: Icecold (big blind) collected ($2)
Seat 6: assitoni (button) (small blind) folded before Flop


PokerStars Hand #161157638276:  Hold'em Limit ($3/$6 USD) - 2016/11/09 16:04:09 ET
Table 'Wesson' 10-max Seat #2 is the button
Seat 2: Icecold ($159.14 in chips)
Seat 6: assitoni ($94.50 in chips)
Icecold: posts small blind $1
assitoni: posts big blind $3
*** HOLE CARDS ***
Icecold: folds
Uncalled bet ($2) returned to assitoni
assitoni collected $2 from pot
assitoni: doesn't show hand
*** SUMMARY ***
Total pot $2 | Rake $0
Seat 2: Icecold (button) (small blind) folded before Flop
Seat 6: assitoni (big blind) collected ($2)


PokerStars Hand #161157633029:  Hold'em Limit ($3/$6 USD) - 2016/11/09 16:04:03 ET
Table 'Wesson' 10-max Seat #6 is the button
Seat 2: Icecold ($158.14 in chips)
Seat 6: assitoni ($95.50 in chips)
assitoni: posts small blind $1
Icecold: posts big blind $3
*** HOLE CARDS ***
assitoni: folds
Uncalled bet ($2) returned to Icecold
Icecold collected $2 from pot
*** SUMMARY ***
Total pot $2 | Rake $0
Seat 2: Icecold (big blind) collected ($2)
Seat 6: assitoni (button) (small blind) folded before Flop


PokerStars Hand #161157609524:  Hold'em Limit ($3/$6 USD) - 2016/11/09 16:03:38 ET
Table 'Wesson' 10-max Seat #2 is the button
Seat 2: Icecold ($182.14 in chips)
Seat 6: assitoni ($72 in chips)
Icecold: posts small blind $1
assitoni: posts big blind $3
*** HOLE CARDS ***
Icecold: raises $3 to $6
assitoni: raises $3 to $9
Icecold: calls $3
*** FLOP *** [Ah Qs Ac]
assitoni: bets $3
Icecold: calls $3
*** TURN *** [Ah Qs Ac] [5c]
assitoni: bets $6
Icecold: calls $6
*** RIVER *** [Ah Qs Ac 5c] [2s]
assitoni: bets $6
Icecold: calls $6
*** SHOW DOWN ***
assitoni: shows [7c As] (three of a kind, Aces)
Icecold: mucks hand
assitoni collected $47.50 from pot
*** SUMMARY ***
Total pot $48 | Rake $0.50
Board [Ah Qs Ac 5c 2s]
Seat 2: Icecold (button) (small blind) mucked
Seat 6: assitoni (big blind) showed [7c As] and won ($47.50) with three of a kind, Aces


PokerStars Hand #161157579940:  Hold'em Limit ($3/$6 USD) - 2016/11/09 16:03:08 ET
Table 'Wesson' 10-max Seat #6 is the button
Seat 2: Icecold ($158.64 in chips)
Seat 6: assitoni ($72 in chips)
assitoni: posts small blind $1
Icecold: posts big blind $3
*** HOLE CARDS ***
assitoni: raises $3 to $6
Icecold: calls $3
*** FLOP *** [4c 7s 2c]
Icecold: checks
assitoni: bets $3
Icecold: raises $3 to $6
assitoni: calls $3
*** TURN *** [4c 7s 2c] [As]
Icecold: bets $6
assitoni: raises $6 to $12
Icecold: calls $6
*** RIVER *** [4c 7s 2c As] [5c]
Icecold: bets $6
assitoni: folds
Uncalled bet ($6) returned to Icecold
Icecold collected $47.50 from pot
*** SUMMARY ***
Total pot $48 | Rake $0.50
Board [4c 7s 2c As 5c]
Seat 2: Icecold (big blind) collected ($47.50)
Seat 6: assitoni (button) (small blind) folded on the River


PokerStars Hand #161157671586:  Hold'em Limit ($3/$6 USD) - 2016/11/09 16:04:44 ET
Table 'Wesson' 10-max Seat #6 is the button
Seat 2: Icecold ($180.64 in chips)
Seat 6: assitoni ($73 in chips)
assitoni: posts small blind $1
Icecold: posts big blind $3
*** HOLE CARDS ***
assitoni: raises $3 to $6
Icecold: raises $3 to $9
assitoni: calls $3
*** FLOP *** [8c Jh Ks]
Icecold: bets $3
assitoni: calls $3
*** TURN *** [8c Jh Ks] [5d]
Icecold: bets $6
assitoni: calls $6
*** RIVER *** [8c Jh Ks 5d] [9h]
Icecold: bets $6
assitoni: raises $6 to $12
Icecold: folds
Uncalled bet ($6) returned to assitoni
assitoni collected $47.50 from pot
assitoni: doesn't show hand
*** SUMMARY ***
Total pot $48 | Rake $0.50
Board [8c Jh Ks 5d 9h]
Seat 2: Icecold (big blind) folded on the River
Seat 6: assitoni (button) (small blind) collected ($47.50)


PokerStars Hand #161157666980:  Hold'em Limit ($3/$6 USD) - 2016/11/09 16:04:39 ET
Table 'Wesson' 10-max Seat #2 is the button
Seat 2: Icecold ($181.64 in chips)
Seat 6: assitoni ($72 in chips)
Icecold: posts small blind $1
assitoni: posts big blind $3
*** HOLE CARDS ***
Icecold: folds
Uncalled bet ($2) returned to assitoni
assitoni collected $2 from pot
*** SUMMARY ***
Total pot $2 | Rake $0
Seat 2: Icecold (button) (small blind) folded before Flop
Seat 6: assitoni (big blind) collected ($2)


PokerStars Hand #161157644004:  Hold'em Limit ($3/$6 USD) - 2016/11/09 16:04:15 ET
Table 'Wesson' 10-max Seat #6 is the button
Seat 2: Icecold ($158.14 in chips)
Seat 6: assitoni ($95.50 in chips)
assitoni: posts small blind $1
Icecold: posts big blind $3
*** HOLE CARDS ***
assitoni: raises $3 to $6
Icecold: calls $3
*** FLOP *** [Kh 5s 5h]
Icecold: checks
assitoni: bets $3
Icecold: raises $3 to $6
assitoni: calls $3
*** TURN *** [Kh 5s 5h] [3s]
Icecold: bets $6
assitoni: calls $6
*** RIVER *** [Kh 5s 5h 3s] [6h]
Icecold: bets $6
assitoni: calls $6
*** SHOW DOWN ***
Icecold: shows [Ts Kc] (two pair, Kings and Fives)
assitoni: mucks hand
Icecold collected $47.50 from pot
*** SUMMARY ***
Total pot $48 | Rake $0.50
Board [Kh 5s 5h 3s 6h]
Seat 2: Icecold (big blind) showed [Ts Kc] and won ($47.50) with two pair, Kings and Fives
Seat 6: assitoni (button) (small blind) mucked


PokerStars Hand #161157759577:  Hold'em Limit ($3/$6 USD) - 2016/11/09 16:06:16 ET
Table 'Wesson' 10-max Seat #6 is the button
Seat 2: Icecold ($183.14 in chips)
Seat 6: assitoni ($76 in chips)
assitoni: posts small blind $1
Icecold: posts big blind $3
*** HOLE CARDS ***
assitoni: raises $3 to $6
Icecold: calls $3
*** FLOP *** [5d Ks Tc]
Icecold: checks
assitoni: bets $3
Icecold: folds
Uncalled bet ($3) returned to assitoni
assitoni collected $11.76 from pot
assitoni: doesn't show hand
*** SUMMARY ***
Total pot $12 | Rake $0.24
Board [5d Ks Tc]
Seat 2: Icecold (big blind) folded on the Flop
Seat 6: assitoni (button) (small blind) collected ($11.76)


PokerStars Hand #161157754938:  Hold'em Limit ($3/$6 USD) - 2016/11/09 16:06:11 ET
Table 'Wesson' 10-max Seat #2 is the button
Seat 2: Icecold ($184.14 in chips)
Seat 6: assitoni ($75 in chips)
Icecold: posts small blind $1
assitoni: posts big blind $3
*** HOLE CARDS ***
Icecold: folds
Uncalled bet ($2) returned to assitoni
assitoni collected $2 from pot
assitoni: doesn't show hand
*** SUMMARY ***
Total pot $2 | Rake $0
Seat 2: Icecold (button) (small blind) folded before Flop
Seat 6: assitoni (big blind) collected ($2)


PokerStars Hand #161157740337:  Hold'em Limit ($3/$6 USD) - 2016/11/09 16:05:56 ET
Table 'Wesson' 10-max Seat #2 is the button
Seat 2: Icecold ($184.14 in chips)
Seat 6: assitoni ($72 in chips)
Icecold: posts small blind $1
assitoni: posts big blind $3
*** HOLE CARDS ***
Icecold: raises $3 to $6
assitoni: folds
Uncalled bet ($3) returned to Icecold
Icecold collected $6 from pot
*** SUMMARY ***
Total pot $6 | Rake $0
Seat 2: Icecold (button) (small blind) collected ($6)
Seat 6: assitoni (big blind) folded before Flop


PokerStars Hand #161157734545:  Hold'em Limit ($3/$6 USD) - 2016/11/09 16:05:49 ET
Table 'Wesson' 10-max Seat #6 is the button
Seat 2: Icecold ($183.14 in chips)
Seat 6: assitoni ($72 in chips)
assitoni: posts small blind $1
Icecold: posts big blind $3
*** HOLE CARDS ***
assitoni: folds
Uncalled bet ($2) returned to Icecold
Icecold collected $2 from pot
*** SUMMARY ***
Total pot $2 | Rake $0
Seat 2: Icecold (big blind) collected ($2)
Seat 6: assitoni (button) (small blind) folded before Flop


PokerStars Hand #161157696914:  Hold'em Limit ($3/$6 USD) - 2016/11/09 16:05:10 ET
Table 'Wesson' 10-max Seat #2 is the button
Seat 2: Icecold ($156.64 in chips)
Seat 6: assitoni ($96.50 in chips)
Icecold: posts small blind $1
assitoni: posts big blind $3
*** HOLE CARDS ***
Icecold: raises $3 to $6
assitoni: raises $3 to $9
Icecold: raises $3 to $12
Betting is capped
assitoni: calls $3
*** FLOP *** [9c Jd 7h]
assitoni: checks
Icecold: bets $3
assitoni: raises $3 to $6
Icecold: raises $3 to $9
assitoni: calls $3
*** TURN *** [9c Jd 7h] [7c]
assitoni: checks
Icecold: bets $6
assitoni: calls $6
*** RIVER *** [9c Jd 7h 7c] [8h]
assitoni: checks
Icecold: bets $6
assitoni: folds
Uncalled bet ($6) returned to Icecold
Icecold collected $53.50 from pot
*** SUMMARY ***
Total pot $54 | Rake $0.50
Board [9c Jd 7h 7c 8h]
Seat 2: Icecold (button) (small blind) collected ($53.50)
Seat 6: assitoni (big blind) folded on the River


PokerStars Hand #161157816230:  Hold'em Limit ($3/$6 USD) - 2016/11/09 16:07:16 ET
Table 'Wesson' 10-max Seat #6 is the button
Seat 2: Icecold ($209.40 in chips)
Seat 6: assitoni ($72 in chips)
assitoni: posts small blind $1
Icecold: posts big blind $3
*** HOLE CARDS ***
assitoni: folds
Uncalled bet ($2) returned to Icecold
Icecold collected $2 from pot
*** SUMMARY ***
Total pot $2 | Rake $0
Seat 2: Icecold (big blind) collected ($2)
Seat 6: assitoni (button) (small blind) folded before Flop


PokerStars Hand #161157810339:  Hold'em Limit ($3/$6 USD) - 2016/11/09 16:07:10 ET
Table 'Wesson' 10-max Seat #2 is the button
Seat 2: Icecold ($206.40 in chips)
Seat 6: assitoni ($72 in chips)
Icecold: posts small blind $1
assitoni: posts big blind $3
*** HOLE CARDS ***
Icecold: raises $3 to $6
assitoni: folds
Uncalled bet ($3) returned to Icecold
Icecold collected $6 from pot
*** SUMMARY ***
Total pot $6 | Rake $0
Seat 2: Icecold (button) (small blind) collected ($6)
Seat 6: assitoni (big blind) folded before Flop


PokerStars Hand #161157789679:  Hold'em Limit ($3/$6 USD) - 2016/11/09 16:06:48 ET
Table 'Wesson' 10-max Seat #6 is the button
Seat 2: Icecold ($182.90 in chips)
Seat 6: assitoni ($75.76 in chips)
assitoni: posts small blind $1
Icecold: posts big blind $3
*** HOLE CARDS ***
assitoni: raises $3 to $6
Icecold: calls $3
*** FLOP *** [Jd 5d 7c]
Icecold: checks
assitoni: bets $3
Icecold: raises $3 to $6
assitoni: calls $3
*** TURN *** [Jd 5d 7c] [5c]
Icecold: bets $6
assitoni: raises $6 to $12
Icecold: calls $6
*** RIVER *** [Jd 5d 7c 5c] [Ad]
Icecold: checks
assitoni: checks
*** SHOW DOWN ***
Icecold: shows [Js Kh] (two pair, Jacks and Fives)
assitoni: mucks hand
Icecold collected $47.50 from pot
*** SUMMARY ***
Total pot $48 | Rake $0.50
Board [Jd 5d 7c 5c Ad]
Seat 2: Icecold (big blind) showed [Js Kh] and won ($47.50) with two pair, Jacks and Fives
Seat 6: assitoni (button) (small blind) mucked


PokerStars Hand #161157768898:  Hold'em Limit ($3/$6 USD) - 2016/11/09 16:06:26 ET
Table 'Wesson' 10-max Seat #2 is the button
Seat 2: Icecold ($177.14 in chips)
Seat 6: assitoni ($81.76 in chips)
Icecold: posts small blind $1
assitoni: posts big blind $3
*** HOLE CARDS ***
Icecold: raises $3 to $6
assitoni: calls $3
*** FLOP *** [9h Td 9c]
assitoni: checks
Icecold: checks
*** TURN *** [9h Td 9c] [9s]
assitoni: checks
Icecold: bets $6
assitoni: folds
Uncalled bet ($6) returned to Icecold
Icecold collected $11.76 from pot
*** SUMMARY ***
Total pot $12 | Rake $0.24
Board [9h Td 9c 9s]
Seat 2: Icecold (button) (small blind) collected ($11.76)
Seat 6: assitoni (big blind) folded on the Turn


PokerStars Hand #161157857435:  Hold'em Limit ($3/$6 USD) - 2016/11/09 16:07:59 ET
Table 'Wesson' 10-max Seat #2 is the button
Seat 2: Icecold ($215.92 in chips)
Seat 6: assitoni ($77.76 in chips)
Icecold: posts small blind $1
assitoni: posts big blind $3
*** HOLE CARDS ***
Icecold: raises $3 to $6
assitoni: raises $3 to $9
Icecold: calls $3
*** FLOP *** [Kc 7d As]
assitoni: bets $3
Icecold: folds
Uncalled bet ($3) returned to assitoni
assitoni collected $17.64 from pot
assitoni: doesn't show hand
*** SUMMARY ***
Total pot $18 | Rake $0.36
Board [Kc 7d As]
Seat 2: Icecold (button) (small blind) folded on the Flop
Seat 6: assitoni (big blind) collected ($17.64)


PokerStars Hand #161157844726:  Hold'em Limit ($3/$6 USD) - 2016/11/09 16:07:46 ET
Table 'Wesson' 10-max Seat #6 is the button
Seat 2: Icecold ($221.92 in chips)
Seat 6: assitoni ($72 in chips)
assitoni: posts small blind $1
Icecold: posts big blind $3
*** HOLE CARDS ***
assitoni: raises $3 to $6
Icecold: calls $3
*** FLOP *** [4h Kc 7s]
Icecold: checks
assitoni: bets $3
Icecold: folds
Uncalled bet ($3) returned to assitoni
assitoni collected $11.76 from pot
assitoni: doesn't show hand
*** SUMMARY ***
Total pot $12 | Rake $0.24
Board [4h Kc 7s]
Seat 2: Icecold (big blind) folded on the Flop
Seat 6: assitoni (button) (small blind) collected ($11.76)


PokerStars Hand #161157821855:  Hold'em Limit ($3/$6 USD) - 2016/11/09 16:07:22 ET
Table 'Wesson' 10-max Seat #2 is the button
Seat 2: Icecold ($210.40 in chips)
Seat 6: assitoni ($72 in chips)
Icecold: posts small blind $1
assitoni: posts big blind $3
*** HOLE CARDS ***
Icecold: raises $3 to $6
assitoni: raises $3 to $9
Icecold: calls $3
*** FLOP *** [Tc 3s Qh]
assitoni: bets $3
Icecold: calls $3
*** TURN *** [Tc 3s Qh] [Jd]
assitoni: checks
Icecold: bets $6
assitoni: folds
Uncalled bet ($6) returned to Icecold
Icecold collected $23.52 from pot
*** SUMMARY ***
Total pot $24 | Rake $0.48
Board [Tc 3s Qh Jd]
Seat 2: Icecold (button) (small blind) collected ($23.52)
Seat 6: assitoni (big blind) folded on the Turn


PokerStars Hand #161157890947:  Hold'em Limit ($3/$6 USD) - 2016/11/09 16:08:35 ET
Table 'Wesson' 10-max Seat #2 is the button
Seat 2: Icecold ($182.92 in chips)
Seat 6: assitoni ($109.90 in chips)
Icecold: posts small blind $1
assitoni: posts big blind $3
*** HOLE CARDS ***
Icecold: raises $3 to $6
assitoni: raises $3 to $9
Icecold: calls $3
*** FLOP *** [Kd Jc 8d]
assitoni: bets $3
Icecold: calls $3
*** TURN *** [Kd Jc 8d] [Ts]
assitoni: bets $6
Icecold: raises $6 to $12
assitoni: raises $6 to $18
Icecold: calls $6
*** RIVER *** [Kd Jc 8d Ts] [2h]
assitoni: bets $6
Icecold: calls $6
*** SHOW DOWN ***
assitoni: shows [Td Tc] (three of a kind, Tens)
Icecold: mucks hand
assitoni collected $71.50 from pot
*** SUMMARY ***
Total pot $72 | Rake $0.50
Board [Kd Jc 8d Ts 2h]
Seat 2: Icecold (button) (small blind) mucked
Seat 6: assitoni (big blind) showed [Td Tc] and won ($71.50) with three of a kind, Tens


PokerStars Hand #161157869808:  Hold'em Limit ($3/$6 USD) - 2016/11/09 16:08:12 ET
Table 'Wesson' 10-max Seat #6 is the button
Seat 2: Icecold ($206.92 in chips)
Seat 6: assitoni ($86.40 in chips)
assitoni: posts small blind $1
Icecold: posts big blind $3
*** HOLE CARDS ***
assitoni: raises $3 to $6
Icecold: calls $3
*** FLOP *** [6d Js 7d]
Icecold: checks
assitoni: bets $3
Icecold: raises $3 to $6
assitoni: calls $3
*** TURN *** [6d Js 7d] [3c]
Icecold: bets $6
assitoni: calls $6
*** RIVER *** [6d Js 7d 3c] [9c]
Icecold: bets $6
assitoni: calls $6
*** SHOW DOWN ***
Icecold: shows [7s Ts] (a pair of Sevens)
assitoni: shows [As 9h] (a pair of Nines)
assitoni collected $47.50 from pot
*** SUMMARY ***
Total pot $48 | Rake $0.50
Board [6d Js 7d 3c 9c]
Seat 2: Icecold (big blind) showed [7s Ts] and lost with a pair of Sevens
Seat 6: assitoni (button) (small blind) showed [As 9h] and won ($47.50) with a pair of Nines


PokerStars Hand #161157988869:  Hold'em Limit ($3/$6 USD) - 2016/11/09 16:10:19 ET
Table 'Wesson' 10-max Seat #6 is the button
Seat 2: Icecold ($185.06 in chips)
Seat 6: assitoni ($106.40 in chips)
assitoni: posts small blind $1
Icecold: posts big blind $3
*** HOLE CARDS ***
assitoni: folds
Uncalled bet ($2) returned to Icecold
Icecold collected $2 from pot
*** SUMMARY ***
Total pot $2 | Rake $0
Seat 2: Icecold (big blind) collected ($2)
Seat 6: assitoni (button) (small blind) folded before Flop


PokerStars Hand #161157982120:  Hold'em Limit ($3/$6 USD) - 2016/11/09 16:10:12 ET
Table 'Wesson' 10-max Seat #2 is the button
Seat 2: Icecold ($182.06 in chips)
Seat 6: assitoni ($109.40 in chips)
Icecold: posts small blind $1
assitoni: posts big blind $3
*** HOLE CARDS ***
Icecold: raises $3 to $6
assitoni: folds
Uncalled bet ($3) returned to Icecold
Icecold collected $6 from pot
*** SUMMARY ***
Total pot $6 | Rake $0
Seat 2: Icecold (button) (small blind) collected ($6)
Seat 6: assitoni (big blind) folded before Flop


PokerStars Hand #161157964561:  Hold'em Limit ($3/$6 USD) - 2016/11/09 16:09:53 ET
Table 'Wesson' 10-max Seat #6 is the button
Seat 2: Icecold ($173.42 in chips)
Seat 6: assitoni ($118.40 in chips)
assitoni: posts small blind $1
Icecold: posts big blind $3
*** HOLE CARDS ***
assitoni: raises $3 to $6
Icecold: calls $3
*** FLOP *** [2c 5s Qc]
Icecold: checks
assitoni: bets $3
Icecold: calls $3
*** TURN *** [2c 5s Qc] [3h]
Icecold: checks
assitoni: checks
*** RIVER *** [2c 5s Qc 3h] [Th]
Icecold: checks
assitoni: checks
*** SHOW DOWN ***
Icecold: shows [Ad 6h] (high card Ace)
assitoni: mucks hand
Icecold collected $17.64 from pot
*** SUMMARY ***
Total pot $18 | Rake $0.36
Board [2c 5s Qc 3h Th]
Seat 2: Icecold (big blind) showed [Ad 6h] and won ($17.64) with high card Ace
Seat 6: assitoni (button) (small blind) mucked


PokerStars Hand #161157957779:  Hold'em Limit ($3/$6 USD) - 2016/11/09 16:09:46 ET
Table 'Wesson' 10-max Seat #2 is the button
Seat 2: Icecold ($170.42 in chips)
Seat 6: assitoni ($121.40 in chips)
Icecold: posts small blind $1
assitoni: posts big blind $3
*** HOLE CARDS ***
Icecold: raises $3 to $6
assitoni: folds
Uncalled bet ($3) returned to Icecold
Icecold collected $6 from pot
*** SUMMARY ***
Total pot $6 | Rake $0
Seat 2: Icecold (button) (small blind) collected ($6)
Seat 6: assitoni (big blind) folded before Flop


PokerStars Hand #161157930607:  Hold'em Limit ($3/$6 USD) - 2016/11/09 16:09:17 ET
Table 'Wesson' 10-max Seat #6 is the button
Seat 2: Icecold ($146.92 in chips)
Seat 6: assitoni ($145.40 in chips)
assitoni: posts small blind $1
Icecold: posts big blind $3
*** HOLE CARDS ***
assitoni: raises $3 to $6
Icecold: calls $3
*** FLOP *** [2h 8h 4c]
Icecold: checks
assitoni: bets $3
Icecold: raises $3 to $6
assitoni: calls $3
*** TURN *** [2h 8h 4c] [Kh]
Icecold: bets $6
assitoni: calls $6
*** RIVER *** [2h 8h 4c Kh] [Ad]
Icecold: bets $6
assitoni: calls $6
*** SHOW DOWN ***
Icecold: shows [Ks 8c] (two pair, Kings and Eights)
assitoni: mucks hand
Icecold collected $47.50 from pot
*** SUMMARY ***
Total pot $48 | Rake $0.50
Board [2h 8h 4c Kh Ad]
Seat 2: Icecold (big blind) showed [Ks 8c] and won ($47.50) with two pair, Kings and Eights
Seat 6: assitoni (button) (small blind) mucked


PokerStars Hand #161158010856:  Hold'em Limit ($3/$6 USD) - 2016/11/09 16:10:43 ET
Table 'Wesson' 10-max Seat #6 is the button
Seat 2: Icecold ($174.06 in chips)
Seat 6: assitoni ($116.92 in chips)
assitoni: posts small blind $1
Icecold: posts big blind $3
*** HOLE CARDS ***
assitoni: raises $3 to $6
Icecold: raises $3 to $9
assitoni: calls $3
*** FLOP *** [4d 8s 7d]
Icecold: bets $3
assitoni: calls $3
*** TURN *** [4d 8s 7d] [7c]
Icecold: bets $6
assitoni: raises $6 to $12
Icecold: calls $6
*** RIVER *** [4d 8s 7d 7c] [5d]
Icecold: checks
assitoni: bets $6
Icecold: raises $6 to $12
assitoni: calls $6
*** SHOW DOWN ***
Icecold: shows [9d Ad] (a flush, Ace high)
assitoni: mucks hand
Icecold collected $71.50 from pot
*** SUMMARY ***
Total pot $72 | Rake $0.50
Board [4d 8s 7d 7c 5d]
Seat 2: Icecold (big blind) showed [9d Ad] and won ($71.50) with a flush, Ace high
Seat 6: assitoni (button) (small blind) mucked


PokerStars Hand #161157994240:  Hold'em Limit ($3/$6 USD) - 2016/11/09 16:10:25 ET
Table 'Wesson' 10-max Seat #2 is the button
Seat 2: Icecold ($186.06 in chips)
Seat 6: assitoni ($105.40 in chips)
Icecold: posts small blind $1
assitoni: posts big blind $3
*** HOLE CARDS ***
Icecold: raises $3 to $6
assitoni: raises $3 to $9
Icecold: calls $3
*** FLOP *** [7s 2d Ac]
assitoni: bets $3
Icecold: calls $3
*** TURN *** [7s 2d Ac] [2s]
assitoni: bets $6
Icecold: folds
Uncalled bet ($6) returned to assitoni
assitoni collected $23.52 from pot
assitoni: doesn't show hand
*** SUMMARY ***
Total pot $24 | Rake $0.48
Board [7s 2d Ac 2s]
Seat 2: Icecold (button) (small blind) folded on the Turn
Seat 6: assitoni (big blind) collected ($23.52)


PokerStars Hand #161158068336:  Hold'em Limit ($3/$6 USD) - 2016/11/09 16:11:44 ET
Table 'Wesson' 10-max Seat #6 is the button
Seat 2: Icecold ($191.56 in chips)
Seat 6: assitoni ($98.42 in chips)
assitoni: posts small blind $1
Icecold: posts big blind $3
*** HOLE CARDS ***
assitoni: raises $3 to $6
Icecold: calls $3
*** FLOP *** [Ac 8h Jh]
Icecold: checks
assitoni: bets $3
Icecold: calls $3
*** TURN *** [Ac 8h Jh] [2d]
Icecold: checks
assitoni: bets $6
Icecold: calls $6
*** RIVER *** [Ac 8h Jh 2d] [4d]
Icecold: checks
assitoni: checks
*** SHOW DOWN ***
Icecold: shows [3s 3d] (a pair of Threes)
assitoni: mucks hand
Icecold collected $29.50 from pot
*** SUMMARY ***
Total pot $30 | Rake $0.50
Board [Ac 8h Jh 2d 4d]
Seat 2: Icecold (big blind) showed [3s 3d] and won ($29.50) with a pair of Threes
Seat 6: assitoni (button) (small blind) mucked


PokerStars Hand #161158041488:  Hold'em Limit ($3/$6 USD) - 2016/11/09 16:11:15 ET
Table 'Wesson' 10-max Seat #2 is the button
Seat 2: Icecold ($209.56 in chips)
Seat 6: assitoni ($80.92 in chips)
Icecold: posts small blind $1
assitoni: posts big blind $3
*** HOLE CARDS ***
Icecold: raises $3 to $6
assitoni: raises $3 to $9
Icecold: calls $3
*** FLOP *** [5s Kd Jh]
assitoni: bets $3
Icecold: calls $3
*** TURN *** [5s Kd Jh] [Td]
assitoni: checks
Icecold: checks
*** RIVER *** [5s Kd Jh Td] [7h]
assitoni: bets $6
Icecold: calls $6
*** SHOW DOWN ***
assitoni: shows [9h Th] (a pair of Tens)
Icecold: mucks hand
assitoni collected $35.50 from pot
*** SUMMARY ***
Total pot $36 | Rake $0.50
Board [5s Kd Jh Td 7h]
Seat 2: Icecold (button) (small blind) mucked
Seat 6: assitoni (big blind) showed [9h Th] and won ($35.50) with a pair of Tens


PokerStars Hand #161158128292:  Hold'em Limit ($3/$6 USD) - 2016/11/09 16:12:47 ET
Table 'Wesson' 10-max Seat #2 is the button
Seat 2: Icecold ($214.56 in chips)
Seat 6: assitoni ($77.76 in chips)
Icecold: posts small blind $1
assitoni: posts big blind $3
*** HOLE CARDS ***
Icecold: raises $3 to $6
assitoni: raises $3 to $9
Icecold: raises $3 to $12
Betting is capped
assitoni: calls $3
*** FLOP *** [9h Td Js]
assitoni: checks
Icecold: checks
*** TURN *** [9h Td Js] [4d]
assitoni: bets $6
Icecold: calls $6
*** RIVER *** [9h Td Js 4d] [Ah]
assitoni: bets $6
Icecold: folds
Uncalled bet ($6) returned to assitoni
assitoni collected $35.50 from pot
assitoni: doesn't show hand
*** SUMMARY ***
Total pot $36 | Rake $0.50
Board [9h Td Js 4d Ah]
Seat 2: Icecold (button) (small blind) folded on the River
Seat 6: assitoni (big blind) collected ($35.50)


PokerStars Hand #161158117236:  Hold'em Limit ($3/$6 USD) - 2016/11/09 16:12:36 ET
Table 'Wesson' 10-max Seat #6 is the button
Seat 2: Icecold ($220.56 in chips)
Seat 6: assitoni ($72 in chips)
assitoni: posts small blind $1
Icecold: posts big blind $3
*** HOLE CARDS ***
assitoni: raises $3 to $6
Icecold: calls $3
*** FLOP *** [7c 9c 5h]
Icecold: checks
assitoni: bets $3
Icecold: folds
Uncalled bet ($3) returned to assitoni
assitoni collected $11.76 from pot
assitoni: doesn't show hand
*** SUMMARY ***
Total pot $12 | Rake $0.24
Board [7c 9c 5h]
Seat 2: Icecold (big blind) folded on the Flop
Seat 6: assitoni (button) (small blind) collected ($11.76)


PokerStars Hand #161158088421:  Hold'em Limit ($3/$6 USD) - 2016/11/09 16:12:05 ET
Table 'Wesson' 10-max Seat #2 is the button
Seat 2: Icecold ($206.06 in chips)
Seat 6: assitoni ($83.42 in chips)
Icecold: posts small blind $1
assitoni: posts big blind $3
*** HOLE CARDS ***
Icecold: raises $3 to $6
assitoni: calls $3
*** FLOP *** [7s 2c 8d]
assitoni: checks
Icecold: bets $3
assitoni: calls $3
*** TURN *** [7s 2c 8d] [Js]
assitoni: checks
Icecold: bets $6
assitoni: calls $6
*** RIVER *** [7s 2c 8d Js] [9c]
assitoni: checks
Icecold: bets $6
assitoni: folds
Uncalled bet ($6) returned to Icecold
Icecold collected $29.50 from pot
*** SUMMARY ***
Total pot $30 | Rake $0.50
Board [7s 2c 8d Js 9c]
Seat 2: Icecold (button) (small blind) collected ($29.50)
Seat 6: assitoni (big blind) folded on the River


PokerStars Hand #161158158687:  Hold'em Limit ($3/$6 USD) - 2016/11/09 16:13:20 ET
Table 'Wesson' 10-max Seat #6 is the button
Seat 2: Icecold ($196.56 in chips)
Seat 6: assitoni ($95.26 in chips)
assitoni: posts small blind $1
Icecold: posts big blind $3
*** HOLE CARDS ***
assitoni: raises $3 to $6
Icecold: calls $3
*** FLOP *** [Kc Ks 9s]
Icecold: checks
assitoni: bets $3
Icecold: folds
Uncalled bet ($3) returned to assitoni
assitoni collected $11.76 from pot
assitoni: doesn't show hand
*** SUMMARY ***
Total pot $12 | Rake $0.24
Board [Kc Ks 9s]
Seat 2: Icecold (big blind) folded on the Flop
Seat 6: assitoni (button) (small blind) collected ($11.76)


PokerStars Hand #161158172592:  Hold'em Limit ($3/$6 USD) - 2016/11/09 16:13:35 ET
Table 'Wesson' 10-max Seat #2 is the button
Seat 2: Icecold ($190.56 in chips)
Seat 6: assitoni ($101.02 in chips)
Icecold: posts small blind $1
assitoni: posts big blind $3
*** HOLE CARDS ***
Icecold: raises $3 to $6
assitoni: raises $3 to $9
Icecold: calls $3
*** FLOP *** [6s 7h 8h]
assitoni: bets $3
Icecold: raises $3 to $6
assitoni: calls $3
*** TURN *** [6s 7h 8h] [2d]
assitoni: checks
Icecold: bets $6
assitoni: calls $6
*** RIVER *** [6s 7h 8h 2d] [Qh]
assitoni: checks
Icecold: checks
*** SHOW DOWN ***
assitoni: shows [Ah 7c] (a pair of Sevens)
Icecold: mucks hand
assitoni collected $41.50 from pot
*** SUMMARY ***
Total pot $42 | Rake $0.50
Board [6s 7h 8h 2d Qh]
Seat 2: Icecold (button) (small blind) mucked
Seat 6: assitoni (big blind) showed [Ah 7c] and won ($41.50) with a pair of Sevens


PokerStars Hand #161158199341:  Hold'em Limit ($3/$6 USD) - 2016/11/09 16:14:03 ET
Table 'Wesson' 10-max Seat #6 is the button
Seat 2: Icecold ($169.56 in chips)
Seat 6: assitoni ($121.52 in chips)
assitoni: posts small blind $1
Icecold: posts big blind $3
*** HOLE CARDS ***
assitoni: raises $3 to $6
Icecold: calls $3
*** FLOP *** [9d Qs 9c]
Icecold: checks
assitoni: bets $3
Icecold: raises $3 to $6
assitoni: calls $3
*** TURN *** [9d Qs 9c] [6h]
Icecold: bets $6
assitoni: calls $6
*** RIVER *** [9d Qs 9c 6h] [5s]
Icecold: checks
assitoni: checks
*** SHOW DOWN ***
Icecold: shows [4d Jc] (a pair of Nines)
assitoni: shows [7d Ah] (a pair of Nines - Ace kicker)
assitoni collected $35.50 from pot
*** SUMMARY ***
Total pot $36 | Rake $0.50
Board [9d Qs 9c 6h 5s]
Seat 2: Icecold (big blind) showed [4d Jc] and lost with a pair of Nines
Seat 6: assitoni (button) (small blind) showed [7d Ah] and won ($35.50) with a pair of Nines


PokerStars Hand #161158218471:  Hold'em Limit ($3/$6 USD) - 2016/11/09 16:14:24 ET
Table 'Wesson' 10-max Seat #2 is the button
Seat 2: Icecold ($151.56 in chips)
Seat 6: assitoni ($139.02 in chips)
Icecold: posts small blind $1
assitoni: posts big blind $3
*** HOLE CARDS ***
Icecold: raises $3 to $6
assitoni: raises $3 to $9
Icecold: calls $3
*** FLOP *** [Qh 7d 9h]
assitoni: bets $3
Icecold: raises $3 to $6
assitoni: calls $3
*** TURN *** [Qh 7d 9h] [Ts]
assitoni: checks
Icecold: bets $6
assitoni: folds
Uncalled bet ($6) returned to Icecold
Icecold collected $29.50 from pot
*** SUMMARY ***
Total pot $30 | Rake $0.50
Board [Qh 7d 9h Ts]
Seat 2: Icecold (button) (small blind) collected ($29.50)
Seat 6: assitoni (big blind) folded on the Turn


PokerStars Hand #161158240060:  Hold'em Limit ($3/$6 USD) - 2016/11/09 16:14:47 ET
Table 'Wesson' 10-max Seat #6 is the button
Seat 2: Icecold ($166.06 in chips)
Seat 6: assitoni ($124.02 in chips)
assitoni: posts small blind $1
Icecold: posts big blind $3
*** HOLE CARDS ***
assitoni: raises $3 to $6
Icecold: calls $3
*** FLOP *** [Td 4d 4c]
Icecold: checks
assitoni: bets $3
Icecold: raises $3 to $6
assitoni: calls $3
*** TURN *** [Td 4d 4c] [Ts]
Icecold: bets $6
assitoni: calls $6
*** RIVER *** [Td 4d 4c Ts] [9h]
Icecold: bets $6
assitoni: folds
Uncalled bet ($6) returned to Icecold
Icecold collected $35.50 from pot
*** SUMMARY ***
Total pot $36 | Rake $0.50
Board [Td 4d 4c Ts 9h]
Seat 2: Icecold (big blind) collected ($35.50)
Seat 6: assitoni (button) (small blind) folded on the River


PokerStars Hand #161158261615:  Hold'em Limit ($3/$6 USD) - 2016/11/09 16:15:10 ET
Table 'Wesson' 10-max Seat #2 is the button
Seat 2: Icecold ($183.56 in chips)
Seat 6: assitoni ($106.02 in chips)
Icecold: posts small blind $1
assitoni: posts big blind $3
*** HOLE CARDS ***
Icecold: raises $3 to $6
assitoni: folds
Uncalled bet ($3) returned to Icecold
Icecold collected $6 from pot
*** SUMMARY ***
Total pot $6 | Rake $0
Seat 2: Icecold (button) (small blind) collected ($6)
Seat 6: assitoni (big blind) folded before Flop


PokerStars Hand #161158275721:  Hold'em Limit ($3/$6 USD) - 2016/11/09 16:15:25 ET
Table 'Wesson' 10-max Seat #2 is the button
Seat 2: Icecold ($187.56 in chips)
Seat 6: assitoni ($102.02 in chips)
Icecold: posts small blind $1
assitoni: posts big blind $3
*** HOLE CARDS ***
Icecold: raises $3 to $6
assitoni: folds
Uncalled bet ($3) returned to Icecold
Icecold collected $6 from pot
*** SUMMARY ***
Total pot $6 | Rake $0
Seat 2: Icecold (button) (small blind) collected ($6)
Seat 6: assitoni (big blind) folded before Flop


PokerStars Hand #161158270317:  Hold'em Limit ($3/$6 USD) - 2016/11/09 16:15:19 ET
Table 'Wesson' 10-max Seat #6 is the button
Seat 2: Icecold ($186.56 in chips)
Seat 6: assitoni ($103.02 in chips)
assitoni: posts small blind $1
Icecold: posts big blind $3
*** HOLE CARDS ***
assitoni: folds
Uncalled bet ($2) returned to Icecold
Icecold collected $2 from pot
*** SUMMARY ***
Total pot $2 | Rake $0
Seat 2: Icecold (big blind) collected ($2)
Seat 6: assitoni (button) (small blind) folded before Flop


PokerStars Hand #161158281472:  Hold'em Limit ($3/$6 USD) - 2016/11/09 16:15:31 ET
Table 'Wesson' 10-max Seat #6 is the button
Seat 2: Icecold ($190.56 in chips)
Seat 6: assitoni ($99.02 in chips)
assitoni: posts small blind $1
Icecold: posts big blind $3
*** HOLE CARDS ***
assitoni: folds
Uncalled bet ($2) returned to Icecold
Icecold collected $2 from pot
*** SUMMARY ***
Total pot $2 | Rake $0
Seat 2: Icecold (big blind) collected ($2)
Seat 6: assitoni (button) (small blind) folded before Flop


PokerStars Hand #161158301697:  Hold'em Limit ($3/$6 USD) - 2016/11/09 16:15:53 ET
Table 'Wesson' 10-max Seat #6 is the button
Seat 2: Icecold ($197.32 in chips)
Seat 6: assitoni ($92.02 in chips)
assitoni: posts small blind $1
Icecold: posts big blind $3
*** HOLE CARDS ***
assitoni: folds
Uncalled bet ($2) returned to Icecold
Icecold collected $2 from pot
*** SUMMARY ***
Total pot $2 | Rake $0
Seat 2: Icecold (big blind) collected ($2)
Seat 6: assitoni (button) (small blind) folded before Flop


PokerStars Hand #161158287093:  Hold'em Limit ($3/$6 USD) - 2016/11/09 16:15:37 ET
Table 'Wesson' 10-max Seat #2 is the button
Seat 2: Icecold ($191.56 in chips)
Seat 6: assitoni ($98.02 in chips)
Icecold: posts small blind $1
assitoni: posts big blind $3
*** HOLE CARDS ***
Icecold: raises $3 to $6
assitoni: calls $3
*** FLOP *** [Th Qh 6s]
assitoni: checks
Icecold: bets $3
assitoni: folds
Uncalled bet ($3) returned to Icecold
Icecold collected $11.76 from pot
*** SUMMARY ***
Total pot $12 | Rake $0.24
Board [Th Qh 6s]
Seat 2: Icecold (button) (small blind) collected ($11.76)
Seat 6: assitoni (big blind) folded on the Flop


PokerStars Hand #161158308700:  Hold'em Limit ($3/$6 USD) - 2016/11/09 16:16:00 ET
Table 'Wesson' 10-max Seat #2 is the button
Seat 2: Icecold ($198.32 in chips)
Seat 6: assitoni ($91.02 in chips)
Icecold: posts small blind $1
assitoni: posts big blind $3
*** HOLE CARDS ***
Icecold: raises $3 to $6
assitoni: folds
Uncalled bet ($3) returned to Icecold
Icecold collected $6 from pot
*** SUMMARY ***
Total pot $6 | Rake $0
Seat 2: Icecold (button) (small blind) collected ($6)
Seat 6: assitoni (big blind) folded before Flop


PokerStars Hand #161158314872:  Hold'em Limit ($3/$6 USD) - 2016/11/09 16:16:07 ET
Table 'Wesson' 10-max Seat #6 is the button
Seat 2: Icecold ($201.32 in chips)
Seat 6: assitoni ($88.02 in chips)
assitoni: posts small blind $1
Icecold: posts big blind $3
*** HOLE CARDS ***
assitoni: raises $3 to $6
Icecold: calls $3
*** FLOP *** [3c Qd 3s]
Icecold: checks
assitoni: bets $3
Icecold: calls $3
*** TURN *** [3c Qd 3s] [8h]
Icecold: checks
assitoni: bets $6
Icecold: calls $6
*** RIVER *** [3c Qd 3s 8h] [2h]
Icecold: checks
assitoni: checks
*** SHOW DOWN ***
Icecold: shows [Ac 7s] (a pair of Threes)
assitoni: mucks hand
Icecold collected $29.50 from pot
*** SUMMARY ***
Total pot $30 | Rake $0.50
Board [3c Qd 3s 8h 2h]
Seat 2: Icecold (big blind) showed [Ac 7s] and won ($29.50) with a pair of Threes
Seat 6: assitoni (button) (small blind) mucked


PokerStars Hand #161158334152:  Hold'em Limit ($3/$6 USD) - 2016/11/09 16:16:27 ET
Table 'Wesson' 10-max Seat #2 is the button
Seat 2: Icecold ($215.82 in chips)
Seat 6: assitoni ($73.02 in chips)
Icecold: posts small blind $1
assitoni: posts big blind $3
*** HOLE CARDS ***
Icecold: raises $3 to $6
assitoni: calls $3
*** FLOP *** [9c 7h 4s]
assitoni: checks
Icecold: bets $3
assitoni: calls $3
*** TURN *** [9c 7h 4s] [5s]
assitoni: checks
Icecold: bets $6
assitoni: calls $6
*** RIVER *** [9c 7h 4s 5s] [4c]
assitoni: checks
Icecold: checks
*** SHOW DOWN ***
assitoni: shows [6c 7d] (two pair, Sevens and Fours)
Icecold: shows [7c Kd] (two pair, Sevens and Fours - King kicker)
Icecold collected $29.50 from pot
*** SUMMARY ***
Total pot $30 | Rake $0.50
Board [9c 7h 4s 5s 4c]
Seat 2: Icecold (button) (small blind) showed [7c Kd] and won ($29.50) with two pair, Sevens and Fours
Seat 6: assitoni (big blind) showed [6c 7d] and lost with two pair, Sevens and Fours


PokerStars Hand #161158358284:  Hold'em Limit ($3/$6 USD) - 2016/11/09 16:16:53 ET
Table 'Wesson' 10-max Seat #6 is the button
Seat 2: Icecold ($230.32 in chips)
Seat 6: assitoni ($72 in chips)
assitoni: posts small blind $1
Icecold: posts big blind $3
*** HOLE CARDS ***
assitoni: raises $3 to $6
Icecold: calls $3
*** FLOP *** [2d 7h 9d]
Icecold: checks
assitoni: bets $3
Icecold: folds
Uncalled bet ($3) returned to assitoni
assitoni collected $11.76 from pot
assitoni: doesn't show hand
*** SUMMARY ***
Total pot $12 | Rake $0.24
Board [2d 7h 9d]
Seat 2: Icecold (big blind) folded on the Flop
Seat 6: assitoni (button) (small blind) collected ($11.76)


PokerStars Hand #161158367606:  Hold'em Limit ($3/$6 USD) - 2016/11/09 16:17:03 ET
Table 'Wesson' 10-max Seat #2 is the button
Seat 2: Icecold ($224.32 in chips)
Seat 6: assitoni ($77.76 in chips)
Icecold: posts small blind $1
assitoni: posts big blind $3
*** HOLE CARDS ***
Icecold: raises $3 to $6
assitoni: raises $3 to $9
Icecold: raises $3 to $12
Betting is capped
assitoni: calls $3
*** FLOP *** [Ts 9s Tc]
assitoni: checks
Icecold: bets $3
assitoni: calls $3
*** TURN *** [Ts 9s Tc] [Jc]
assitoni: checks
Icecold: checks
*** RIVER *** [Ts 9s Tc Jc] [4c]
assitoni: bets $6
Icecold: calls $6
*** SHOW DOWN ***
assitoni: shows [4s 4d] (a full house, Fours full of Tens)
Icecold: mucks hand
assitoni collected $41.50 from pot
*** SUMMARY ***
Total pot $42 | Rake $0.50
Board [Ts 9s Tc Jc 4c]
Seat 2: Icecold (button) (small blind) mucked
Seat 6: assitoni (big blind) showed [4s 4d] and won ($41.50) with a full house, Fours full of Tens


PokerStars Hand #161158393335:  Hold'em Limit ($3/$6 USD) - 2016/11/09 16:17:31 ET
Table 'Wesson' 10-max Seat #6 is the button
Seat 2: Icecold ($203.32 in chips)
Seat 6: assitoni ($98.26 in chips)
assitoni: posts small blind $1
Icecold: posts big blind $3
*** HOLE CARDS ***
assitoni: raises $3 to $6
Icecold: raises $3 to $9
assitoni: calls $3
*** FLOP *** [7s Qh 6s]
Icecold: bets $3
assitoni: calls $3
*** TURN *** [7s Qh 6s] [Qs]
Icecold: bets $6
assitoni: raises $6 to $12
Icecold: calls $6
*** RIVER *** [7s Qh 6s Qs] [2c]
Icecold: checks
assitoni: checks
*** SHOW DOWN ***
Icecold: shows [9c 9d] (two pair, Queens and Nines)
assitoni: mucks hand
Icecold collected $47.50 from pot
*** SUMMARY ***
Total pot $48 | Rake $0.50
Board [7s Qh 6s Qs 2c]
Seat 2: Icecold (big blind) showed [9c 9d] and won ($47.50) with two pair, Queens and Nines
Seat 6: assitoni (button) (small blind) mucked


PokerStars Hand #161158427147:  Hold'em Limit ($3/$6 USD) - 2016/11/09 16:18:07 ET
Table 'Wesson' 10-max Seat #6 is the button
Seat 2: Icecold ($214.82 in chips)
Seat 6: assitoni ($85.78 in chips)
assitoni: posts small blind $1
Icecold: posts big blind $3
*** HOLE CARDS ***
assitoni: folds
Uncalled bet ($2) returned to Icecold
Icecold collected $2 from pot
*** SUMMARY ***
Total pot $2 | Rake $0
Seat 2: Icecold (big blind) collected ($2)
Seat 6: assitoni (button) (small blind) folded before Flop


PokerStars Hand #161158413285:  Hold'em Limit ($3/$6 USD) - 2016/11/09 16:17:52 ET
Table 'Wesson' 10-max Seat #2 is the button
Seat 2: Icecold ($226.82 in chips)
Seat 6: assitoni ($74.26 in chips)
Icecold: posts small blind $1
assitoni: posts big blind $3
*** HOLE CARDS ***
Icecold: raises $3 to $6
assitoni: raises $3 to $9
Icecold: calls $3
*** FLOP *** [Qd Qh Ad]
assitoni: bets $3
Icecold: calls $3
*** TURN *** [Qd Qh Ad] [9s]
assitoni: bets $6
Icecold: folds
Uncalled bet ($6) returned to assitoni
assitoni collected $23.52 from pot
assitoni: doesn't show hand
*** SUMMARY ***
Total pot $24 | Rake $0.48
Board [Qd Qh Ad 9s]
Seat 2: Icecold (button) (small blind) folded on the Turn
Seat 6: assitoni (big blind) collected ($23.52)


PokerStars Hand #161158432531:  Hold'em Limit ($3/$6 USD) - 2016/11/09 16:18:13 ET
Table 'Wesson' 10-max Seat #2 is the button
Seat 2: Icecold ($215.82 in chips)
Seat 6: assitoni ($84.78 in chips)
Icecold: posts small blind $1
assitoni: posts big blind $3
*** HOLE CARDS ***
Icecold: raises $3 to $6
assitoni: raises $3 to $9
Icecold: raises $3 to $12
Betting is capped
assitoni: calls $3
*** FLOP *** [As 9d 2s]
assitoni: checks
Icecold: bets $3
assitoni: calls $3
*** TURN *** [As 9d 2s] [6d]
assitoni: checks
Icecold: bets $6
assitoni: calls $6
*** RIVER *** [As 9d 2s 6d] [Jc]
assitoni: checks
Icecold: bets $6
assitoni: calls $6
*** SHOW DOWN ***
Icecold: shows [Ac Jh] (two pair, Aces and Jacks)
assitoni: mucks hand
Icecold collected $53.50 from pot
*** SUMMARY ***
Total pot $54 | Rake $0.50
Board [As 9d 2s 6d Jc]
Seat 2: Icecold (button) (small blind) showed [Ac Jh] and won ($53.50) with two pair, Aces and Jacks
Seat 6: assitoni (big blind) mucked


PokerStars Hand #161158462593:  Hold'em Limit ($3/$6 USD) - 2016/11/09 16:18:45 ET
Table 'Wesson' 10-max Seat #6 is the button
Seat 2: Icecold ($242.32 in chips)
Seat 6: assitoni ($72 in chips)
assitoni: posts small blind $1
Icecold: posts big blind $3
*** HOLE CARDS ***
assitoni: raises $3 to $6
Icecold: calls $3
*** FLOP *** [5c 7c Td]
Icecold: checks
assitoni: bets $3
Icecold: calls $3
*** TURN *** [5c 7c Td] [Js]
Icecold: checks
assitoni: bets $6
Icecold: calls $6
*** RIVER *** [5c 7c Td Js] [6s]
Icecold: checks
assitoni: checks
*** SHOW DOWN ***
Icecold: shows [Kh Jh] (a pair of Jacks)
assitoni: mucks hand
Icecold collected $29.50 from pot
*** SUMMARY ***
Total pot $30 | Rake $0.50
Board [5c 7c Td Js 6s]
Seat 2: Icecold (big blind) showed [Kh Jh] and won ($29.50) with a pair of Jacks
Seat 6: assitoni (button) (small blind) mucked


PokerStars Hand #161158477930:  Hold'em Limit ($3/$6 USD) - 2016/11/09 16:19:02 ET
Table 'Wesson' 10-max Seat #2 is the button
Seat 2: Icecold ($256.82 in chips)
Seat 6: assitoni ($72 in chips)
Icecold: posts small blind $1
assitoni: posts big blind $3
*** HOLE CARDS ***
Icecold: folds
Uncalled bet ($2) returned to assitoni
assitoni collected $2 from pot
assitoni: doesn't show hand
*** SUMMARY ***
Total pot $2 | Rake $0
Seat 2: Icecold (button) (small blind) folded before Flop
Seat 6: assitoni (big blind) collected ($2)


PokerStars Hand #161158482504:  Hold'em Limit ($3/$6 USD) - 2016/11/09 16:19:07 ET
Table 'Wesson' 10-max Seat #6 is the button
Seat 2: Icecold ($255.82 in chips)
Seat 6: assitoni ($73 in chips)
assitoni: posts small blind $1
Icecold: posts big blind $3
*** HOLE CARDS ***
assitoni: raises $3 to $6
Icecold: calls $3
*** FLOP *** [Jd Jh Ks]
Icecold: checks
assitoni: bets $3
Icecold: calls $3
*** TURN *** [Jd Jh Ks] [As]
Icecold: checks
assitoni: checks
*** RIVER *** [Jd Jh Ks As] [6s]
Icecold: checks
assitoni: checks
*** SHOW DOWN ***
Icecold: shows [Ac 6h] (two pair, Aces and Jacks)
assitoni: mucks hand
Icecold collected $17.64 from pot
*** SUMMARY ***
Total pot $18 | Rake $0.36
Board [Jd Jh Ks As 6s]
Seat 2: Icecold (big blind) showed [Ac 6h] and won ($17.64) with two pair, Aces and Jacks
Seat 6: assitoni (button) (small blind) mucked


PokerStars Hand #161158499874:  Hold'em Limit ($3/$6 USD) - 2016/11/09 16:19:25 ET
Table 'Wesson' 10-max Seat #2 is the button
Seat 2: Icecold ($264.46 in chips)
Seat 6: assitoni ($72 in chips)
Icecold: posts small blind $1
assitoni: posts big blind $3
*** HOLE CARDS ***
Icecold: raises $3 to $6
assitoni: calls $3
*** FLOP *** [As 3d 8c]
assitoni: checks
Icecold: bets $3
assitoni: calls $3
*** TURN *** [As 3d 8c] [9c]
assitoni: checks
Icecold: checks
*** RIVER *** [As 3d 8c 9c] [Jc]
assitoni: bets $6
Icecold: folds
Uncalled bet ($6) returned to assitoni
assitoni collected $17.64 from pot
assitoni: doesn't show hand
*** SUMMARY ***
Total pot $18 | Rake $0.36
Board [As 3d 8c 9c Jc]
Seat 2: Icecold (button) (small blind) folded on the River
Seat 6: assitoni (big blind) collected ($17.64)


PokerStars Hand #161158527505:  Hold'em Limit ($3/$6 USD) - 2016/11/09 16:19:55 ET
Table 'Wesson' 10-max Seat #2 is the button
Seat 2: Icecold ($252.46 in chips)
Seat 6: assitoni ($83.64 in chips)
Icecold: posts small blind $1
assitoni: posts big blind $3
*** HOLE CARDS ***
Icecold: folds
Uncalled bet ($2) returned to assitoni
assitoni collected $2 from pot
assitoni: doesn't show hand
*** SUMMARY ***
Total pot $2 | Rake $0
Seat 2: Icecold (button) (small blind) folded before Flop
Seat 6: assitoni (big blind) collected ($2)


PokerStars Hand #161158521505:  Hold'em Limit ($3/$6 USD) - 2016/11/09 16:19:49 ET
Table 'Wesson' 10-max Seat #6 is the button
Seat 2: Icecold ($255.46 in chips)
Seat 6: assitoni ($80.64 in chips)
assitoni: posts small blind $1
Icecold: posts big blind $3
*** HOLE CARDS ***
assitoni: raises $3 to $6
Icecold: folds
Uncalled bet ($3) returned to assitoni
assitoni collected $6 from pot
assitoni: doesn't show hand
*** SUMMARY ***
Total pot $6 | Rake $0
Seat 2: Icecold (big blind) folded before Flop
Seat 6: assitoni (button) (small blind) collected ($6)


PokerStars Hand #161158532436:  Hold'em Limit ($3/$6 USD) - 2016/11/09 16:20:00 ET
Table 'Wesson' 10-max Seat #6 is the button
Seat 2: Icecold ($251.46 in chips)
Seat 6: assitoni ($84.64 in chips)
assitoni: posts small blind $1
Icecold: posts big blind $3
*** HOLE CARDS ***
assitoni: folds
Uncalled bet ($2) returned to Icecold
Icecold collected $2 from pot
*** SUMMARY ***
Total pot $2 | Rake $0
Seat 2: Icecold (big blind) collected ($2)
Seat 6: assitoni (button) (small blind) folded before Flop


PokerStars Hand #161158537747:  Hold'em Limit ($3/$6 USD) - 2016/11/09 16:20:06 ET
Table 'Wesson' 10-max Seat #2 is the button
Seat 2: Icecold ($252.46 in chips)
Seat 6: assitoni ($83.64 in chips)
Icecold: posts small blind $1
assitoni: posts big blind $3
*** HOLE CARDS ***
Icecold: raises $3 to $6
assitoni: calls $3
*** FLOP *** [6c 8c 9d]
assitoni: checks
Icecold: bets $3
assitoni: folds
Uncalled bet ($3) returned to Icecold
Icecold collected $11.76 from pot
*** SUMMARY ***
Total pot $12 | Rake $0.24
Board [6c 8c 9d]
Seat 2: Icecold (button) (small blind) collected ($11.76)
Seat 6: assitoni (big blind) folded on the Flop


PokerStars Hand #161158547851:  Hold'em Limit ($3/$6 USD) - 2016/11/09 16:20:16 ET
Table 'Wesson' 10-max Seat #6 is the button
Seat 2: Icecold ($258.22 in chips)
Seat 6: assitoni ($77.64 in chips)
assitoni: posts small blind $1
Icecold: posts big blind $3
*** HOLE CARDS ***
assitoni: raises $3 to $6
Icecold: calls $3
*** FLOP *** [Jh 3h Ts]
Icecold: checks
assitoni: bets $3
Icecold: calls $3
*** TURN *** [Jh 3h Ts] [3s]
Icecold: checks
assitoni: checks
*** RIVER *** [Jh 3h Ts 3s] [Ah]
Icecold: bets $6
assitoni: calls $6
*** SHOW DOWN ***
Icecold: shows [3c 2c] (three of a kind, Threes)
assitoni: mucks hand
Icecold collected $29.50 from pot
*** SUMMARY ***
Total pot $30 | Rake $0.50
Board [Jh 3h Ts 3s Ah]
Seat 2: Icecold (big blind) showed [3c 2c] and won ($29.50) with three of a kind, Threes
Seat 6: assitoni (button) (small blind) mucked


PokerStars Hand #161158563718:  Hold'em Limit ($3/$6 USD) - 2016/11/09 16:20:33 ET
Table 'Wesson' 10-max Seat #2 is the button
Seat 2: Icecold ($272.72 in chips)
Seat 6: assitoni ($72 in chips)
Icecold: posts small blind $1
assitoni: posts big blind $3
*** HOLE CARDS ***
Icecold: raises $3 to $6
assitoni: calls $3
*** FLOP *** [8h 9d Kc]
assitoni: checks
Icecold: bets $3
assitoni: calls $3
*** TURN *** [8h 9d Kc] [Ts]
assitoni: checks
Icecold: bets $6
assitoni: folds
Uncalled bet ($6) returned to Icecold
Icecold collected $17.64 from pot
*** SUMMARY ***
Total pot $18 | Rake $0.36
Board [8h 9d Kc Ts]
Seat 2: Icecold (button) (small blind) collected ($17.64)
Seat 6: assitoni (big blind) folded on the Turn


PokerStars Hand #161158585826:  Hold'em Limit ($3/$6 USD) - 2016/11/09 16:20:57 ET
Table 'Wesson' 10-max Seat #2 is the button
Seat 2: Icecold ($282.36 in chips)
Seat 6: assitoni ($72 in chips)
Icecold: posts small blind $1
assitoni: posts big blind $3
*** HOLE CARDS ***
Icecold: folds
Uncalled bet ($2) returned to assitoni
assitoni collected $2 from pot
assitoni: doesn't show hand
*** SUMMARY ***
Total pot $2 | Rake $0
Seat 2: Icecold (button) (small blind) folded before Flop
Seat 6: assitoni (big blind) collected ($2)


PokerStars Hand #161158579997:  Hold'em Limit ($3/$6 USD) - 2016/11/09 16:20:51 ET
Table 'Wesson' 10-max Seat #6 is the button
Seat 2: Icecold ($281.36 in chips)
Seat 6: assitoni ($72 in chips)
assitoni: posts small blind $1
Icecold: posts big blind $3
*** HOLE CARDS ***
assitoni: folds
Uncalled bet ($2) returned to Icecold
Icecold collected $2 from pot
*** SUMMARY ***
Total pot $2 | Rake $0
Seat 2: Icecold (big blind) collected ($2)
Seat 6: assitoni (button) (small blind) folded before Flop


PokerStars Hand #161158595413:  Hold'em Limit ($3/$6 USD) - 2016/11/09 16:21:08 ET
Table 'Wesson' 10-max Seat #2 is the button
Seat 2: Icecold ($282.36 in chips)
Seat 6: assitoni ($72 in chips)
Icecold: posts small blind $1
assitoni: posts big blind $3
*** HOLE CARDS ***
Icecold: folds
Uncalled bet ($2) returned to assitoni
assitoni collected $2 from pot
assitoni: doesn't show hand
*** SUMMARY ***
Total pot $2 | Rake $0
Seat 2: Icecold (button) (small blind) folded before Flop
Seat 6: assitoni (big blind) collected ($2)


PokerStars Hand #161158590592:  Hold'em Limit ($3/$6 USD) - 2016/11/09 16:21:02 ET
Table 'Wesson' 10-max Seat #6 is the button
Seat 2: Icecold ($281.36 in chips)
Seat 6: assitoni ($73 in chips)
assitoni: posts small blind $1
Icecold: posts big blind $3
*** HOLE CARDS ***
assitoni: folds
Uncalled bet ($2) returned to Icecold
Icecold collected $2 from pot
*** SUMMARY ***
Total pot $2 | Rake $0
Seat 2: Icecold (big blind) collected ($2)
Seat 6: assitoni (button) (small blind) folded before Flop


PokerStars Hand #161158599632:  Hold'em Limit ($3/$6 USD) - 2016/11/09 16:21:12 ET
Table 'Wesson' 10-max Seat #6 is the button
Seat 2: Icecold ($281.36 in chips)
Seat 6: assitoni ($73 in chips)
assitoni: posts small blind $1
Icecold: posts big blind $3
*** HOLE CARDS ***
assitoni: raises $3 to $6
Icecold: calls $3
*** FLOP *** [Jc 4d 3d]
Icecold: checks
assitoni: bets $3
Icecold: calls $3
*** TURN *** [Jc 4d 3d] [Td]
Icecold: checks
assitoni: bets $6
Icecold: calls $6
*** RIVER *** [Jc 4d 3d Td] [4s]
Icecold: checks
assitoni: bets $6
Icecold: calls $6
*** SHOW DOWN ***
assitoni: shows [6c 9s] (a pair of Fours)
Icecold: shows [Qs 3h] (two pair, Fours and Threes)
Icecold collected $41.50 from pot
*** SUMMARY ***
Total pot $42 | Rake $0.50
Board [Jc 4d 3d Td 4s]
Seat 2: Icecold (big blind) showed [Qs 3h] and won ($41.50) with two pair, Fours and Threes
Seat 6: assitoni (button) (small blind) showed [6c 9s] and lost with a pair of Fours


PokerStars Hand #161158616566:  Hold'em Limit ($3/$6 USD) - 2016/11/09 16:21:30 ET
Table 'Wesson' 10-max Seat #2 is the button
Seat 2: Icecold ($301.86 in chips)
Seat 6: assitoni ($72 in chips)
Icecold: posts small blind $1
assitoni: posts big blind $3
*** HOLE CARDS ***
Icecold: raises $3 to $6
assitoni: calls $3
*** FLOP *** [4c Kd Qh]
assitoni: checks
Icecold: checks
*** TURN *** [4c Kd Qh] [Ad]
assitoni: checks
Icecold: bets $6
assitoni: folds
Uncalled bet ($6) returned to Icecold
Icecold collected $11.76 from pot
*** SUMMARY ***
Total pot $12 | Rake $0.24
Board [4c Kd Qh Ad]
Seat 2: Icecold (button) (small blind) collected ($11.76)
Seat 6: assitoni (big blind) folded on the Turn


PokerStars Hand #161158632378:  Hold'em Limit ($3/$6 USD) - 2016/11/09 16:21:47 ET
Table 'Wesson' 10-max Seat #6 is the button
Seat 2: Icecold ($307.62 in chips)
Seat 6: assitoni ($72 in chips)
assitoni: posts small blind $1
Icecold: posts big blind $3
*** HOLE CARDS ***
assitoni: raises $3 to $6
Icecold: calls $3
*** FLOP *** [Jh Qh 5d]
Icecold: checks
assitoni: bets $3
Icecold: calls $3
*** TURN *** [Jh Qh 5d] [7h]
Icecold: checks
assitoni: bets $6
Icecold: folds
Uncalled bet ($6) returned to assitoni
assitoni collected $17.64 from pot
assitoni: doesn't show hand
*** SUMMARY ***
Total pot $18 | Rake $0.36
Board [Jh Qh 5d 7h]
Seat 2: Icecold (big blind) folded on the Turn
Seat 6: assitoni (button) (small blind) collected ($17.64)


PokerStars Hand #161158645022:  Hold'em Limit ($3/$6 USD) - 2016/11/09 16:22:01 ET
Table 'Wesson' 10-max Seat #2 is the button
Seat 2: Icecold ($298.62 in chips)
Seat 6: assitoni ($80.64 in chips)
Icecold: posts small blind $1
assitoni: posts big blind $3
*** HOLE CARDS ***
Icecold: raises $3 to $6
assitoni: folds
Uncalled bet ($3) returned to Icecold
Icecold collected $6 from pot
*** SUMMARY ***
Total pot $6 | Rake $0
Seat 2: Icecold (button) (small blind) collected ($6)
Seat 6: assitoni (big blind) folded before Flop


PokerStars Hand #161158651075:  Hold'em Limit ($3/$6 USD) - 2016/11/09 16:22:08 ET
Table 'Wesson' 10-max Seat #6 is the button
Seat 2: Icecold ($301.62 in chips)
Seat 6: assitoni ($77.64 in chips)
assitoni: posts small blind $1
Icecold: posts big blind $3
*** HOLE CARDS ***
assitoni: raises $3 to $6
Icecold: calls $3
*** FLOP *** [4s 8d Th]
Icecold: checks
assitoni: bets $3
Icecold: raises $3 to $6
assitoni: calls $3
*** TURN *** [4s 8d Th] [5s]
Icecold: bets $6
assitoni: raises $6 to $12
Icecold: calls $6
*** RIVER *** [4s 8d Th 5s] [2c]
Icecold: checks
assitoni: bets $6
Icecold: calls $6
*** SHOW DOWN ***
assitoni: shows [As Ts] (a pair of Tens)
Icecold: mucks hand
assitoni collected $59.50 from pot
*** SUMMARY ***
Total pot $60 | Rake $0.50
Board [4s 8d Th 5s 2c]
Seat 2: Icecold (big blind) mucked
Seat 6: assitoni (button) (small blind) showed [As Ts] and won ($59.50) with a pair of Tens


PokerStars Hand #161158673296:  Hold'em Limit ($3/$6 USD) - 2016/11/09 16:22:32 ET
Table 'Wesson' 10-max Seat #2 is the button
Seat 2: Icecold ($271.62 in chips)
Seat 6: assitoni ($107.14 in chips)
Icecold: posts small blind $1
assitoni: posts big blind $3
*** HOLE CARDS ***
Icecold: raises $3 to $6
assitoni: folds
Uncalled bet ($3) returned to Icecold
Icecold collected $6 from pot
*** SUMMARY ***
Total pot $6 | Rake $0
Seat 2: Icecold (button) (small blind) collected ($6)
Seat 6: assitoni (big blind) folded before Flop


PokerStars Hand #161158679643:  Hold'em Limit ($3/$6 USD) - 2016/11/09 16:22:38 ET
Table 'Wesson' 10-max Seat #6 is the button
Seat 2: Icecold ($274.62 in chips)
Seat 6: assitoni ($104.14 in chips)
assitoni: posts small blind $1
Icecold: posts big blind $3
*** HOLE CARDS ***
assitoni: raises $3 to $6
Icecold: calls $3
*** FLOP *** [Qh Js 2s]
Icecold: checks
assitoni: bets $3
Icecold: folds
Uncalled bet ($3) returned to assitoni
assitoni collected $11.76 from pot
assitoni: doesn't show hand
*** SUMMARY ***
Total pot $12 | Rake $0.24
Board [Qh Js 2s]
Seat 2: Icecold (big blind) folded on the Flop
Seat 6: assitoni (button) (small blind) collected ($11.76)


PokerStars Hand #161158706231:  Hold'em Limit ($3/$6 USD) - 2016/11/09 16:23:07 ET
Table 'Wesson' 10-max Seat #6 is the button
Seat 2: Icecold ($256.62 in chips)
Seat 6: assitoni ($121.42 in chips)
assitoni: posts small blind $1
Icecold: posts big blind $3
*** HOLE CARDS ***
assitoni: folds
Uncalled bet ($2) returned to Icecold
Icecold collected $2 from pot
*** SUMMARY ***
Total pot $2 | Rake $0
Seat 2: Icecold (big blind) collected ($2)
Seat 6: assitoni (button) (small blind) folded before Flop


PokerStars Hand #161158688705:  Hold'em Limit ($3/$6 USD) - 2016/11/09 16:22:48 ET
Table 'Wesson' 10-max Seat #2 is the button
Seat 2: Icecold ($268.62 in chips)
Seat 6: assitoni ($109.90 in chips)
Icecold: posts small blind $1
assitoni: posts big blind $3
*** HOLE CARDS ***
Icecold: raises $3 to $6
assitoni: calls $3
*** FLOP *** [8d Qh 7h]
assitoni: checks
Icecold: checks
*** TURN *** [8d Qh 7h] [3s]
assitoni: checks
Icecold: bets $6
assitoni: raises $6 to $12
Icecold: folds
Uncalled bet ($6) returned to assitoni
assitoni collected $23.52 from pot
assitoni: doesn't show hand
*** SUMMARY ***
Total pot $24 | Rake $0.48
Board [8d Qh 7h 3s]
Seat 2: Icecold (button) (small blind) folded on the Turn
Seat 6: assitoni (big blind) collected ($23.52)


PokerStars Hand #161158711152:  Hold'em Limit ($3/$6 USD) - 2016/11/09 16:23:12 ET
Table 'Wesson' 10-max Seat #2 is the button
Seat 2: Icecold ($257.62 in chips)
Seat 6: assitoni ($120.42 in chips)
Icecold: posts small blind $1
assitoni: posts big blind $3
*** HOLE CARDS ***
Icecold: folds
Uncalled bet ($2) returned to assitoni
assitoni collected $2 from pot
assitoni: doesn't show hand
*** SUMMARY ***
Total pot $2 | Rake $0
Seat 2: Icecold (button) (small blind) folded before Flop
Seat 6: assitoni (big blind) collected ($2)


PokerStars Hand #161158716234:  Hold'em Limit ($3/$6 USD) - 2016/11/09 16:23:18 ET
Table 'Wesson' 10-max Seat #6 is the button
Seat 2: Icecold ($256.62 in chips)
Seat 6: assitoni ($121.42 in chips)
assitoni: posts small blind $1
Icecold: posts big blind $3
*** HOLE CARDS ***
assitoni: raises $3 to $6
Icecold: calls $3
*** FLOP *** [Ad Qh Qs]
Icecold: checks
assitoni: bets $3
Icecold: raises $3 to $6
assitoni: raises $3 to $9
Icecold: calls $3
*** TURN *** [Ad Qh Qs] [5c]
Icecold: checks
assitoni: checks
*** RIVER *** [Ad Qh Qs 5c] [Kh]
Icecold: checks
assitoni: checks
*** SHOW DOWN ***
Icecold: shows [Ts 5s] (two pair, Queens and Fives)
assitoni: mucks hand
Icecold collected $29.50 from pot
*** SUMMARY ***
Total pot $30 | Rake $0.50
Board [Ad Qh Qs 5c Kh]
Seat 2: Icecold (big blind) showed [Ts 5s] and won ($29.50) with two pair, Queens and Fives
Seat 6: assitoni (button) (small blind) mucked


PokerStars Hand #161158735334:  Hold'em Limit ($3/$6 USD) - 2016/11/09 16:23:38 ET
Table 'Wesson' 10-max Seat #2 is the button
Seat 2: Icecold ($271.12 in chips)
Seat 6: assitoni ($106.42 in chips)
Icecold: posts small blind $1
assitoni: posts big blind $3
*** HOLE CARDS ***
Icecold: raises $3 to $6
assitoni: calls $3
*** FLOP *** [9c 5d Kd]
assitoni: checks
Icecold: bets $3
assitoni: raises $3 to $6
Icecold: calls $3
*** TURN *** [9c 5d Kd] [3d]
assitoni: bets $6
Icecold: calls $6
*** RIVER *** [9c 5d Kd 3d] [4d]
assitoni: checks
Icecold: bets $6
assitoni: calls $6
*** SHOW DOWN ***
Icecold: shows [Td Jh] (a flush, King high)
assitoni: mucks hand
Icecold collected $47.50 from pot
*** SUMMARY ***
Total pot $48 | Rake $0.50
Board [9c 5d Kd 3d 4d]
Seat 2: Icecold (button) (small blind) showed [Td Jh] and won ($47.50) with a flush, King high
Seat 6: assitoni (big blind) mucked


PokerStars Hand #161158758196:  Hold'em Limit ($3/$6 USD) - 2016/11/09 16:24:03 ET
Table 'Wesson' 10-max Seat #6 is the button
Seat 2: Icecold ($294.62 in chips)
Seat 6: assitoni ($82.42 in chips)
assitoni: posts small blind $1
Icecold: posts big blind $3
*** HOLE CARDS ***
assitoni: raises $3 to $6
Icecold: calls $3
*** FLOP *** [Ks Ts 2d]
Icecold: checks
assitoni: bets $3
Icecold: calls $3
*** TURN *** [Ks Ts 2d] [9d]
Icecold: checks
assitoni: checks
*** RIVER *** [Ks Ts 2d 9d] [As]
Icecold: checks
assitoni: checks
*** SHOW DOWN ***
Icecold: shows [8c Th] (a pair of Tens)
assitoni: mucks hand
Icecold collected $17.64 from pot
*** SUMMARY ***
Total pot $18 | Rake $0.36
Board [Ks Ts 2d 9d As]
Seat 2: Icecold (big blind) showed [8c Th] and won ($17.64) with a pair of Tens
Seat 6: assitoni (button) (small blind) mucked


PokerStars Hand #161158772960:  Hold'em Limit ($3/$6 USD) - 2016/11/09 16:24:19 ET
Table 'Wesson' 10-max Seat #2 is the button
Seat 2: Icecold ($303.26 in chips)
Seat 6: assitoni ($73.42 in chips)
Icecold: posts small blind $1
assitoni: posts big blind $3
*** HOLE CARDS ***
Icecold: raises $3 to $6
assitoni: raises $3 to $9
Icecold: calls $3
*** FLOP *** [2h 6s 7s]
assitoni: bets $3
Icecold: calls $3
*** TURN *** [2h 6s 7s] [7d]
assitoni: bets $6
Icecold: calls $6
*** RIVER *** [2h 6s 7s 7d] [2c]
assitoni: bets $6
Icecold: folds
Uncalled bet ($6) returned to assitoni
assitoni collected $35.50 from pot
assitoni: doesn't show hand
*** SUMMARY ***
Total pot $36 | Rake $0.50
Board [2h 6s 7s 7d 2c]
Seat 2: Icecold (button) (small blind) folded on the River
Seat 6: assitoni (big blind) collected ($35.50)


PokerStars Hand #161158815153:  Hold'em Limit ($3/$6 USD) - 2016/11/09 16:25:04 ET
Table 'Wesson' 10-max Seat #2 is the button
Seat 2: Icecold ($293.90 in chips)
Seat 6: assitoni ($81.92 in chips)
Icecold: posts small blind $1
assitoni: posts big blind $3
*** HOLE CARDS ***
Icecold: raises $3 to $6
assitoni: folds
Uncalled bet ($3) returned to Icecold
Icecold collected $6 from pot
*** SUMMARY ***
Total pot $6 | Rake $0
Seat 2: Icecold (button) (small blind) collected ($6)
Seat 6: assitoni (big blind) folded before Flop


PokerStars Hand #161158798646:  Hold'em Limit ($3/$6 USD) - 2016/11/09 16:24:46 ET
Table 'Wesson' 10-max Seat #6 is the button
Seat 2: Icecold ($285.26 in chips)
Seat 6: assitoni ($90.92 in chips)
assitoni: posts small blind $1
Icecold: posts big blind $3
*** HOLE CARDS ***
assitoni: raises $3 to $6
Icecold: calls $3
*** FLOP *** [As Td Kc]
Icecold: checks
assitoni: bets $3
Icecold: calls $3
*** TURN *** [As Td Kc] [9h]
Icecold: checks
assitoni: checks
*** RIVER *** [As Td Kc 9h] [7d]
Icecold: bets $6
assitoni: folds
Uncalled bet ($6) returned to Icecold
Icecold collected $17.64 from pot
*** SUMMARY ***
Total pot $18 | Rake $0.36
Board [As Td Kc 9h 7d]
Seat 2: Icecold (big blind) collected ($17.64)
Seat 6: assitoni (button) (small blind) folded on the River


PokerStars Hand #161158826170:  Hold'em Limit ($3/$6 USD) - 2016/11/09 16:25:16 ET
Table 'Wesson' 10-max Seat #2 is the button
Seat 2: Icecold ($297.90 in chips)
Seat 6: assitoni ($77.92 in chips)
Icecold: posts small blind $1
assitoni: posts big blind $3
*** HOLE CARDS ***
Icecold: folds
Uncalled bet ($2) returned to assitoni
assitoni collected $2 from pot
assitoni: doesn't show hand
*** SUMMARY ***
Total pot $2 | Rake $0
Seat 2: Icecold (button) (small blind) folded before Flop
Seat 6: assitoni (big blind) collected ($2)


PokerStars Hand #161158820520:  Hold'em Limit ($3/$6 USD) - 2016/11/09 16:25:10 ET
Table 'Wesson' 10-max Seat #6 is the button
Seat 2: Icecold ($296.90 in chips)
Seat 6: assitoni ($78.92 in chips)
assitoni: posts small blind $1
Icecold: posts big blind $3
*** HOLE CARDS ***
assitoni: folds
Uncalled bet ($2) returned to Icecold
Icecold collected $2 from pot
*** SUMMARY ***
Total pot $2 | Rake $0
Seat 2: Icecold (big blind) collected ($2)
Seat 6: assitoni (button) (small blind) folded before Flop


PokerStars Hand #161158831278:  Hold'em Limit ($3/$6 USD) - 2016/11/09 16:25:22 ET
Table 'Wesson' 10-max Seat #6 is the button
Seat 2: Icecold ($296.90 in chips)
Seat 6: assitoni ($78.92 in chips)
assitoni: posts small blind $1
Icecold: posts big blind $3
*** HOLE CARDS ***
assitoni: folds
Uncalled bet ($2) returned to Icecold
Icecold collected $2 from pot
*** SUMMARY ***
Total pot $2 | Rake $0
Seat 2: Icecold (big blind) collected ($2)
Seat 6: assitoni (button) (small blind) folded before Flop


PokerStars Hand #161158836796:  Hold'em Limit ($3/$6 USD) - 2016/11/09 16:25:28 ET
Table 'Wesson' 10-max Seat #2 is the button
Seat 2: Icecold ($297.90 in chips)
Seat 6: assitoni ($77.92 in chips)
Icecold: posts small blind $1
assitoni: posts big blind $3
*** HOLE CARDS ***
Icecold: raises $3 to $6
assitoni: calls $3
*** FLOP *** [2d 4c Kh]
assitoni: checks
Icecold: bets $3
assitoni: calls $3
*** TURN *** [2d 4c Kh] [Tc]
assitoni: checks
Icecold: bets $6
assitoni: calls $6
*** RIVER *** [2d 4c Kh Tc] [7s]
assitoni: checks
Icecold: checks
*** SHOW DOWN ***
assitoni: shows [4h As] (a pair of Fours)
Icecold: shows [6s 6h] (a pair of Sixes)
Icecold collected $29.50 from pot
*** SUMMARY ***
Total pot $30 | Rake $0.50
Board [2d 4c Kh Tc 7s]
Seat 2: Icecold (button) (small blind) showed [6s 6h] and won ($29.50) with a pair of Sixes
Seat 6: assitoni (big blind) showed [4h As] and lost with a pair of Fours


PokerStars Hand #161158858245:  Hold'em Limit ($3/$6 USD) - 2016/11/09 16:25:51 ET
Table 'Wesson' 10-max Seat #6 is the button
Seat 2: Icecold ($312.40 in chips)
Seat 6: assitoni ($72 in chips)
assitoni: posts small blind $1
Icecold: posts big blind $3
*** HOLE CARDS ***
assitoni: folds
Uncalled bet ($2) returned to Icecold
Icecold collected $2 from pot
*** SUMMARY ***
Total pot $2 | Rake $0
Seat 2: Icecold (big blind) collected ($2)
Seat 6: assitoni (button) (small blind) folded before Flop


PokerStars Hand #161158872200:  Hold'em Limit ($3/$6 USD) - 2016/11/09 16:26:06 ET
Table 'Wesson' 10-max Seat #6 is the button
Seat 2: Icecold ($316.40 in chips)
Seat 6: assitoni ($72 in chips)
assitoni: posts small blind $1
Icecold: posts big blind $3
*** HOLE CARDS ***
assitoni: raises $3 to $6
Icecold: folds
Uncalled bet ($3) returned to assitoni
assitoni collected $6 from pot
assitoni: doesn't show hand
*** SUMMARY ***
Total pot $6 | Rake $0
Seat 2: Icecold (big blind) folded before Flop
Seat 6: assitoni (button) (small blind) collected ($6)


PokerStars Hand #161158865458:  Hold'em Limit ($3/$6 USD) - 2016/11/09 16:25:59 ET
Table 'Wesson' 10-max Seat #2 is the button
Seat 2: Icecold ($313.40 in chips)
Seat 6: assitoni ($72 in chips)
Icecold: posts small blind $1
assitoni: posts big blind $3
*** HOLE CARDS ***
Icecold: raises $3 to $6
assitoni: folds
Uncalled bet ($3) returned to Icecold
Icecold collected $6 from pot
Icecold: shows [Qh Qc] (a pair of Queens)
*** SUMMARY ***
Total pot $6 | Rake $0
Seat 2: Icecold (button) (small blind) collected ($6)
Seat 6: assitoni (big blind) folded before Flop


PokerStars Hand #161158877493:  Hold'em Limit ($3/$6 USD) - 2016/11/09 16:26:12 ET
Table 'Wesson' 10-max Seat #2 is the button
Seat 2: Icecold ($313.40 in chips)
Seat 6: assitoni ($75 in chips)
Icecold: posts small blind $1
assitoni: posts big blind $3
*** HOLE CARDS ***
Icecold: raises $3 to $6
assitoni: folds
Uncalled bet ($3) returned to Icecold
Icecold collected $6 from pot
*** SUMMARY ***
Total pot $6 | Rake $0
Seat 2: Icecold (button) (small blind) collected ($6)
Seat 6: assitoni (big blind) folded before Flop


PokerStars Hand #161158883953:  Hold'em Limit ($3/$6 USD) - 2016/11/09 16:26:19 ET
Table 'Wesson' 10-max Seat #6 is the button
Seat 2: Icecold ($316.40 in chips)
Seat 6: assitoni ($72 in chips)
assitoni: posts small blind $1
Icecold: posts big blind $3
*** HOLE CARDS ***
assitoni: raises $3 to $6
Icecold: calls $3
*** FLOP *** [8c 3d Jc]
Icecold: checks
assitoni: bets $3
Icecold: folds
Uncalled bet ($3) returned to assitoni
assitoni collected $11.76 from pot
assitoni: doesn't show hand
*** SUMMARY ***
Total pot $12 | Rake $0.24
Board [8c 3d Jc]
Seat 2: Icecold (big blind) folded on the Flop
Seat 6: assitoni (button) (small blind) collected ($11.76)


PokerStars Hand #161158904875:  Hold'em Limit ($3/$6 USD) - 2016/11/09 16:26:42 ET
Table 'Wesson' 10-max Seat #2 is the button
Seat 2: Icecold ($310.40 in chips)
Seat 6: assitoni ($77.76 in chips)
Icecold: posts small blind $1
assitoni: posts big blind $3
*** HOLE CARDS ***
Icecold: raises $3 to $6
assitoni: folds
Uncalled bet ($3) returned to Icecold
Icecold collected $6 from pot
*** SUMMARY ***
Total pot $6 | Rake $0
Seat 2: Icecold (button) (small blind) collected ($6)
Seat 6: assitoni (big blind) folded before Flop


PokerStars Hand #161158899366:  Hold'em Limit ($3/$6 USD) - 2016/11/09 16:26:36 ET
Table 'Wesson' 10-max Seat #6 is the button
Seat 2: Icecold ($309.40 in chips)
Seat 6: assitoni ($78.76 in chips)
assitoni: posts small blind $1
Icecold: posts big blind $3
*** HOLE CARDS ***
assitoni: folds
Uncalled bet ($2) returned to Icecold
Icecold collected $2 from pot
*** SUMMARY ***
Total pot $2 | Rake $0
Seat 2: Icecold (big blind) collected ($2)
Seat 6: assitoni (button) (small blind) folded before Flop


PokerStars Hand #161158894821:  Hold'em Limit ($3/$6 USD) - 2016/11/09 16:26:31 ET
Table 'Wesson' 10-max Seat #2 is the button
Seat 2: Icecold ($310.40 in chips)
Seat 6: assitoni ($77.76 in chips)
Icecold: posts small blind $1
assitoni: posts big blind $3
*** HOLE CARDS ***
Icecold: folds
Uncalled bet ($2) returned to assitoni
assitoni collected $2 from pot
assitoni: doesn't show hand
*** SUMMARY ***
Total pot $2 | Rake $0
Seat 2: Icecold (button) (small blind) folded before Flop
Seat 6: assitoni (big blind) collected ($2)


PokerStars Hand #161158911734:  Hold'em Limit ($3/$6 USD) - 2016/11/09 16:26:49 ET
Table 'Wesson' 10-max Seat #6 is the button
Seat 2: Icecold ($313.40 in chips)
Seat 6: assitoni ($74.76 in chips)
assitoni: posts small blind $1
Icecold: posts big blind $3
*** HOLE CARDS ***
assitoni: raises $3 to $6
Icecold: calls $3
*** FLOP *** [Qs 5d Ah]
Icecold: checks
assitoni: bets $3
Icecold: folds
Uncalled bet ($3) returned to assitoni
assitoni collected $11.76 from pot
assitoni: doesn't show hand
*** SUMMARY ***
Total pot $12 | Rake $0.24
Board [Qs 5d Ah]
Seat 2: Icecold (big blind) folded on the Flop
Seat 6: assitoni (button) (small blind) collected ($11.76)


PokerStars Hand #161158921296:  Hold'em Limit ($3/$6 USD) - 2016/11/09 16:27:00 ET
Table 'Wesson' 10-max Seat #2 is the button
Seat 2: Icecold ($307.40 in chips)
Seat 6: assitoni ($80.52 in chips)
Icecold: posts small blind $1
assitoni: posts big blind $3
*** HOLE CARDS ***
Icecold: raises $3 to $6
assitoni: raises $3 to $9
Icecold: calls $3
*** FLOP *** [Kc 5c 3h]
assitoni: bets $3
Icecold: folds
Uncalled bet ($3) returned to assitoni
assitoni collected $17.64 from pot
assitoni: doesn't show hand
*** SUMMARY ***
Total pot $18 | Rake $0.36
Board [Kc 5c 3h]
Seat 2: Icecold (button) (small blind) folded on the Flop
Seat 6: assitoni (big blind) collected ($17.64)


PokerStars Hand #161158932095:  Hold'em Limit ($3/$6 USD) - 2016/11/09 16:27:12 ET
Table 'Wesson' 10-max Seat #6 is the button
Seat 2: Icecold ($298.40 in chips)
Seat 6: assitoni ($89.16 in chips)
assitoni: posts small blind $1
Icecold: posts big blind $3
*** HOLE CARDS ***
assitoni: raises $3 to $6
Icecold: calls $3
*** FLOP *** [Tc 3s Qh]
Icecold: checks
assitoni: bets $3
Icecold: calls $3
*** TURN *** [Tc 3s Qh] [6d]
Icecold: checks
assitoni: bets $6
Icecold: calls $6
*** RIVER *** [Tc 3s Qh 6d] [7h]
Icecold: checks
assitoni: checks
*** SHOW DOWN ***
Icecold: shows [9h 8h] (a straight, Six to Ten)
assitoni: mucks hand
Icecold collected $29.50 from pot
*** SUMMARY ***
Total pot $30 | Rake $0.50
Board [Tc 3s Qh 6d 7h]
Seat 2: Icecold (big blind) showed [9h 8h] and won ($29.50) with a straight, Six to Ten
Seat 6: assitoni (button) (small blind) mucked


PokerStars Hand #161158947577:  Hold'em Limit ($3/$6 USD) - 2016/11/09 16:27:29 ET
Table 'Wesson' 10-max Seat #2 is the button
Seat 2: Icecold ($312.90 in chips)
Seat 6: assitoni ($74.16 in chips)
Icecold: posts small blind $1
assitoni: posts big blind $3
*** HOLE CARDS ***
Icecold: raises $3 to $6
assitoni: raises $3 to $9
Icecold: calls $3
*** FLOP *** [3h 2c As]
assitoni: bets $3
Icecold: raises $3 to $6
assitoni: calls $3
*** TURN *** [3h 2c As] [Jc]
assitoni: checks
Icecold: bets $6
assitoni: folds
Uncalled bet ($6) returned to Icecold
Icecold collected $29.50 from pot
*** SUMMARY ***
Total pot $30 | Rake $0.50
Board [3h 2c As Jc]
Seat 2: Icecold (button) (small blind) collected ($29.50)
Seat 6: assitoni (big blind) folded on the Turn


PokerStars Hand #161158962598:  Hold'em Limit ($3/$6 USD) - 2016/11/09 16:27:45 ET
Table 'Wesson' 10-max Seat #6 is the button
Seat 2: Icecold ($327.40 in chips)
Seat 6: assitoni ($72 in chips)
assitoni: posts small blind $1
Icecold: posts big blind $3
*** HOLE CARDS ***
assitoni: raises $3 to $6
Icecold: calls $3
*** FLOP *** [7c 6s Qc]
Icecold: checks
assitoni: bets $3
Icecold: calls $3
*** TURN *** [7c 6s Qc] [4c]
Icecold: checks
assitoni: bets $6
Icecold: calls $6
*** RIVER *** [7c 6s Qc 4c] [8c]
Icecold: checks
assitoni: checks
*** SHOW DOWN ***
Icecold: shows [9h 6d] (a pair of Sixes)
assitoni: shows [4h Qd] (two pair, Queens and Fours)
assitoni collected $29.50 from pot
*** SUMMARY ***
Total pot $30 | Rake $0.50
Board [7c 6s Qc 4c 8c]
Seat 2: Icecold (big blind) showed [9h 6d] and lost with a pair of Sixes
Seat 6: assitoni (button) (small blind) showed [4h Qd] and won ($29.50) with two pair, Queens and Fours


PokerStars Hand #161158976607:  Hold'em Limit ($3/$6 USD) - 2016/11/09 16:28:00 ET
Table 'Wesson' 10-max Seat #2 is the button
Seat 2: Icecold ($312.40 in chips)
Seat 6: assitoni ($86.50 in chips)
Icecold: posts small blind $1
assitoni: posts big blind $3
*** HOLE CARDS ***
Icecold: raises $3 to $6
assitoni: calls $3
*** FLOP *** [6h 9c 3c]
assitoni: checks
Icecold: bets $3
assitoni: calls $3
*** TURN *** [6h 9c 3c] [6d]
assitoni: checks
Icecold: bets $6
assitoni: raises $6 to $12
Icecold: calls $6
*** RIVER *** [6h 9c 3c 6d] [Ts]
assitoni: bets $6
Icecold: calls $6
*** SHOW DOWN ***
assitoni: shows [Js 3s] (two pair, Sixes and Threes)
Icecold: shows [9h Tc] (two pair, Tens and Nines)
Icecold collected $53.50 from pot
*** SUMMARY ***
Total pot $54 | Rake $0.50
Board [6h 9c 3c 6d Ts]
Seat 2: Icecold (button) (small blind) showed [9h Tc] and won ($53.50) with two pair, Tens and Nines
Seat 6: assitoni (big blind) showed [Js 3s] and lost with two pair, Sixes and Threes


PokerStars Hand #161158996738:  Hold'em Limit ($3/$6 USD) - 2016/11/09 16:28:22 ET
Table 'Wesson' 10-max Seat #6 is the button
Seat 2: Icecold ($338.90 in chips)
Seat 6: assitoni ($72 in chips)
assitoni: posts small blind $1
Icecold: posts big blind $3
*** HOLE CARDS ***
assitoni: folds
Uncalled bet ($2) returned to Icecold
Icecold collected $2 from pot
*** SUMMARY ***
Total pot $2 | Rake $0
Seat 2: Icecold (big blind) collected ($2)
Seat 6: assitoni (button) (small blind) folded before Flop


PokerStars Hand #161159047300:  Hold'em Limit ($3/$6 USD) - 2016/11/09 16:29:18 ET
Table 'Wesson' 10-max Seat #6 is the button
Seat 2: Icecold ($376.40 in chips)
Seat 6: assitoni ($72 in chips)
assitoni: posts small blind $1
Icecold: posts big blind $3
*** HOLE CARDS ***
assitoni: raises $3 to $6
Icecold: calls $3
*** FLOP *** [Ah 9h Kc]
Icecold: checks
assitoni: bets $3
Icecold: calls $3
*** TURN *** [Ah 9h Kc] [Th]
Icecold: checks
assitoni: checks
*** RIVER *** [Ah 9h Kc Th] [4c]
Icecold: checks
assitoni: checks
*** SHOW DOWN ***
Icecold: shows [9s 2s] (a pair of Nines)
assitoni: shows [Jd 9d] (a pair of Nines - Ace+King+Jack kicker)
assitoni collected $17.64 from pot
*** SUMMARY ***
Total pot $18 | Rake $0.36
Board [Ah 9h Kc Th 4c]
Seat 2: Icecold (big blind) showed [9s 2s] and lost with a pair of Nines
Seat 6: assitoni (button) (small blind) showed [Jd 9d] and won ($17.64) with a pair of Nines


PokerStars Hand #161159041317:  Hold'em Limit ($3/$6 USD) - 2016/11/09 16:29:11 ET
Table 'Wesson' 10-max Seat #2 is the button
Seat 2: Icecold ($373.40 in chips)
Seat 6: assitoni ($75 in chips)
Icecold: posts small blind $1
assitoni: posts big blind $3
*** HOLE CARDS ***
Icecold: raises $3 to $6
assitoni: folds
Uncalled bet ($3) returned to Icecold
Icecold collected $6 from pot
*** SUMMARY ***
Total pot $6 | Rake $0
Seat 2: Icecold (button) (small blind) collected ($6)
Seat 6: assitoni (big blind) folded before Flop


PokerStars Hand #161159036260:  Hold'em Limit ($3/$6 USD) - 2016/11/09 16:29:06 ET
Table 'Wesson' 10-max Seat #6 is the button
Seat 2: Icecold ($376.40 in chips)
Seat 6: assitoni ($72 in chips)
assitoni: posts small blind $1
Icecold: posts big blind $3
*** HOLE CARDS ***
assitoni: raises $3 to $6
Icecold: folds
Uncalled bet ($3) returned to assitoni
assitoni collected $6 from pot
assitoni: doesn't show hand
*** SUMMARY ***
Total pot $6 | Rake $0
Seat 2: Icecold (big blind) folded before Flop
Seat 6: assitoni (button) (small blind) collected ($6)


PokerStars Hand #161159029310:  Hold'em Limit ($3/$6 USD) - 2016/11/09 16:28:58 ET
Table 'Wesson' 10-max Seat #2 is the button
Seat 2: Icecold ($373.40 in chips)
Seat 6: assitoni ($72 in chips)
Icecold: posts small blind $1
assitoni: posts big blind $3
*** HOLE CARDS ***
Icecold: raises $3 to $6
assitoni: folds
Uncalled bet ($3) returned to Icecold
Icecold collected $6 from pot
*** SUMMARY ***
Total pot $6 | Rake $0
Seat 2: Icecold (button) (small blind) collected ($6)
Seat 6: assitoni (big blind) folded before Flop


PokerStars Hand #161159023581:  Hold'em Limit ($3/$6 USD) - 2016/11/09 16:28:52 ET
Table 'Wesson' 10-max Seat #6 is the button
Seat 2: Icecold ($372.40 in chips)
Seat 6: assitoni ($72 in chips)
assitoni: posts small blind $1
Icecold: posts big blind $3
*** HOLE CARDS ***
assitoni: folds
Uncalled bet ($2) returned to Icecold
Icecold collected $2 from pot
*** SUMMARY ***
Total pot $2 | Rake $0
Seat 2: Icecold (big blind) collected ($2)
Seat 6: assitoni (button) (small blind) folded before Flop


PokerStars Hand #161159002113:  Hold'em Limit ($3/$6 USD) - 2016/11/09 16:28:28 ET
Table 'Wesson' 10-max Seat #2 is the button
Seat 2: Icecold ($339.90 in chips)
Seat 6: assitoni ($72 in chips)
Icecold: posts small blind $1
assitoni: posts big blind $3
*** HOLE CARDS ***
Icecold: raises $3 to $6
assitoni: calls $3
*** FLOP *** [8d 6d Qs]
assitoni: checks
Icecold: bets $3
assitoni: calls $3
*** TURN *** [8d 6d Qs] [Jh]
assitoni: checks
Icecold: bets $6
assitoni: calls $6
*** RIVER *** [8d 6d Qs Jh] [6c]
assitoni: checks
Icecold: bets $6
assitoni: raises $6 to $12
Icecold: raises $6 to $18
assitoni: calls $6
*** SHOW DOWN ***
Icecold: shows [Jc Jd] (a full house, Jacks full of Sixes)
assitoni: mucks hand
Icecold collected $65.50 from pot
*** SUMMARY ***
Total pot $66 | Rake $0.50
Board [8d 6d Qs Jh 6c]
Seat 2: Icecold (button) (small blind) showed [Jc Jd] and won ($65.50) with a full house, Jacks full of Sixes
Seat 6: assitoni (big blind) mucked


PokerStars Hand #161159100655:  Hold'em Limit ($3/$6 USD) - 2016/11/09 16:30:16 ET
Table 'Wesson' 10-max Seat #2 is the button
Seat 2: Icecold ($392.40 in chips)
Seat 6: assitoni ($72 in chips)
Icecold: posts small blind $1
assitoni: posts big blind $3
*** HOLE CARDS ***
Icecold: folds
Uncalled bet ($2) returned to assitoni
assitoni collected $2 from pot
assitoni: doesn't show hand
*** SUMMARY ***
Total pot $2 | Rake $0
Seat 2: Icecold (button) (small blind) folded before Flop
Seat 6: assitoni (big blind) collected ($2)


PokerStars Hand #161159085819:  Hold'em Limit ($3/$6 USD) - 2016/11/09 16:30:00 ET
Table 'Wesson' 10-max Seat #6 is the button
Seat 2: Icecold ($377.90 in chips)
Seat 6: assitoni ($72 in chips)
assitoni: posts small blind $1
Icecold: posts big blind $3
*** HOLE CARDS ***
assitoni: raises $3 to $6
Icecold: calls $3
*** FLOP *** [Ks 2h 6d]
Icecold: checks
assitoni: bets $3
Icecold: calls $3
*** TURN *** [Ks 2h 6d] [As]
Icecold: checks
assitoni: bets $6
Icecold: calls $6
*** RIVER *** [Ks 2h 6d As] [2s]
Icecold: checks
assitoni: checks
*** SHOW DOWN ***
Icecold: shows [Ts 6s] (a flush, Ace high)
assitoni: mucks hand
Icecold collected $29.50 from pot
*** SUMMARY ***
Total pot $30 | Rake $0.50
Board [Ks 2h 6d As 2s]
Seat 2: Icecold (big blind) showed [Ts 6s] and won ($29.50) with a flush, Ace high
Seat 6: assitoni (button) (small blind) mucked


PokerStars Hand #161159068828:  Hold'em Limit ($3/$6 USD) - 2016/11/09 16:29:41 ET
Table 'Wesson' 10-max Seat #2 is the button
Seat 2: Icecold ($363.40 in chips)
Seat 6: assitoni ($84.64 in chips)
Icecold: posts small blind $1
assitoni: posts big blind $3
*** HOLE CARDS ***
Icecold: raises $3 to $6
assitoni: raises $3 to $9
Icecold: raises $3 to $12
Betting is capped
assitoni: calls $3
*** FLOP *** [9s 2h Kc]
assitoni: checks
Icecold: bets $3
assitoni: calls $3
*** TURN *** [9s 2h Kc] [6s]
assitoni: checks
Icecold: bets $6
assitoni: folds
Uncalled bet ($6) returned to Icecold
Icecold collected $29.50 from pot
Icecold: shows [5d 5s] (a pair of Fives)
*** SUMMARY ***
Total pot $30 | Rake $0.50
Board [9s 2h Kc 6s]
Seat 2: Icecold (button) (small blind) collected ($29.50)
Seat 6: assitoni (big blind) folded on the Turn


PokerStars Hand #161159064198:  Hold'em Limit ($3/$6 USD) - 2016/11/09 16:29:36 ET
Table 'Wesson' 10-max Seat #6 is the button
Seat 2: Icecold ($366.40 in chips)
Seat 6: assitoni ($81.64 in chips)
assitoni: posts small blind $1
Icecold: posts big blind $3
*** HOLE CARDS ***
assitoni: raises $3 to $6
Icecold: folds
Uncalled bet ($3) returned to assitoni
assitoni collected $6 from pot
assitoni: doesn't show hand
*** SUMMARY ***
Total pot $6 | Rake $0
Seat 2: Icecold (big blind) folded before Flop
Seat 6: assitoni (button) (small blind) collected ($6)


PokerStars Hand #161159059426:  Hold'em Limit ($3/$6 USD) - 2016/11/09 16:29:31 ET
Table 'Wesson' 10-max Seat #2 is the button
Seat 2: Icecold ($367.40 in chips)
Seat 6: assitoni ($80.64 in chips)
Icecold: posts small blind $1
assitoni: posts big blind $3
*** HOLE CARDS ***
Icecold: folds
Uncalled bet ($2) returned to assitoni
assitoni collected $2 from pot
assitoni: doesn't show hand
*** SUMMARY ***
Total pot $2 | Rake $0
Seat 2: Icecold (button) (small blind) folded before Flop
Seat 6: assitoni (big blind) collected ($2)


PokerStars Hand #161159158960:  Hold'em Limit ($3/$6 USD) - 2016/11/09 16:31:19 ET
Table 'Wesson' 10-max Seat #2 is the button
Seat 2: Icecold ($433.92 in chips)
Seat 6: assitoni ($72 in chips)
Icecold: posts small blind $1
assitoni: posts big blind $3
*** HOLE CARDS ***
Icecold: raises $3 to $6
assitoni: folds
Uncalled bet ($3) returned to Icecold
Icecold collected $6 from pot
*** SUMMARY ***
Total pot $6 | Rake $0
Seat 2: Icecold (button) (small blind) collected ($6)
Seat 6: assitoni (big blind) folded before Flop


PokerStars Hand #161159144869:  Hold'em Limit ($3/$6 USD) - 2016/11/09 16:31:04 ET
Table 'Wesson' 10-max Seat #6 is the button
Seat 2: Icecold ($422.40 in chips)
Seat 6: assitoni ($73 in chips)
assitoni: posts small blind $1
Icecold: posts big blind $3
*** HOLE CARDS ***
assitoni: raises $3 to $6
Icecold: calls $3
*** FLOP *** [Ad 9h 7h]
Icecold: checks
assitoni: checks
*** TURN *** [Ad 9h 7h] [Qh]
Icecold: checks
assitoni: checks
*** RIVER *** [Ad 9h 7h Qh] [2s]
Icecold: bets $6
assitoni: calls $6
*** SHOW DOWN ***
Icecold: shows [Ah 7c] (two pair, Aces and Sevens)
assitoni: mucks hand
Icecold collected $23.52 from pot
*** SUMMARY ***
Total pot $24 | Rake $0.48
Board [Ad 9h 7h Qh 2s]
Seat 2: Icecold (big blind) showed [Ah 7c] and won ($23.52) with two pair, Aces and Sevens
Seat 6: assitoni (button) (small blind) mucked


PokerStars Hand #161159140134:  Hold'em Limit ($3/$6 USD) - 2016/11/09 16:30:59 ET
Table 'Wesson' 10-max Seat #2 is the button
Seat 2: Icecold ($423.40 in chips)
Seat 6: assitoni ($72 in chips)
Icecold: posts small blind $1
assitoni: posts big blind $3
*** HOLE CARDS ***
Icecold: folds
Uncalled bet ($2) returned to assitoni
assitoni collected $2 from pot
assitoni: doesn't show hand
*** SUMMARY ***
Total pot $2 | Rake $0
Seat 2: Icecold (button) (small blind) folded before Flop
Seat 6: assitoni (big blind) collected ($2)


PokerStars Hand #161159125541:  Hold'em Limit ($3/$6 USD) - 2016/11/09 16:30:43 ET
Table 'Wesson' 10-max Seat #6 is the button
Seat 2: Icecold ($408.90 in chips)
Seat 6: assitoni ($72 in chips)
assitoni: posts small blind $1
Icecold: posts big blind $3
*** HOLE CARDS ***
assitoni: raises $3 to $6
Icecold: calls $3
*** FLOP *** [Qh 7d 9c]
Icecold: checks
assitoni: bets $3
Icecold: calls $3
*** TURN *** [Qh 7d 9c] [2c]
Icecold: checks
assitoni: bets $6
Icecold: calls $6
*** RIVER *** [Qh 7d 9c 2c] [3c]
Icecold: checks
assitoni: checks
*** SHOW DOWN ***
Icecold: shows [7h Jc] (a pair of Sevens)
assitoni: mucks hand
Icecold collected $29.50 from pot
*** SUMMARY ***
Total pot $30 | Rake $0.50
Board [Qh 7d 9c 2c 3c]
Seat 2: Icecold (big blind) showed [7h Jc] and won ($29.50) with a pair of Sevens
Seat 6: assitoni (button) (small blind) mucked


PokerStars Hand #161159119997:  Hold'em Limit ($3/$6 USD) - 2016/11/09 16:30:37 ET
Table 'Wesson' 10-max Seat #2 is the button
Seat 2: Icecold ($405.90 in chips)
Seat 6: assitoni ($72 in chips)
Icecold: posts small blind $1
assitoni: posts big blind $3
*** HOLE CARDS ***
Icecold: raises $3 to $6
assitoni: folds
Uncalled bet ($3) returned to Icecold
Icecold collected $6 from pot
*** SUMMARY ***
Total pot $6 | Rake $0
Seat 2: Icecold (button) (small blind) collected ($6)
Seat 6: assitoni (big blind) folded before Flop


PokerStars Hand #161159105176:  Hold'em Limit ($3/$6 USD) - 2016/11/09 16:30:21 ET
Table 'Wesson' 10-max Seat #6 is the button
Seat 2: Icecold ($391.40 in chips)
Seat 6: assitoni ($73 in chips)
assitoni: posts small blind $1
Icecold: posts big blind $3
*** HOLE CARDS ***
assitoni: raises $3 to $6
Icecold: calls $3
*** FLOP *** [Qc 3d 4h]
Icecold: checks
assitoni: bets $3
Icecold: calls $3
*** TURN *** [Qc 3d 4h] [Kc]
Icecold: checks
assitoni: bets $6
Icecold: calls $6
*** RIVER *** [Qc 3d 4h Kc] [9s]
Icecold: checks
assitoni: checks
*** SHOW DOWN ***
Icecold: shows [Qh Jc] (a pair of Queens)
assitoni: mucks hand
Icecold collected $29.50 from pot
*** SUMMARY ***
Total pot $30 | Rake $0.50
Board [Qc 3d 4h Kc 9s]
Seat 2: Icecold (big blind) showed [Qh Jc] and won ($29.50) with a pair of Queens
Seat 6: assitoni (button) (small blind) mucked


PokerStars Hand #161159204087:  Hold'em Limit ($3/$6 USD) - 2016/11/09 16:32:08 ET
Table 'Wesson' 10-max Seat #6 is the button
Seat 2: Icecold ($426.56 in chips)
Seat 6: assitoni ($90.28 in chips)
assitoni: posts small blind $1
Icecold: posts big blind $3
*** HOLE CARDS ***
assitoni: raises $3 to $6
Icecold: calls $3
*** FLOP *** [6d 9s Jd]
Icecold: checks
assitoni: bets $3
Icecold: raises $3 to $6
assitoni: calls $3
*** TURN *** [6d 9s Jd] [6c]
Icecold: bets $6
assitoni: raises $6 to $12
Icecold: raises $6 to $18
assitoni: folds
Uncalled bet ($6) returned to Icecold
Icecold collected $47.50 from pot
*** SUMMARY ***
Total pot $48 | Rake $0.50
Board [6d 9s Jd 6c]
Seat 2: Icecold (big blind) collected ($47.50)
Seat 6: assitoni (button) (small blind) folded on the Turn


PokerStars Hand #161159199334:  Hold'em Limit ($3/$6 USD) - 2016/11/09 16:32:03 ET
Table 'Wesson' 10-max Seat #2 is the button
Seat 2: Icecold ($427.56 in chips)
Seat 6: assitoni ($89.28 in chips)
Icecold: posts small blind $1
assitoni: posts big blind $3
*** HOLE CARDS ***
Icecold: folds
Uncalled bet ($2) returned to assitoni
assitoni collected $2 from pot
assitoni: doesn't show hand
*** SUMMARY ***
Total pot $2 | Rake $0
Seat 2: Icecold (button) (small blind) folded before Flop
Seat 6: assitoni (big blind) collected ($2)


PokerStars Hand #161159190769:  Hold'em Limit ($3/$6 USD) - 2016/11/09 16:31:54 ET
Table 'Wesson' 10-max Seat #6 is the button
Seat 2: Icecold ($433.56 in chips)
Seat 6: assitoni ($83.52 in chips)
assitoni: posts small blind $1
Icecold: posts big blind $3
*** HOLE CARDS ***
assitoni: raises $3 to $6
Icecold: calls $3
*** FLOP *** [Jh 9h Ks]
Icecold: checks
assitoni: bets $3
Icecold: folds
Uncalled bet ($3) returned to assitoni
assitoni collected $11.76 from pot
assitoni: doesn't show hand
*** SUMMARY ***
Total pot $12 | Rake $0.24
Board [Jh 9h Ks]
Seat 2: Icecold (big blind) folded on the Flop
Seat 6: assitoni (button) (small blind) collected ($11.76)


PokerStars Hand #161159178118:  Hold'em Limit ($3/$6 USD) - 2016/11/09 16:31:40 ET
Table 'Wesson' 10-max Seat #2 is the button
Seat 2: Icecold ($445.56 in chips)
Seat 6: assitoni ($72 in chips)
Icecold: posts small blind $1
assitoni: posts big blind $3
*** HOLE CARDS ***
Icecold: raises $3 to $6
assitoni: raises $3 to $9
Icecold: calls $3
*** FLOP *** [2c 2s As]
assitoni: bets $3
Icecold: calls $3
*** TURN *** [2c 2s As] [Js]
assitoni: bets $6
Icecold: folds
Uncalled bet ($6) returned to assitoni
assitoni collected $23.52 from pot
assitoni: doesn't show hand
*** SUMMARY ***
Total pot $24 | Rake $0.48
Board [2c 2s As Js]
Seat 2: Icecold (button) (small blind) folded on the Turn
Seat 6: assitoni (big blind) collected ($23.52)


PokerStars Hand #161159164100:  Hold'em Limit ($3/$6 USD) - 2016/11/09 16:31:25 ET
Table 'Wesson' 10-max Seat #6 is the button
Seat 2: Icecold ($436.92 in chips)
Seat 6: assitoni ($72 in chips)
assitoni: posts small blind $1
Icecold: posts big blind $3
*** HOLE CARDS ***
assitoni: raises $3 to $6
Icecold: calls $3
*** FLOP *** [Js Qd Kh]
Icecold: checks
assitoni: bets $3
Icecold: calls $3
*** TURN *** [Js Qd Kh] [Ac]
Icecold: checks
assitoni: checks
*** RIVER *** [Js Qd Kh Ac] [8h]
Icecold: checks
assitoni: checks
*** SHOW DOWN ***
Icecold: shows [Ah 8s] (two pair, Aces and Eights)
assitoni: mucks hand
Icecold collected $17.64 from pot
*** SUMMARY ***
Total pot $18 | Rake $0.36
Board [Js Qd Kh Ac 8h]
Seat 2: Icecold (big blind) showed [Ah 8s] and won ($17.64) with two pair, Aces and Eights
Seat 6: assitoni (button) (small blind) mucked


PokerStars Hand #161159268434:  Hold'em Limit ($3/$6 USD) - 2016/11/09 16:33:18 ET
Table 'Wesson' 10-max Seat #6 is the button
Seat 2: Icecold ($447.56 in chips)
Seat 6: assitoni ($95.50 in chips)
assitoni: posts small blind $1
Icecold: posts big blind $3
*** HOLE CARDS ***
assitoni: folds
Uncalled bet ($2) returned to Icecold
Icecold collected $2 from pot
*** SUMMARY ***
Total pot $2 | Rake $0
Seat 2: Icecold (big blind) collected ($2)
Seat 6: assitoni (button) (small blind) folded before Flop


PokerStars Hand #161159263484:  Hold'em Limit ($3/$6 USD) - 2016/11/09 16:33:13 ET
Table 'Wesson' 10-max Seat #2 is the button
Seat 2: Icecold ($448.56 in chips)
Seat 6: assitoni ($94.50 in chips)
Icecold: posts small blind $1
assitoni: posts big blind $3
*** HOLE CARDS ***
Icecold: folds
Uncalled bet ($2) returned to assitoni
assitoni collected $2 from pot
assitoni: doesn't show hand
*** SUMMARY ***
Total pot $2 | Rake $0
Seat 2: Icecold (button) (small blind) folded before Flop
Seat 6: assitoni (big blind) collected ($2)


PokerStars Hand #161159258343:  Hold'em Limit ($3/$6 USD) - 2016/11/09 16:33:07 ET
Table 'Wesson' 10-max Seat #6 is the button
Seat 2: Icecold ($447.56 in chips)
Seat 6: assitoni ($95.50 in chips)
assitoni: posts small blind $1
Icecold: posts big blind $3
*** HOLE CARDS ***
assitoni: folds
Uncalled bet ($2) returned to Icecold
Icecold collected $2 from pot
*** SUMMARY ***
Total pot $2 | Rake $0
Seat 2: Icecold (big blind) collected ($2)
Seat 6: assitoni (button) (small blind) folded before Flop


PokerStars Hand #161159244206:  Hold'em Limit ($3/$6 USD) - 2016/11/09 16:32:52 ET
Table 'Wesson' 10-max Seat #2 is the button
Seat 2: Icecold ($471.56 in chips)
Seat 6: assitoni ($72 in chips)
Icecold: posts small blind $1
assitoni: posts big blind $3
*** HOLE CARDS ***
Icecold: raises $3 to $6
assitoni: raises $3 to $9
Icecold: calls $3
*** FLOP *** [4c 2s Th]
assitoni: bets $3
Icecold: calls $3
*** TURN *** [4c 2s Th] [Ts]
assitoni: bets $6
Icecold: calls $6
*** RIVER *** [4c 2s Th Ts] [6s]
assitoni: bets $6
Icecold: calls $6
*** SHOW DOWN ***
assitoni: shows [Ad 6c] (two pair, Tens and Sixes)
Icecold: mucks hand
assitoni collected $47.50 from pot
*** SUMMARY ***
Total pot $48 | Rake $0.50
Board [4c 2s Th Ts 6s]
Seat 2: Icecold (button) (small blind) mucked
Seat 6: assitoni (big blind) showed [Ad 6c] and won ($47.50) with two pair, Tens and Sixes


PokerStars Hand #161159239191:  Hold'em Limit ($3/$6 USD) - 2016/11/09 16:32:47 ET
Table 'Wesson' 10-max Seat #6 is the button
Seat 2: Icecold ($470.56 in chips)
Seat 6: assitoni ($72 in chips)
assitoni: posts small blind $1
Icecold: posts big blind $3
*** HOLE CARDS ***
assitoni: folds
Uncalled bet ($2) returned to Icecold
Icecold collected $2 from pot
*** SUMMARY ***
Total pot $2 | Rake $0
Seat 2: Icecold (big blind) collected ($2)
Seat 6: assitoni (button) (small blind) folded before Flop


PokerStars Hand #161159222246:  Hold'em Limit ($3/$6 USD) - 2016/11/09 16:32:28 ET
Table 'Wesson' 10-max Seat #2 is the button
Seat 2: Icecold ($450.06 in chips)
Seat 6: assitoni ($72 in chips)
Icecold: posts small blind $1
assitoni: posts big blind $3
*** HOLE CARDS ***
Icecold: raises $3 to $6
assitoni: calls $3
*** FLOP *** [Ts 8h 3d]
assitoni: checks
Icecold: bets $3
assitoni: calls $3
*** TURN *** [Ts 8h 3d] [Ks]
assitoni: checks
Icecold: bets $6
assitoni: calls $6
*** RIVER *** [Ts 8h 3d Ks] [6d]
assitoni: checks
Icecold: bets $6
assitoni: calls $6
*** SHOW DOWN ***
Icecold: shows [9h 7c] (a straight, Six to Ten)
assitoni: mucks hand
Icecold collected $41.50 from pot
*** SUMMARY ***
Total pot $42 | Rake $0.50
Board [Ts 8h 3d Ks 6d]
Seat 2: Icecold (button) (small blind) showed [9h 7c] and won ($41.50) with a straight, Six to Ten
Seat 6: assitoni (big blind) mucked


PokerStars Hand #161159273827:  Hold'em Limit ($3/$6 USD) - 2016/11/09 16:33:24 ET
Table 'Wesson' 10-max Seat #2 is the button
Seat 2: Icecold ($448.56 in chips)
Seat 6: assitoni ($94.50 in chips)
Icecold: posts small blind $1
assitoni: posts big blind $3
*** HOLE CARDS ***
Icecold: raises $3 to $6
assitoni: raises $3 to $9
Icecold: calls $3
*** FLOP *** [8h Qc Qs]
assitoni: bets $3
Icecold: calls $3
*** TURN *** [8h Qc Qs] [6s]
assitoni: bets $6
Icecold: calls $6
*** RIVER *** [8h Qc Qs 6s] [7d]
assitoni: bets $6
Icecold: folds
Uncalled bet ($6) returned to assitoni
Icecold leaves the table
assitoni collected $35.50 from pot
assitoni: doesn't show hand
*** SUMMARY ***
Total pot $36 | Rake $0.50
Board [8h Qc Qs 6s 7d]
Seat 2: Icecold (button) (small blind) folded on the River
Seat 6: assitoni (big blind) collected ($35.50)


