PokerStars Hand #157945551542:  Hold'em Limit ($3/$6 USD) - 2016/08/30 15:45:40 ET
Table 'Wesselink' 10-max Seat #5 is the button
Seat 5: minigus575 ($119.59 in chips)
Seat 9: Pandakey ($120 in chips)
minigus575: posts small blind $1
Pandakey: posts big blind $3
*** HOLE CARDS ***
minigus575: raises $3 to $6
Pandakey: calls $3
*** FLOP *** [8s Ts 6h]
Pandakey: checks
minigus575: bets $3
Pandakey: folds
Uncalled bet ($3) returned to minigus575
minigus575 collected $11.76 from pot
*** SUMMARY ***
Total pot $12 | Rake $0.24
Board [8s Ts 6h]
Seat 5: minigus575 (button) (small blind) collected ($11.76)
Seat 9: Pandakey (big blind) folded on the Flop


PokerStars Hand #157945602622:  Hold'em Limit ($3/$6 USD) - 2016/08/30 15:46:41 ET
Table 'Wesselink' 10-max Seat #5 is the button
Seat 5: minigus575 ($136.75 in chips)
Seat 9: Pandakey ($102 in chips)
minigus575: posts small blind $1
Pandakey: posts big blind $3
*** HOLE CARDS ***
minigus575: raises $3 to $6
Pandakey: calls $3
*** FLOP *** [7d 6h 5c]
Pandakey: checks
minigus575: bets $3
Pandakey: folds
Uncalled bet ($3) returned to minigus575
minigus575 collected $11.76 from pot
minigus575: doesn't show hand
*** SUMMARY ***
Total pot $12 | Rake $0.24
Board [7d 6h 5c]
Seat 5: minigus575 (button) (small blind) collected ($11.76)
Seat 9: Pandakey (big blind) folded on the Flop


PokerStars Hand #157945598514:  Hold'em Limit ($3/$6 USD) - 2016/08/30 15:46:36 ET
Table 'Wesselink' 10-max Seat #9 is the button
Seat 5: minigus575 ($139.75 in chips)
Seat 9: Pandakey ($99 in chips)
Pandakey: posts small blind $1
minigus575: posts big blind $3
*** HOLE CARDS ***
Pandakey: raises $3 to $6
minigus575: folds
Uncalled bet ($3) returned to Pandakey
Pandakey collected $6 from pot
Pandakey: doesn't show hand
*** SUMMARY ***
Total pot $6 | Rake $0
Seat 5: minigus575 (big blind) folded before Flop
Seat 9: Pandakey (button) (small blind) collected ($6)


PokerStars Hand #157945589484:  Hold'em Limit ($3/$6 USD) - 2016/08/30 15:46:25 ET
Table 'Wesselink' 10-max Seat #5 is the button
Seat 5: minigus575 ($133.99 in chips)
Seat 9: Pandakey ($105 in chips)
minigus575: posts small blind $1
Pandakey: posts big blind $3
*** HOLE CARDS ***
minigus575: raises $3 to $6
Pandakey: calls $3
*** FLOP *** [6c 9d 7d]
Pandakey: checks
minigus575: bets $3
Pandakey: folds
Uncalled bet ($3) returned to minigus575
minigus575 collected $11.76 from pot
minigus575: doesn't show hand
*** SUMMARY ***
Total pot $12 | Rake $0.24
Board [6c 9d 7d]
Seat 5: minigus575 (button) (small blind) collected ($11.76)
Seat 9: Pandakey (big blind) folded on the Flop


PokerStars Hand #157945575815:  Hold'em Limit ($3/$6 USD) - 2016/08/30 15:46:09 ET
Table 'Wesselink' 10-max Seat #9 is the button
Seat 5: minigus575 ($125.35 in chips)
Seat 9: Pandakey ($114 in chips)
Pandakey: posts small blind $1
minigus575: posts big blind $3
*** HOLE CARDS ***
Pandakey: raises $3 to $6
minigus575: raises $3 to $9
Pandakey: calls $3
*** FLOP *** [Kc Jc As]
minigus575: bets $3
Pandakey: folds
Uncalled bet ($3) returned to minigus575
minigus575 collected $17.64 from pot
minigus575: doesn't show hand
*** SUMMARY ***
Total pot $18 | Rake $0.36
Board [Kc Jc As]
Seat 5: minigus575 (big blind) collected ($17.64)
Seat 9: Pandakey (button) (small blind) folded on the Flop


PokerStars Hand #157945616989:  Hold'em Limit ($3/$6 USD) - 2016/08/30 15:46:58 ET
Table 'Wesselink' 10-max Seat #5 is the button
Seat 5: minigus575 ($151.15 in chips)
Seat 9: Pandakey ($87 in chips)
minigus575: posts small blind $1
Pandakey: posts big blind $3
*** HOLE CARDS ***
minigus575: raises $3 to $6
Pandakey: folds
Uncalled bet ($3) returned to minigus575
minigus575 collected $6 from pot
minigus575: doesn't show hand
*** SUMMARY ***
Total pot $6 | Rake $0
Seat 5: minigus575 (button) (small blind) collected ($6)
Seat 9: Pandakey (big blind) folded before Flop


PokerStars Hand #157945609587:  Hold'em Limit ($3/$6 USD) - 2016/08/30 15:46:49 ET
Table 'Wesselink' 10-max Seat #9 is the button
Seat 5: minigus575 ($142.51 in chips)
Seat 9: Pandakey ($96 in chips)
Pandakey: posts small blind $1
minigus575: posts big blind $3
*** HOLE CARDS ***
Pandakey: raises $3 to $6
minigus575: raises $3 to $9
Pandakey: calls $3
*** FLOP *** [8d 9c Qh]
minigus575: bets $3
Pandakey: folds
Uncalled bet ($3) returned to minigus575
minigus575 collected $17.64 from pot
minigus575: doesn't show hand
*** SUMMARY ***
Total pot $18 | Rake $0.36
Board [8d 9c Qh]
Seat 5: minigus575 (big blind) collected ($17.64)
Seat 9: Pandakey (button) (small blind) folded on the Flop


PokerStars Hand #157945654503:  Hold'em Limit ($3/$6 USD) - 2016/08/30 15:47:42 ET
Table 'Wesselink' 10-max Seat #5 is the button
Seat 5: minigus575 ($133.15 in chips)
Seat 9: Pandakey ($104.28 in chips)
minigus575: posts small blind $1
Pandakey: posts big blind $3
*** HOLE CARDS ***
minigus575: raises $3 to $6
Pandakey: folds
Uncalled bet ($3) returned to minigus575
minigus575 collected $6 from pot
minigus575: doesn't show hand
*** SUMMARY ***
Total pot $6 | Rake $0
Seat 5: minigus575 (button) (small blind) collected ($6)
Seat 9: Pandakey (big blind) folded before Flop


PokerStars Hand #157945673503:  Hold'em Limit ($3/$6 USD) - 2016/08/30 15:48:05 ET
Table 'Wesselink' 10-max Seat #5 is the button
Seat 5: minigus575 ($150.65 in chips)
Seat 9: Pandakey ($86.28 in chips)
minigus575: posts small blind $1
Pandakey: posts big blind $3
*** HOLE CARDS ***
minigus575: raises $3 to $6
Pandakey: folds
Uncalled bet ($3) returned to minigus575
minigus575 collected $6 from pot
minigus575: doesn't show hand
*** SUMMARY ***
Total pot $6 | Rake $0
Seat 5: minigus575 (button) (small blind) collected ($6)
Seat 9: Pandakey (big blind) folded before Flop


PokerStars Hand #157945621704:  Hold'em Limit ($3/$6 USD) - 2016/08/30 15:47:03 ET
Table 'Wesselink' 10-max Seat #9 is the button
Seat 5: minigus575 ($154.15 in chips)
Seat 9: Pandakey ($84 in chips)
Pandakey: posts small blind $1
minigus575: posts big blind $3
*** HOLE CARDS ***
Pandakey: raises $3 to $6
minigus575: calls $3
*** FLOP *** [4d 9c 4c]
minigus575: checks
Pandakey: bets $3
minigus575: calls $3
*** TURN *** [4d 9c 4c] [6d]
minigus575: checks
Pandakey: checks
*** RIVER *** [4d 9c 4c 6d] [6c]
minigus575: checks
Pandakey: bets $6
minigus575: folds
Uncalled bet ($6) returned to Pandakey
Pandakey collected $17.64 from pot
Pandakey: doesn't show hand
*** SUMMARY ***
Total pot $18 | Rake $0.36
Board [4d 9c 4c 6d 6c]
Seat 5: minigus575 (big blind) folded on the River
Seat 9: Pandakey (button) (small blind) collected ($17.64)


PokerStars Hand #157945659129:  Hold'em Limit ($3/$6 USD) - 2016/08/30 15:47:48 ET
Table 'Wesselink' 10-max Seat #9 is the button
Seat 5: minigus575 ($136.15 in chips)
Seat 9: Pandakey ($101.28 in chips)
Pandakey: posts small blind $1
minigus575: posts big blind $3
*** HOLE CARDS ***
Pandakey: raises $3 to $6
minigus575: calls $3
*** FLOP *** [3s 2h 8c]
minigus575: checks
Pandakey: bets $3
minigus575: calls $3
*** TURN *** [3s 2h 8c] [Qh]
minigus575: checks
Pandakey: bets $6
minigus575: calls $6
*** RIVER *** [3s 2h 8c Qh] [9d]
minigus575: checks
Pandakey: checks
*** SHOW DOWN ***
minigus575: shows [3h Kc] (a pair of Threes)
Pandakey: mucks hand
minigus575 collected $29.50 from pot
*** SUMMARY ***
Total pot $30 | Rake $0.50
Board [3s 2h 8c Qh 9d]
Seat 5: minigus575 (big blind) showed [3h Kc] and won ($29.50) with a pair of Threes
Seat 9: Pandakey (button) (small blind) mucked


PokerStars Hand #157945649627:  Hold'em Limit ($3/$6 USD) - 2016/08/30 15:47:37 ET
Table 'Wesselink' 10-max Seat #9 is the button
Seat 5: minigus575 ($136.15 in chips)
Seat 9: Pandakey ($101.28 in chips)
Pandakey: posts small blind $1
minigus575: posts big blind $3
*** HOLE CARDS ***
Pandakey: raises $3 to $6
minigus575: folds
Uncalled bet ($3) returned to Pandakey
Pandakey collected $6 from pot
Pandakey: doesn't show hand
*** SUMMARY ***
Total pot $6 | Rake $0
Seat 5: minigus575 (big blind) folded before Flop
Seat 9: Pandakey (button) (small blind) collected ($6)


PokerStars Hand #157945641220:  Hold'em Limit ($3/$6 USD) - 2016/08/30 15:47:27 ET
Table 'Wesselink' 10-max Seat #5 is the button
Seat 5: minigus575 ($145.15 in chips)
Seat 9: Pandakey ($92.64 in chips)
minigus575: posts small blind $1
Pandakey: posts big blind $3
*** HOLE CARDS ***
minigus575: raises $3 to $6
Pandakey: raises $3 to $9
minigus575: calls $3
*** FLOP *** [3c Kh 6h]
Pandakey: bets $3
minigus575: folds
Uncalled bet ($3) returned to Pandakey
Pandakey collected $17.64 from pot
Pandakey: doesn't show hand
*** SUMMARY ***
Total pot $18 | Rake $0.36
Board [3c Kh 6h]
Seat 5: minigus575 (button) (small blind) folded on the Flop
Seat 9: Pandakey (big blind) collected ($17.64)


PokerStars Hand #157945712665:  Hold'em Limit ($3/$6 USD) - 2016/08/30 15:48:51 ET
Table 'Wesselink' 10-max Seat #9 is the button
Seat 5: minigus575 ($105.65 in chips)
Seat 9: Pandakey ($130.28 in chips)
Pandakey: posts small blind $1
minigus575: posts big blind $3
*** HOLE CARDS ***
Pandakey: raises $3 to $6
minigus575: calls $3
*** FLOP *** [2c 9h As]
minigus575: checks
Pandakey: bets $3
minigus575: folds
Uncalled bet ($3) returned to Pandakey
Pandakey collected $11.76 from pot
*** SUMMARY ***
Total pot $12 | Rake $0.24
Board [2c 9h As]
Seat 5: minigus575 (big blind) folded on the Flop
Seat 9: Pandakey (button) (small blind) collected ($11.76)


PokerStars Hand #157945678165:  Hold'em Limit ($3/$6 USD) - 2016/08/30 15:48:10 ET
Table 'Wesselink' 10-max Seat #9 is the button
Seat 5: minigus575 ($153.65 in chips)
Seat 9: Pandakey ($83.28 in chips)
Pandakey: posts small blind $1
minigus575: posts big blind $3
*** HOLE CARDS ***
Pandakey: raises $3 to $6
minigus575: raises $3 to $9
Pandakey: calls $3
*** FLOP *** [Jc Kc 3d]
minigus575: bets $3
Pandakey: calls $3
*** TURN *** [Jc Kc 3d] [4d]
minigus575: bets $6
Pandakey: raises $6 to $12
minigus575: calls $6
*** RIVER *** [Jc Kc 3d 4d] [Th]
minigus575: checks
Pandakey: bets $6
minigus575: calls $6
*** SHOW DOWN ***
Pandakey: shows [Ac Kh] (a pair of Kings)
minigus575: mucks hand
Pandakey collected $59.50 from pot
*** SUMMARY ***
Total pot $60 | Rake $0.50
Board [Jc Kc 3d 4d Th]
Seat 5: minigus575 (big blind) mucked
Seat 9: Pandakey (button) (small blind) showed [Ac Kh] and won ($59.50) with a pair of Kings


PokerStars Hand #157945721497:  Hold'em Limit ($3/$6 USD) - 2016/08/30 15:49:02 ET
Table 'Wesselink' 10-max Seat #5 is the button
Seat 5: minigus575 ($99.65 in chips)
Seat 9: Pandakey ($136.04 in chips)
minigus575: posts small blind $1
Pandakey: posts big blind $3
*** HOLE CARDS ***
minigus575: raises $3 to $6
Pandakey: calls $3
*** FLOP *** [Td 9h Ts]
Pandakey: checks
minigus575: bets $3
Pandakey: folds
Uncalled bet ($3) returned to minigus575
minigus575 collected $11.76 from pot
minigus575: doesn't show hand
*** SUMMARY ***
Total pot $12 | Rake $0.24
Board [Td 9h Ts]
Seat 5: minigus575 (button) (small blind) collected ($11.76)
Seat 9: Pandakey (big blind) folded on the Flop


PokerStars Hand #157945696837:  Hold'em Limit ($3/$6 USD) - 2016/08/30 15:48:33 ET
Table 'Wesselink' 10-max Seat #5 is the button
Seat 5: minigus575 ($123.65 in chips)
Seat 9: Pandakey ($112.78 in chips)
minigus575: posts small blind $1
Pandakey: posts big blind $3
*** HOLE CARDS ***
minigus575: raises $3 to $6
Pandakey: raises $3 to $9
minigus575: calls $3
*** FLOP *** [Jh 6c Jc]
Pandakey: bets $3
minigus575: raises $3 to $6
Pandakey: raises $3 to $9
minigus575: calls $3
*** TURN *** [Jh 6c Jc] [5d]
Pandakey: bets $6
minigus575: folds
Uncalled bet ($6) returned to Pandakey
Pandakey collected $35.50 from pot
Pandakey: doesn't show hand
*** SUMMARY ***
Total pot $36 | Rake $0.50
Board [Jh 6c Jc 5d]
Seat 5: minigus575 (button) (small blind) folded on the Turn
Seat 9: Pandakey (big blind) collected ($35.50)


PokerStars Hand #157945764093:  Hold'em Limit ($3/$6 USD) - 2016/08/30 15:49:53 ET
Table 'Wesselink' 10-max Seat #9 is the button
Seat 5: minigus575 ($101.91 in chips)
Seat 9: Pandakey ($132.54 in chips)
Pandakey: posts small blind $1
minigus575: posts big blind $3
*** HOLE CARDS ***
Pandakey: raises $3 to $6
minigus575: raises $3 to $9
Pandakey: calls $3
*** FLOP *** [Ad 3d 9h]
minigus575: bets $3
Pandakey: folds
Uncalled bet ($3) returned to minigus575
minigus575 collected $17.64 from pot
minigus575: doesn't show hand
*** SUMMARY ***
Total pot $18 | Rake $0.36
Board [Ad 3d 9h]
Seat 5: minigus575 (big blind) collected ($17.64)
Seat 9: Pandakey (button) (small blind) folded on the Flop


PokerStars Hand #157945746491:  Hold'em Limit ($3/$6 USD) - 2016/08/30 15:49:32 ET
Table 'Wesselink' 10-max Seat #5 is the button
Seat 5: minigus575 ($119.91 in chips)
Seat 9: Pandakey ($115.04 in chips)
minigus575: posts small blind $1
Pandakey: posts big blind $3
*** HOLE CARDS ***
minigus575: raises $3 to $6
Pandakey: raises $3 to $9
minigus575: calls $3
*** FLOP *** [Kh 4s 9h]
Pandakey: bets $3
minigus575: calls $3
*** TURN *** [Kh 4s 9h] [4d]
Pandakey: checks
minigus575: checks
*** RIVER *** [Kh 4s 9h 4d] [7d]
Pandakey: bets $6
minigus575: calls $6
*** SHOW DOWN ***
Pandakey: shows [7c 9c] (two pair, Nines and Sevens)
minigus575: mucks hand
Pandakey collected $35.50 from pot
*** SUMMARY ***
Total pot $36 | Rake $0.50
Board [Kh 4s 9h 4d 7d]
Seat 5: minigus575 (button) (small blind) mucked
Seat 9: Pandakey (big blind) showed [7c 9c] and won ($35.50) with two pair, Nines and Sevens


PokerStars Hand #157945771176:  Hold'em Limit ($3/$6 USD) - 2016/08/30 15:50:02 ET
Table 'Wesselink' 10-max Seat #5 is the button
Seat 5: minigus575 ($110.55 in chips)
Seat 9: Pandakey ($123.54 in chips)
minigus575: posts small blind $1
Pandakey: posts big blind $3
*** HOLE CARDS ***
minigus575: raises $3 to $6
Pandakey: calls $3
*** FLOP *** [Jd 3h 3c]
Pandakey: checks
minigus575: bets $3
Pandakey: folds
Uncalled bet ($3) returned to minigus575
minigus575 collected $11.76 from pot
minigus575: doesn't show hand
*** SUMMARY ***
Total pot $12 | Rake $0.24
Board [Jd 3h 3c]
Seat 5: minigus575 (button) (small blind) collected ($11.76)
Seat 9: Pandakey (big blind) folded on the Flop


PokerStars Hand #157945731652:  Hold'em Limit ($3/$6 USD) - 2016/08/30 15:49:14 ET
Table 'Wesselink' 10-max Seat #9 is the button
Seat 5: minigus575 ($105.41 in chips)
Seat 9: Pandakey ($130.04 in chips)
Pandakey: posts small blind $1
minigus575: posts big blind $3
*** HOLE CARDS ***
Pandakey: raises $3 to $6
minigus575: calls $3
*** FLOP *** [Ah 2s Th]
minigus575: checks
Pandakey: bets $3
minigus575: calls $3
*** TURN *** [Ah 2s Th] [Kh]
minigus575: checks
Pandakey: bets $6
minigus575: calls $6
*** RIVER *** [Ah 2s Th Kh] [8h]
minigus575: checks
Pandakey: checks
*** SHOW DOWN ***
minigus575: shows [Kd 8s] (two pair, Kings and Eights)
Pandakey: mucks hand
minigus575 collected $29.50 from pot
*** SUMMARY ***
Total pot $30 | Rake $0.50
Board [Ah 2s Th Kh 8h]
Seat 5: minigus575 (big blind) showed [Kd 8s] and won ($29.50) with two pair, Kings and Eights
Seat 9: Pandakey (button) (small blind) mucked


PokerStars Hand #157945778467:  Hold'em Limit ($3/$6 USD) - 2016/08/30 15:50:10 ET
Table 'Wesselink' 10-max Seat #9 is the button
Seat 5: minigus575 ($116.31 in chips)
Seat 9: Pandakey ($117.54 in chips)
Pandakey: posts small blind $1
minigus575: posts big blind $3
*** HOLE CARDS ***
Pandakey: raises $3 to $6
minigus575: raises $3 to $9
Pandakey: calls $3
*** FLOP *** [Jc 4s 2h]
minigus575: bets $3
Pandakey: calls $3
*** TURN *** [Jc 4s 2h] [5d]
minigus575: bets $6
Pandakey: calls $6
*** RIVER *** [Jc 4s 2h 5d] [Ad]
minigus575: checks
Pandakey: bets $6
minigus575: folds
Uncalled bet ($6) returned to Pandakey
Pandakey collected $35.50 from pot
Pandakey: doesn't show hand
*** SUMMARY ***
Total pot $36 | Rake $0.50
Board [Jc 4s 2h 5d Ad]
Seat 5: minigus575 (big blind) folded on the River
Seat 9: Pandakey (button) (small blind) collected ($35.50)


PokerStars Hand #157945794702:  Hold'em Limit ($3/$6 USD) - 2016/08/30 15:50:30 ET
Table 'Wesselink' 10-max Seat #5 is the button
Seat 5: minigus575 ($98.31 in chips)
Seat 9: Pandakey ($135.04 in chips)
minigus575: posts small blind $1
Pandakey: posts big blind $3
*** HOLE CARDS ***
minigus575: raises $3 to $6
Pandakey: calls $3
*** FLOP *** [2d 3s Ah]
Pandakey: checks
minigus575: bets $3
Pandakey: calls $3
*** TURN *** [2d 3s Ah] [Kd]
Pandakey: checks
minigus575: checks
*** RIVER *** [2d 3s Ah Kd] [2h]
Pandakey: bets $6
minigus575: calls $6
*** SHOW DOWN ***
Pandakey: shows [2c 7c] (three of a kind, Deuces)
minigus575: mucks hand
Pandakey collected $29.50 from pot
*** SUMMARY ***
Total pot $30 | Rake $0.50
Board [2d 3s Ah Kd 2h]
Seat 5: minigus575 (button) (small blind) mucked
Seat 9: Pandakey (big blind) showed [2c 7c] and won ($29.50) with three of a kind, Deuces


PokerStars Hand #157945809008:  Hold'em Limit ($3/$6 USD) - 2016/08/30 15:50:47 ET
Table 'Wesselink' 10-max Seat #9 is the button
Seat 5: minigus575 ($83.31 in chips)
Seat 9: Pandakey ($149.54 in chips)
Pandakey: posts small blind $1
minigus575: posts big blind $3
*** HOLE CARDS ***
Pandakey: raises $3 to $6
minigus575: raises $3 to $9
Pandakey: calls $3
*** FLOP *** [Ac 5h Kd]
minigus575: bets $3
Pandakey: folds
Uncalled bet ($3) returned to minigus575
minigus575 collected $17.64 from pot
minigus575: doesn't show hand
*** SUMMARY ***
Total pot $18 | Rake $0.36
Board [Ac 5h Kd]
Seat 5: minigus575 (big blind) collected ($17.64)
Seat 9: Pandakey (button) (small blind) folded on the Flop


PokerStars Hand #157945824198:  Hold'em Limit ($3/$6 USD) - 2016/08/30 15:51:05 ET
Table 'Wesselink' 10-max Seat #5 is the button
Seat 5: minigus575 ($91.95 in chips)
Seat 9: Pandakey ($140.54 in chips)
minigus575: posts small blind $1
Pandakey: posts big blind $3
*** HOLE CARDS ***
minigus575: raises $3 to $6
Pandakey: calls $3
*** FLOP *** [8s Qc Ah]
Pandakey: checks
minigus575: bets $3
Pandakey: calls $3
*** TURN *** [8s Qc Ah] [8c]
Pandakey: checks
minigus575: checks
*** RIVER *** [8s Qc Ah 8c] [Js]
Pandakey: checks
minigus575: bets $6
Pandakey: calls $6
*** SHOW DOWN ***
minigus575: shows [Qs 7c] (two pair, Queens and Eights)
Pandakey: mucks hand
minigus575 collected $29.50 from pot
*** SUMMARY ***
Total pot $30 | Rake $0.50
Board [8s Qc Ah 8c Js]
Seat 5: minigus575 (button) (small blind) showed [Qs 7c] and won ($29.50) with two pair, Queens and Eights
Seat 9: Pandakey (big blind) mucked


PokerStars Hand #157945838097:  Hold'em Limit ($3/$6 USD) - 2016/08/30 15:51:22 ET
Table 'Wesselink' 10-max Seat #9 is the button
Seat 5: minigus575 ($106.45 in chips)
Seat 9: Pandakey ($125.54 in chips)
Pandakey: posts small blind $1
minigus575: posts big blind $3
*** HOLE CARDS ***
Pandakey: raises $3 to $6
minigus575: raises $3 to $9
Pandakey: calls $3
*** FLOP *** [Jd Tc Js]
minigus575: bets $3
Pandakey: calls $3
*** TURN *** [Jd Tc Js] [5c]
minigus575: bets $6
Pandakey: calls $6
*** RIVER *** [Jd Tc Js 5c] [5h]
minigus575: checks
Pandakey: checks
*** SHOW DOWN ***
minigus575: shows [Ah Kc] (two pair, Jacks and Fives)
Pandakey: shows [3c Ad] (two pair, Jacks and Fives)
minigus575 collected $17.75 from pot
Pandakey collected $17.75 from pot
*** SUMMARY ***
Total pot $36 | Rake $0.50
Board [Jd Tc Js 5c 5h]
Seat 5: minigus575 (big blind) showed [Ah Kc] and won ($17.75) with two pair, Jacks and Fives
Seat 9: Pandakey (button) (small blind) showed [3c Ad] and won ($17.75) with two pair, Jacks and Fives


PokerStars Hand #157945854030:  Hold'em Limit ($3/$6 USD) - 2016/08/30 15:51:41 ET
Table 'Wesselink' 10-max Seat #5 is the button
Seat 5: minigus575 ($106.20 in chips)
Seat 9: Pandakey ($125.29 in chips)
minigus575: posts small blind $1
Pandakey: posts big blind $3
*** HOLE CARDS ***
minigus575: raises $3 to $6
Pandakey: calls $3
*** FLOP *** [Ad Kh 7c]
Pandakey: checks
minigus575: bets $3
Pandakey: folds
Uncalled bet ($3) returned to minigus575
minigus575 collected $11.76 from pot
minigus575: doesn't show hand
*** SUMMARY ***
Total pot $12 | Rake $0.24
Board [Ad Kh 7c]
Seat 5: minigus575 (button) (small blind) collected ($11.76)
Seat 9: Pandakey (big blind) folded on the Flop


PokerStars Hand #157945861297:  Hold'em Limit ($3/$6 USD) - 2016/08/30 15:51:50 ET
Table 'Wesselink' 10-max Seat #9 is the button
Seat 5: minigus575 ($111.96 in chips)
Seat 9: Pandakey ($119.29 in chips)
Pandakey: posts small blind $1
minigus575: posts big blind $3
*** HOLE CARDS ***
Pandakey: raises $3 to $6
minigus575: calls $3
*** FLOP *** [Qd Js 2s]
minigus575: checks
Pandakey: bets $3
minigus575: folds
Uncalled bet ($3) returned to Pandakey
Pandakey collected $11.76 from pot
Pandakey: doesn't show hand
*** SUMMARY ***
Total pot $12 | Rake $0.24
Board [Qd Js 2s]
Seat 5: minigus575 (big blind) folded on the Flop
Seat 9: Pandakey (button) (small blind) collected ($11.76)


PokerStars Hand #157945877212:  Hold'em Limit ($3/$6 USD) - 2016/08/30 15:52:09 ET
Table 'Wesselink' 10-max Seat #9 is the button
Seat 5: minigus575 ($111.72 in chips)
Seat 9: Pandakey ($119.05 in chips)
Pandakey: posts small blind $1
minigus575: posts big blind $3
*** HOLE CARDS ***
Pandakey: raises $3 to $6
minigus575: folds
Uncalled bet ($3) returned to Pandakey
Pandakey collected $6 from pot
Pandakey: doesn't show hand
*** SUMMARY ***
Total pot $6 | Rake $0
Seat 5: minigus575 (big blind) folded before Flop
Seat 9: Pandakey (button) (small blind) collected ($6)


PokerStars Hand #157945870296:  Hold'em Limit ($3/$6 USD) - 2016/08/30 15:52:01 ET
Table 'Wesselink' 10-max Seat #5 is the button
Seat 5: minigus575 ($105.96 in chips)
Seat 9: Pandakey ($125.05 in chips)
minigus575: posts small blind $1
Pandakey: posts big blind $3
*** HOLE CARDS ***
minigus575: raises $3 to $6
Pandakey: calls $3
*** FLOP *** [4d 7c 3d]
Pandakey: checks
minigus575: bets $3
Pandakey: folds
Uncalled bet ($3) returned to minigus575
minigus575 collected $11.76 from pot
minigus575: doesn't show hand
*** SUMMARY ***
Total pot $12 | Rake $0.24
Board [4d 7c 3d]
Seat 5: minigus575 (button) (small blind) collected ($11.76)
Seat 9: Pandakey (big blind) folded on the Flop


PokerStars Hand #157945893301:  Hold'em Limit ($3/$6 USD) - 2016/08/30 15:52:28 ET
Table 'Wesselink' 10-max Seat #5 is the button
Seat 5: minigus575 ($101.72 in chips)
Seat 9: Pandakey ($128.81 in chips)
minigus575: posts small blind $1
Pandakey: posts big blind $3
*** HOLE CARDS ***
minigus575: folds
Uncalled bet ($2) returned to Pandakey
Pandakey collected $2 from pot
Pandakey: doesn't show hand
*** SUMMARY ***
Total pot $2 | Rake $0
Seat 5: minigus575 (button) (small blind) folded before Flop
Seat 9: Pandakey (big blind) collected ($2)


PokerStars Hand #157945885101:  Hold'em Limit ($3/$6 USD) - 2016/08/30 15:52:18 ET
Table 'Wesselink' 10-max Seat #9 is the button
Seat 5: minigus575 ($107.72 in chips)
Seat 9: Pandakey ($123.05 in chips)
Pandakey: posts small blind $1
minigus575: posts big blind $3
*** HOLE CARDS ***
Pandakey: raises $3 to $6
minigus575: calls $3
*** FLOP *** [Kd 7d Ah]
minigus575: checks
Pandakey: bets $3
minigus575: folds
Uncalled bet ($3) returned to Pandakey
Pandakey collected $11.76 from pot
Pandakey: doesn't show hand
*** SUMMARY ***
Total pot $12 | Rake $0.24
Board [Kd 7d Ah]
Seat 5: minigus575 (big blind) folded on the Flop
Seat 9: Pandakey (button) (small blind) collected ($11.76)


PokerStars Hand #157945896921:  Hold'em Limit ($3/$6 USD) - 2016/08/30 15:52:33 ET
Table 'Wesselink' 10-max Seat #9 is the button
Seat 5: minigus575 ($100.72 in chips)
Seat 9: Pandakey ($129.81 in chips)
Pandakey: posts small blind $1
minigus575: posts big blind $3
*** HOLE CARDS ***
Pandakey: raises $3 to $6
minigus575: raises $3 to $9
Pandakey: calls $3
*** FLOP *** [7h 9c 8s]
minigus575: bets $3
Pandakey: calls $3
*** TURN *** [7h 9c 8s] [Kc]
minigus575: bets $6
Pandakey: raises $6 to $12
minigus575: raises $6 to $18
Pandakey: raises $6 to $24
Betting is capped
minigus575: calls $6
*** RIVER *** [7h 9c 8s Kc] [Qc]
minigus575: checks
Pandakey: bets $6
minigus575: calls $6
*** SHOW DOWN ***
Pandakey: shows [5d 6s] (a straight, Five to Nine)
minigus575: mucks hand
Pandakey collected $83.50 from pot
*** SUMMARY ***
Total pot $84 | Rake $0.50
Board [7h 9c 8s Kc Qc]
Seat 5: minigus575 (big blind) mucked
Seat 9: Pandakey (button) (small blind) showed [5d 6s] and won ($83.50) with a straight, Five to Nine


PokerStars Hand #157945881401:  Hold'em Limit ($3/$6 USD) - 2016/08/30 15:52:14 ET
Table 'Wesselink' 10-max Seat #5 is the button
Seat 5: minigus575 ($108.72 in chips)
Seat 9: Pandakey ($122.05 in chips)
minigus575: posts small blind $1
Pandakey: posts big blind $3
*** HOLE CARDS ***
minigus575: folds
Uncalled bet ($2) returned to Pandakey
Pandakey collected $2 from pot
Pandakey: doesn't show hand
*** SUMMARY ***
Total pot $2 | Rake $0
Seat 5: minigus575 (button) (small blind) folded before Flop
Seat 9: Pandakey (big blind) collected ($2)


PokerStars Hand #157945916846:  Hold'em Limit ($3/$6 USD) - 2016/08/30 15:52:57 ET
Table 'Wesselink' 10-max Seat #5 is the button
Seat 5: minigus575 ($58.72 in chips)
Seat 9: Pandakey ($171.31 in chips)
minigus575: posts small blind $1
Pandakey: posts big blind $3
*** HOLE CARDS ***
minigus575: raises $3 to $6
Pandakey: raises $3 to $9
minigus575: calls $3
*** FLOP *** [Jc Qs 8s]
Pandakey: bets $3
minigus575: folds
Uncalled bet ($3) returned to Pandakey
Pandakey collected $17.64 from pot
Pandakey: doesn't show hand
*** SUMMARY ***
Total pot $18 | Rake $0.36
Board [Jc Qs 8s]
Seat 5: minigus575 (button) (small blind) folded on the Flop
Seat 9: Pandakey (big blind) collected ($17.64)


PokerStars Hand #157945926358:  Hold'em Limit ($3/$6 USD) - 2016/08/30 15:53:08 ET
Table 'Wesselink' 10-max Seat #9 is the button
Seat 5: minigus575 ($49.72 in chips)
Seat 9: Pandakey ($179.95 in chips)
Pandakey: posts small blind $1
minigus575: posts big blind $3
*** HOLE CARDS ***
Pandakey: raises $3 to $6
minigus575: raises $3 to $9
Pandakey: calls $3
*** FLOP *** [Kd 7d 6c]
minigus575: bets $3
Pandakey: raises $3 to $6
minigus575: calls $3
*** TURN *** [Kd 7d 6c] [2d]
minigus575: checks
Pandakey: bets $6
minigus575: calls $6
*** RIVER *** [Kd 7d 6c 2d] [Qc]
minigus575: checks
Pandakey: checks
*** SHOW DOWN ***
minigus575: shows [8c Qd] (a pair of Queens)
Pandakey: mucks hand
minigus575 collected $41.50 from pot
*** SUMMARY ***
Total pot $42 | Rake $0.50
Board [Kd 7d 6c 2d Qc]
Seat 5: minigus575 (big blind) showed [8c Qd] and won ($41.50) with a pair of Queens
Seat 9: Pandakey (button) (small blind) mucked


PokerStars Hand #157945962174:  Hold'em Limit ($3/$6 USD) - 2016/08/30 15:53:51 ET
Table 'Wesselink' 10-max Seat #9 is the button
Seat 5: minigus575 ($55.22 in chips)
Seat 9: Pandakey ($173.45 in chips)
Pandakey: posts small blind $1
minigus575: posts big blind $3
*** HOLE CARDS ***
Pandakey: raises $3 to $6
minigus575: folds
Uncalled bet ($3) returned to Pandakey
Pandakey collected $6 from pot
Pandakey: doesn't show hand
*** SUMMARY ***
Total pot $6 | Rake $0
Seat 5: minigus575 (big blind) folded before Flop
Seat 9: Pandakey (button) (small blind) collected ($6)


PokerStars Hand #157945944308:  Hold'em Limit ($3/$6 USD) - 2016/08/30 15:53:30 ET
Table 'Wesselink' 10-max Seat #5 is the button
Seat 5: minigus575 ($70.22 in chips)
Seat 9: Pandakey ($158.95 in chips)
minigus575: posts small blind $1
Pandakey: posts big blind $3
*** HOLE CARDS ***
minigus575: raises $3 to $6
Pandakey: calls $3
*** FLOP *** [Td Ts 5c]
Pandakey: checks
minigus575: bets $3
Pandakey: calls $3
*** TURN *** [Td Ts 5c] [Kc]
Pandakey: checks
minigus575: checks
*** RIVER *** [Td Ts 5c Kc] [Qd]
Pandakey: bets $6
minigus575: calls $6
*** SHOW DOWN ***
Pandakey: shows [9c Jh] (a straight, Nine to King)
minigus575: mucks hand
Pandakey collected $29.50 from pot
*** SUMMARY ***
Total pot $30 | Rake $0.50
Board [Td Ts 5c Kc Qd]
Seat 5: minigus575 (button) (small blind) mucked
Seat 9: Pandakey (big blind) showed [9c Jh] and won ($29.50) with a straight, Nine to King


PokerStars Hand #157945965800:  Hold'em Limit ($3/$6 USD) - 2016/08/30 15:53:56 ET
Table 'Wesselink' 10-max Seat #5 is the button
Seat 5: minigus575 ($52.22 in chips)
Seat 9: Pandakey ($176.45 in chips)
minigus575: posts small blind $1
Pandakey: posts big blind $3
*** HOLE CARDS ***
minigus575: folds
Uncalled bet ($2) returned to Pandakey
Pandakey collected $2 from pot
Pandakey: doesn't show hand
*** SUMMARY ***
Total pot $2 | Rake $0
Seat 5: minigus575 (button) (small blind) folded before Flop
Seat 9: Pandakey (big blind) collected ($2)


PokerStars Hand #157945977994:  Hold'em Limit ($3/$6 USD) - 2016/08/30 15:54:10 ET
Table 'Wesselink' 10-max Seat #5 is the button
Seat 5: minigus575 ($59.86 in chips)
Seat 9: Pandakey ($168.45 in chips)
minigus575: posts small blind $1
Pandakey: posts big blind $3
*** HOLE CARDS ***
minigus575: folds
Uncalled bet ($2) returned to Pandakey
Pandakey collected $2 from pot
Pandakey: doesn't show hand
*** SUMMARY ***
Total pot $2 | Rake $0
Seat 5: minigus575 (button) (small blind) folded before Flop
Seat 9: Pandakey (big blind) collected ($2)


PokerStars Hand #157945969657:  Hold'em Limit ($3/$6 USD) - 2016/08/30 15:54:01 ET
Table 'Wesselink' 10-max Seat #9 is the button
Seat 5: minigus575 ($51.22 in chips)
Seat 9: Pandakey ($177.45 in chips)
Pandakey: posts small blind $1
minigus575: posts big blind $3
*** HOLE CARDS ***
Pandakey: raises $3 to $6
minigus575: raises $3 to $9
Pandakey: calls $3
*** FLOP *** [Td Ts 7d]
minigus575: bets $3
Pandakey: folds
Uncalled bet ($3) returned to minigus575
minigus575 collected $17.64 from pot
minigus575: doesn't show hand
*** SUMMARY ***
Total pot $18 | Rake $0.36
Board [Td Ts 7d]
Seat 5: minigus575 (big blind) collected ($17.64)
Seat 9: Pandakey (button) (small blind) folded on the Flop


PokerStars Hand #157945993448:  Hold'em Limit ($3/$6 USD) - 2016/08/30 15:54:29 ET
Table 'Wesselink' 10-max Seat #5 is the button
Seat 5: minigus575 ($46.86 in chips)
Seat 9: Pandakey ($180.97 in chips)
minigus575: posts small blind $1
Pandakey: posts big blind $3
*** HOLE CARDS ***
minigus575: folds
Uncalled bet ($2) returned to Pandakey
Pandakey collected $2 from pot
Pandakey: doesn't show hand
*** SUMMARY ***
Total pot $2 | Rake $0
Seat 5: minigus575 (button) (small blind) folded before Flop
Seat 9: Pandakey (big blind) collected ($2)


PokerStars Hand #157945981788:  Hold'em Limit ($3/$6 USD) - 2016/08/30 15:54:15 ET
Table 'Wesselink' 10-max Seat #9 is the button
Seat 5: minigus575 ($58.86 in chips)
Seat 9: Pandakey ($169.45 in chips)
Pandakey: posts small blind $1
minigus575: posts big blind $3
*** HOLE CARDS ***
Pandakey: raises $3 to $6
minigus575: raises $3 to $9
Pandakey: calls $3
*** FLOP *** [9s Kd Ah]
minigus575: bets $3
Pandakey: calls $3
*** TURN *** [9s Kd Ah] [Jd]
minigus575: checks
Pandakey: bets $6
minigus575: folds
Uncalled bet ($6) returned to Pandakey
Pandakey collected $23.52 from pot
Pandakey: doesn't show hand
*** SUMMARY ***
Total pot $24 | Rake $0.48
Board [9s Kd Ah Jd]
Seat 5: minigus575 (big blind) folded on the Turn
Seat 9: Pandakey (button) (small blind) collected ($23.52)


PokerStars Hand #157946029270:  Hold'em Limit ($3/$6 USD) - 2016/08/30 15:55:12 ET
Table 'Wesselink' 10-max Seat #5 is the button
Seat 5: minigus575 ($54.36 in chips)
Seat 9: Pandakey ($172.37 in chips)
minigus575: posts small blind $1
Pandakey: posts big blind $3
*** HOLE CARDS ***
minigus575: raises $3 to $6
Pandakey: folds
Uncalled bet ($3) returned to minigus575
minigus575 collected $6 from pot
minigus575: doesn't show hand
*** SUMMARY ***
Total pot $6 | Rake $0
Seat 5: minigus575 (button) (small blind) collected ($6)
Seat 9: Pandakey (big blind) folded before Flop


PokerStars Hand #157946016152:  Hold'em Limit ($3/$6 USD) - 2016/08/30 15:54:56 ET
Table 'Wesselink' 10-max Seat #9 is the button
Seat 5: minigus575 ($30.86 in chips)
Seat 9: Pandakey ($196.37 in chips)
Pandakey: posts small blind $1
minigus575: posts big blind $3
*** HOLE CARDS ***
Pandakey: raises $3 to $6
minigus575: calls $3
*** FLOP *** [2d Ts 9c]
minigus575: checks
Pandakey: bets $3
minigus575: raises $3 to $6
Pandakey: calls $3
*** TURN *** [2d Ts 9c] [5c]
minigus575: bets $6
Pandakey: calls $6
*** RIVER *** [2d Ts 9c 5c] [3h]
minigus575: bets $6
Pandakey: calls $6
*** SHOW DOWN ***
minigus575: shows [Td 7s] (a pair of Tens)
Pandakey: mucks hand
minigus575 collected $47.50 from pot
*** SUMMARY ***
Total pot $48 | Rake $0.50
Board [2d Ts 9c 5c 3h]
Seat 5: minigus575 (big blind) showed [Td 7s] and won ($47.50) with a pair of Tens
Seat 9: Pandakey (button) (small blind) mucked


PokerStars Hand #157945997054:  Hold'em Limit ($3/$6 USD) - 2016/08/30 15:54:33 ET
Table 'Wesselink' 10-max Seat #9 is the button
Seat 5: minigus575 ($45.86 in chips)
Seat 9: Pandakey ($181.97 in chips)
Pandakey: posts small blind $1
minigus575: posts big blind $3
*** HOLE CARDS ***
Pandakey: raises $3 to $6
minigus575: calls $3
*** FLOP *** [2h Ad Tc]
minigus575: checks
Pandakey: bets $3
minigus575: folds
Uncalled bet ($3) returned to Pandakey
Pandakey collected $11.76 from pot
Pandakey: doesn't show hand
*** SUMMARY ***
Total pot $12 | Rake $0.24
Board [2h Ad Tc]
Seat 5: minigus575 (big blind) folded on the Flop
Seat 9: Pandakey (button) (small blind) collected ($11.76)


PokerStars Hand #157946006142:  Hold'em Limit ($3/$6 USD) - 2016/08/30 15:54:44 ET
Table 'Wesselink' 10-max Seat #5 is the button
Seat 5: minigus575 ($39.86 in chips)
Seat 9: Pandakey ($187.73 in chips)
minigus575: posts small blind $1
Pandakey: posts big blind $3
*** HOLE CARDS ***
minigus575: raises $3 to $6
Pandakey: calls $3
*** FLOP *** [8c Td 3d]
Pandakey: checks
minigus575: bets $3
Pandakey: raises $3 to $6
minigus575: folds
Uncalled bet ($3) returned to Pandakey
Pandakey collected $17.64 from pot
Pandakey: doesn't show hand
*** SUMMARY ***
Total pot $18 | Rake $0.36
Board [8c Td 3d]
Seat 5: minigus575 (button) (small blind) folded on the Flop
Seat 9: Pandakey (big blind) collected ($17.64)


PokerStars Hand #157946038819:  Hold'em Limit ($3/$6 USD) - 2016/08/30 15:55:27 ET
Table 'Wesselink' 10-max Seat #9 is the button
Seat 5: minigus575 ($57.36 in chips)
Seat 9: Pandakey ($169.37 in chips)
Pandakey: posts small blind $1
minigus575: posts big blind $3
*** HOLE CARDS ***
Pandakey: raises $3 to $6
minigus575: folds
Uncalled bet ($3) returned to Pandakey
Pandakey collected $6 from pot
Pandakey: doesn't show hand
*** SUMMARY ***
Total pot $6 | Rake $0
Seat 5: minigus575 (big blind) folded before Flop
Seat 9: Pandakey (button) (small blind) collected ($6)


PokerStars Hand #157946035913:  Hold'em Limit ($3/$6 USD) - 2016/08/30 15:55:22 ET
Table 'Wesselink' 10-max Seat #5 is the button
Seat 5: minigus575 ($58.36 in chips)
Seat 9: Pandakey ($168.37 in chips)
minigus575: posts small blind $1
Pandakey: posts big blind $3
*** HOLE CARDS ***
minigus575: folds
Uncalled bet ($2) returned to Pandakey
Pandakey collected $2 from pot
Pandakey: doesn't show hand
*** SUMMARY ***
Total pot $2 | Rake $0
Seat 5: minigus575 (button) (small blind) folded before Flop
Seat 9: Pandakey (big blind) collected ($2)


PokerStars Hand #157946032717:  Hold'em Limit ($3/$6 USD) - 2016/08/30 15:55:17 ET
Table 'Wesselink' 10-max Seat #9 is the button
Seat 5: minigus575 ($57.36 in chips)
Seat 9: Pandakey ($169.37 in chips)
Pandakey: posts small blind $1
minigus575: posts big blind $3
*** HOLE CARDS ***
Pandakey: folds
Uncalled bet ($2) returned to minigus575
minigus575 collected $2 from pot
minigus575: doesn't show hand
*** SUMMARY ***
Total pot $2 | Rake $0
Seat 5: minigus575 (big blind) collected ($2)
Seat 9: Pandakey (button) (small blind) folded before Flop


PokerStars Hand #157946067271:  Hold'em Limit ($3/$6 USD) - 2016/08/30 15:56:10 ET
Table 'Wesselink' 10-max Seat #9 is the button
Seat 5: minigus575 ($63.86 in chips)
Seat 9: Pandakey ($161.89 in chips)
Pandakey: posts small blind $1
minigus575: posts big blind $3
*** HOLE CARDS ***
Pandakey: folds
Uncalled bet ($2) returned to minigus575
minigus575 collected $2 from pot
minigus575: doesn't show hand
*** SUMMARY ***
Total pot $2 | Rake $0
Seat 5: minigus575 (big blind) collected ($2)
Seat 9: Pandakey (button) (small blind) folded before Flop


PokerStars Hand #157946053949:  Hold'em Limit ($3/$6 USD) - 2016/08/30 15:55:50 ET
Table 'Wesselink' 10-max Seat #5 is the button
Seat 5: minigus575 ($43.36 in chips)
Seat 9: Pandakey ($182.89 in chips)
minigus575: posts small blind $1
Pandakey: posts big blind $3
*** HOLE CARDS ***
minigus575: raises $3 to $6
Pandakey: calls $3
*** FLOP *** [3s Th Ts]
Pandakey: checks
minigus575: bets $3
Pandakey: calls $3
*** TURN *** [3s Th Ts] [Jc]
Pandakey: checks
minigus575: bets $6
Pandakey: calls $6
*** RIVER *** [3s Th Ts Jc] [Kd]
Pandakey: checks
minigus575: bets $6
Pandakey: calls $6
*** SHOW DOWN ***
minigus575: shows [9d Qs] (a straight, Nine to King)
Pandakey: mucks hand
minigus575 collected $41.50 from pot
*** SUMMARY ***
Total pot $42 | Rake $0.50
Board [3s Th Ts Jc Kd]
Seat 5: minigus575 (button) (small blind) showed [9d Qs] and won ($41.50) with a straight, Nine to King
Seat 9: Pandakey (big blind) mucked


PokerStars Hand #157946041742:  Hold'em Limit ($3/$6 USD) - 2016/08/30 15:55:31 ET
Table 'Wesselink' 10-max Seat #5 is the button
Seat 5: minigus575 ($54.36 in chips)
Seat 9: Pandakey ($172.37 in chips)
minigus575: posts small blind $1
Pandakey: posts big blind $3
*** HOLE CARDS ***
minigus575: raises $3 to $6
Pandakey: calls $3
*** FLOP *** [4c 4h 3h]
Pandakey: checks
minigus575: bets $3
Pandakey: raises $3 to $6
minigus575: calls $3
*** TURN *** [4c 4h 3h] [Tc]
Pandakey: bets $6
minigus575: folds
Uncalled bet ($6) returned to Pandakey
Pandakey collected $23.52 from pot
Pandakey: doesn't show hand
*** SUMMARY ***
Total pot $24 | Rake $0.48
Board [4c 4h 3h Tc]
Seat 5: minigus575 (button) (small blind) folded on the Turn
Seat 9: Pandakey (big blind) collected ($23.52)


PokerStars Hand #157946050891:  Hold'em Limit ($3/$6 USD) - 2016/08/30 15:55:45 ET
Table 'Wesselink' 10-max Seat #9 is the button
Seat 5: minigus575 ($42.36 in chips)
Seat 9: Pandakey ($183.89 in chips)
Pandakey: posts small blind $1
minigus575: posts big blind $3
*** HOLE CARDS ***
Pandakey: folds
Uncalled bet ($2) returned to minigus575
minigus575 collected $2 from pot
minigus575: doesn't show hand
*** SUMMARY ***
Total pot $2 | Rake $0
Seat 5: minigus575 (big blind) collected ($2)
Seat 9: Pandakey (button) (small blind) folded before Flop


PokerStars Hand #157946070210:  Hold'em Limit ($3/$6 USD) - 2016/08/30 15:56:15 ET
Table 'Wesselink' 10-max Seat #5 is the button
Seat 5: minigus575 ($64.86 in chips)
Seat 9: Pandakey ($160.89 in chips)
minigus575: posts small blind $1
Pandakey: posts big blind $3
*** HOLE CARDS ***
minigus575: raises $3 to $6
Pandakey: calls $3
*** FLOP *** [Qd As 5s]
Pandakey: checks
minigus575: checks
*** TURN *** [Qd As 5s] [5d]
Pandakey: checks
minigus575: bets $6
Pandakey: calls $6
*** RIVER *** [Qd As 5s 5d] [Jh]
Pandakey: checks
minigus575: bets $6
Pandakey: calls $6
*** SHOW DOWN ***
minigus575: shows [Qc 6s] (two pair, Queens and Fives)
Pandakey: shows [Ad 4s] (two pair, Aces and Fives)
Pandakey collected $35.50 from pot
*** SUMMARY ***
Total pot $36 | Rake $0.50
Board [Qd As 5s 5d Jh]
Seat 5: minigus575 (button) (small blind) showed [Qc 6s] and lost with two pair, Queens and Fives
Seat 9: Pandakey (big blind) showed [Ad 4s] and won ($35.50) with two pair, Aces and Fives


PokerStars Hand #157946094717:  Hold'em Limit ($3/$6 USD) - 2016/08/30 15:56:52 ET
Table 'Wesselink' 10-max Seat #5 is the button
Seat 5: minigus575 ($64.36 in chips)
Seat 9: Pandakey ($160.39 in chips)
minigus575: posts small blind $1
Pandakey: posts big blind $3
*** HOLE CARDS ***
minigus575: folds
Uncalled bet ($2) returned to Pandakey
Pandakey collected $2 from pot
Pandakey: doesn't show hand
*** SUMMARY ***
Total pot $2 | Rake $0
Seat 5: minigus575 (button) (small blind) folded before Flop
Seat 9: Pandakey (big blind) collected ($2)


PokerStars Hand #157946084231:  Hold'em Limit ($3/$6 USD) - 2016/08/30 15:56:36 ET
Table 'Wesselink' 10-max Seat #9 is the button
Seat 5: minigus575 ($46.86 in chips)
Seat 9: Pandakey ($178.39 in chips)
Pandakey: posts small blind $1
minigus575: posts big blind $3
*** HOLE CARDS ***
Pandakey: raises $3 to $6
minigus575: calls $3
*** FLOP *** [Kh Ad 4s]
minigus575: checks
Pandakey: checks
*** TURN *** [Kh Ad 4s] [8h]
minigus575: bets $6
Pandakey: raises $6 to $12
minigus575: calls $6
*** RIVER *** [Kh Ad 4s 8h] [8s]
minigus575: checks
Pandakey: checks
*** SHOW DOWN ***
minigus575: shows [7d Kc] (two pair, Kings and Eights)
Pandakey: mucks hand
minigus575 collected $35.50 from pot
*** SUMMARY ***
Total pot $36 | Rake $0.50
Board [Kh Ad 4s 8h 8s]
Seat 5: minigus575 (big blind) showed [7d Kc] and won ($35.50) with two pair, Kings and Eights
Seat 9: Pandakey (button) (small blind) mucked


PokerStars Hand #157946136838:  Hold'em Limit ($3/$6 USD) - 2016/08/30 15:57:56 ET
Table 'Wesselink' 10-max Seat #5 is the button
Seat 5: minigus575 ($59.64 in chips)
Seat 9: Pandakey ($163.89 in chips)
minigus575: posts small blind $1
Pandakey: posts big blind $3
*** HOLE CARDS ***
minigus575: raises $3 to $6
Pandakey: raises $3 to $9
minigus575: calls $3
*** FLOP *** [6h 2d 7s]
Pandakey: bets $3
minigus575: calls $3
*** TURN *** [6h 2d 7s] [5s]
Pandakey: checks
minigus575: bets $6
Pandakey: raises $6 to $12
minigus575: calls $6
*** RIVER *** [6h 2d 7s 5s] [Qc]
Pandakey: bets $6
minigus575: calls $6
*** SHOW DOWN ***
Pandakey: shows [8s Js] (high card Queen)
minigus575: shows [6s Ah] (a pair of Sixes)
minigus575 collected $59.50 from pot
*** SUMMARY ***
Total pot $60 | Rake $0.50
Board [6h 2d 7s 5s Qc]
Seat 5: minigus575 (button) (small blind) showed [6s Ah] and won ($59.50) with a pair of Sixes
Seat 9: Pandakey (big blind) showed [8s Js] and lost with high card Queen


PokerStars Hand #157946119788:  Hold'em Limit ($3/$6 USD) - 2016/08/30 15:57:30 ET
Table 'Wesselink' 10-max Seat #5 is the button
Seat 5: minigus575 ($42.36 in chips)
Seat 9: Pandakey ($181.89 in chips)
minigus575: posts small blind $1
Pandakey: posts big blind $3
*** HOLE CARDS ***
minigus575: raises $3 to $6
Pandakey: calls $3
*** FLOP *** [Qc Ks Ac]
Pandakey: checks
minigus575: bets $3
Pandakey: folds
Uncalled bet ($3) returned to minigus575
minigus575 collected $11.76 from pot
minigus575: doesn't show hand
*** SUMMARY ***
Total pot $12 | Rake $0.24
Board [Qc Ks Ac]
Seat 5: minigus575 (button) (small blind) collected ($11.76)
Seat 9: Pandakey (big blind) folded on the Flop


PokerStars Hand #157946101520:  Hold'em Limit ($3/$6 USD) - 2016/08/30 15:57:03 ET
Table 'Wesselink' 10-max Seat #9 is the button
Seat 5: minigus575 ($63.36 in chips)
Seat 9: Pandakey ($161.39 in chips)
Pandakey: posts small blind $1
minigus575: posts big blind $3
*** HOLE CARDS ***
Pandakey: raises $3 to $6
minigus575: calls $3
*** FLOP *** [Kc 3s Ts]
minigus575: checks
Pandakey: bets $3
minigus575: calls $3
*** TURN *** [Kc 3s Ts] [8c]
minigus575: checks
Pandakey: bets $6
minigus575: calls $6
*** RIVER *** [Kc 3s Ts 8c] [4c]
minigus575: checks
Pandakey: bets $6
minigus575: calls $6
*** SHOW DOWN ***
Pandakey: shows [Kh Qs] (a pair of Kings)
minigus575: mucks hand
Pandakey collected $41.50 from pot
*** SUMMARY ***
Total pot $42 | Rake $0.50
Board [Kc 3s Ts 8c 4c]
Seat 5: minigus575 (big blind) mucked
Seat 9: Pandakey (button) (small blind) showed [Kh Qs] and won ($41.50) with a pair of Kings


PokerStars Hand #157946125435:  Hold'em Limit ($3/$6 USD) - 2016/08/30 15:57:38 ET
Table 'Wesselink' 10-max Seat #9 is the button
Seat 5: minigus575 ($48.12 in chips)
Seat 9: Pandakey ($175.89 in chips)
Pandakey: posts small blind $1
minigus575: posts big blind $3
*** HOLE CARDS ***
Pandakey: raises $3 to $6
minigus575: raises $3 to $9
Pandakey: calls $3
*** FLOP *** [6h 2d Kc]
minigus575: bets $3
Pandakey: calls $3
*** TURN *** [6h 2d Kc] [9c]
minigus575: bets $6
Pandakey: folds
Uncalled bet ($6) returned to minigus575
minigus575 collected $23.52 from pot
minigus575: doesn't show hand
*** SUMMARY ***
Total pot $24 | Rake $0.48
Board [6h 2d Kc 9c]
Seat 5: minigus575 (big blind) collected ($23.52)
Seat 9: Pandakey (button) (small blind) folded on the Turn


PokerStars Hand #157946180977:  Hold'em Limit ($3/$6 USD) - 2016/08/30 15:59:02 ET
Table 'Wesselink' 10-max Seat #5 is the button
Seat 5: minigus575 ($57.14 in chips)
Seat 9: Pandakey ($165.03 in chips)
minigus575: posts small blind $1
Pandakey: posts big blind $3
*** HOLE CARDS ***
minigus575: raises $3 to $6
Pandakey: calls $3
*** FLOP *** [Tc 6s 4s]
Pandakey: checks
minigus575: checks
*** TURN *** [Tc 6s 4s] [Ac]
Pandakey: checks
minigus575: bets $6
Pandakey: calls $6
*** RIVER *** [Tc 6s 4s Ac] [3d]
Pandakey: checks
minigus575: bets $6
Pandakey: calls $6
*** SHOW DOWN ***
minigus575: shows [Jd Ad] (a pair of Aces)
Pandakey: mucks hand
minigus575 collected $35.50 from pot
*** SUMMARY ***
Total pot $36 | Rake $0.50
Board [Tc 6s 4s Ac 3d]
Seat 5: minigus575 (button) (small blind) showed [Jd Ad] and won ($35.50) with a pair of Aces
Seat 9: Pandakey (big blind) mucked


PokerStars Hand #157946177677:  Hold'em Limit ($3/$6 USD) - 2016/08/30 15:58:57 ET
Table 'Wesselink' 10-max Seat #9 is the button
Seat 5: minigus575 ($56.14 in chips)
Seat 9: Pandakey ($166.03 in chips)
Pandakey: posts small blind $1
minigus575: posts big blind $3
*** HOLE CARDS ***
Pandakey: folds
Uncalled bet ($2) returned to minigus575
minigus575 collected $2 from pot
minigus575: doesn't show hand
*** SUMMARY ***
Total pot $2 | Rake $0
Seat 5: minigus575 (big blind) collected ($2)
Seat 9: Pandakey (button) (small blind) folded before Flop


PokerStars Hand #157946165345:  Hold'em Limit ($3/$6 USD) - 2016/08/30 15:58:38 ET
Table 'Wesselink' 10-max Seat #5 is the button
Seat 5: minigus575 ($80.14 in chips)
Seat 9: Pandakey ($142.53 in chips)
minigus575: posts small blind $1
Pandakey: posts big blind $3
*** HOLE CARDS ***
minigus575: raises $3 to $6
Pandakey: calls $3
*** FLOP *** [Qh 3c 9d]
Pandakey: checks
minigus575: bets $3
Pandakey: raises $3 to $6
minigus575: calls $3
*** TURN *** [Qh 3c 9d] [3d]
Pandakey: bets $6
minigus575: raises $6 to $12
Pandakey: calls $6
*** RIVER *** [Qh 3c 9d 3d] [Js]
Pandakey: checks
minigus575: checks
*** SHOW DOWN ***
Pandakey: shows [9h 2h] (two pair, Nines and Threes)
minigus575: mucks hand
Pandakey collected $47.50 from pot
*** SUMMARY ***
Total pot $48 | Rake $0.50
Board [Qh 3c 9d 3d Js]
Seat 5: minigus575 (button) (small blind) mucked
Seat 9: Pandakey (big blind) showed [9h 2h] and won ($47.50) with two pair, Nines and Threes


PokerStars Hand #157946162345:  Hold'em Limit ($3/$6 USD) - 2016/08/30 15:58:34 ET
Table 'Wesselink' 10-max Seat #9 is the button
Seat 5: minigus575 ($79.14 in chips)
Seat 9: Pandakey ($143.53 in chips)
Pandakey: posts small blind $1
minigus575: posts big blind $3
*** HOLE CARDS ***
Pandakey: folds
Uncalled bet ($2) returned to minigus575
minigus575 collected $2 from pot
minigus575: doesn't show hand
*** SUMMARY ***
Total pot $2 | Rake $0
Seat 5: minigus575 (big blind) collected ($2)
Seat 9: Pandakey (button) (small blind) folded before Flop


PokerStars Hand #157946159331:  Hold'em Limit ($3/$6 USD) - 2016/08/30 15:58:29 ET
Table 'Wesselink' 10-max Seat #5 is the button
Seat 5: minigus575 ($80.14 in chips)
Seat 9: Pandakey ($142.53 in chips)
minigus575: posts small blind $1
Pandakey: posts big blind $3
*** HOLE CARDS ***
minigus575: folds
Uncalled bet ($2) returned to Pandakey
Pandakey collected $2 from pot
Pandakey: doesn't show hand
*** SUMMARY ***
Total pot $2 | Rake $0
Seat 5: minigus575 (button) (small blind) folded before Flop
Seat 9: Pandakey (big blind) collected ($2)


PokerStars Hand #157946150113:  Hold'em Limit ($3/$6 USD) - 2016/08/30 15:58:16 ET
Table 'Wesselink' 10-max Seat #9 is the button
Seat 5: minigus575 ($89.14 in chips)
Seat 9: Pandakey ($133.89 in chips)
Pandakey: posts small blind $1
minigus575: posts big blind $3
*** HOLE CARDS ***
Pandakey: raises $3 to $6
minigus575: calls $3
*** FLOP *** [9h 7h 5h]
minigus575: checks
Pandakey: bets $3
minigus575: calls $3
*** TURN *** [9h 7h 5h] [Jh]
minigus575: checks
Pandakey: bets $6
minigus575: folds
Uncalled bet ($6) returned to Pandakey
Pandakey collected $17.64 from pot
Pandakey: doesn't show hand
*** SUMMARY ***
Total pot $18 | Rake $0.36
Board [9h 7h 5h Jh]
Seat 5: minigus575 (big blind) folded on the Turn
Seat 9: Pandakey (button) (small blind) collected ($17.64)


PokerStars Hand #157946190826:  Hold'em Limit ($3/$6 USD) - 2016/08/30 15:59:16 ET
Table 'Wesselink' 10-max Seat #9 is the button
Seat 5: minigus575 ($74.64 in chips)
Seat 9: Pandakey ($147.03 in chips)
Pandakey: posts small blind $1
minigus575: posts big blind $3
*** HOLE CARDS ***
Pandakey: raises $3 to $6
minigus575: calls $3
*** FLOP *** [Qs 7d Jc]
minigus575: checks
Pandakey: bets $3
minigus575: calls $3
*** TURN *** [Qs 7d Jc] [5h]
minigus575: checks
Pandakey: bets $6
minigus575: raises $6 to $12
Pandakey: calls $6
*** RIVER *** [Qs 7d Jc 5h] [Kh]
minigus575: bets $6
Pandakey: raises $6 to $12
minigus575: calls $6
*** SHOW DOWN ***
Pandakey: shows [Jh Kc] (two pair, Kings and Jacks)
minigus575: mucks hand
Pandakey collected $65.50 from pot
*** SUMMARY ***
Total pot $66 | Rake $0.50
Board [Qs 7d Jc 5h Kh]
Seat 5: minigus575 (big blind) mucked
Seat 9: Pandakey (button) (small blind) showed [Jh Kc] and won ($65.50) with two pair, Kings and Jacks


PokerStars Hand #157946213658:  Hold'em Limit ($3/$6 USD) - 2016/08/30 15:59:50 ET
Table 'Wesselink' 10-max Seat #9 is the button
Seat 5: minigus575 ($35.64 in chips)
Seat 9: Pandakey ($185.29 in chips)
Pandakey: posts small blind $1
minigus575: posts big blind $3
*** HOLE CARDS ***
Pandakey: folds
Uncalled bet ($2) returned to minigus575
minigus575 collected $2 from pot
minigus575: doesn't show hand
*** SUMMARY ***
Total pot $2 | Rake $0
Seat 5: minigus575 (big blind) collected ($2)
Seat 9: Pandakey (button) (small blind) folded before Flop


PokerStars Hand #157946206029:  Hold'em Limit ($3/$6 USD) - 2016/08/30 15:59:39 ET
Table 'Wesselink' 10-max Seat #5 is the button
Seat 5: minigus575 ($41.64 in chips)
Seat 9: Pandakey ($179.53 in chips)
minigus575: posts small blind $1
Pandakey: posts big blind $3
*** HOLE CARDS ***
minigus575: raises $3 to $6
Pandakey: calls $3
*** FLOP *** [Kc 9h 4d]
Pandakey: checks
minigus575: checks
*** TURN *** [Kc 9h 4d] [Ac]
Pandakey: bets $6
minigus575: folds
Uncalled bet ($6) returned to Pandakey
Pandakey collected $11.76 from pot
Pandakey: doesn't show hand
*** SUMMARY ***
Total pot $12 | Rake $0.24
Board [Kc 9h 4d Ac]
Seat 5: minigus575 (button) (small blind) folded on the Turn
Seat 9: Pandakey (big blind) collected ($11.76)


PokerStars Hand #157946223253:  Hold'em Limit ($3/$6 USD) - 2016/08/30 16:00:04 ET
Table 'Wesselink' 10-max Seat #9 is the button
Seat 5: minigus575 ($27.64 in chips)
Seat 9: Pandakey ($192.93 in chips)
Pandakey: posts small blind $1
minigus575: posts big blind $3
*** HOLE CARDS ***
Pandakey: folds
Uncalled bet ($2) returned to minigus575
minigus575 collected $2 from pot
minigus575: doesn't show hand
*** SUMMARY ***
Total pot $2 | Rake $0
Seat 5: minigus575 (big blind) collected ($2)
Seat 9: Pandakey (button) (small blind) folded before Flop


PokerStars Hand #157946216639:  Hold'em Limit ($3/$6 USD) - 2016/08/30 15:59:55 ET
Table 'Wesselink' 10-max Seat #5 is the button
Seat 5: minigus575 ($36.64 in chips)
Seat 9: Pandakey ($184.29 in chips)
minigus575: posts small blind $1
Pandakey: posts big blind $3
*** HOLE CARDS ***
minigus575: raises $3 to $6
Pandakey: raises $3 to $9
minigus575: calls $3
*** FLOP *** [8s 7h Kc]
Pandakey: bets $3
minigus575: folds
Uncalled bet ($3) returned to Pandakey
Pandakey collected $17.64 from pot
Pandakey: doesn't show hand
*** SUMMARY ***
Total pot $18 | Rake $0.36
Board [8s 7h Kc]
Seat 5: minigus575 (button) (small blind) folded on the Flop
Seat 9: Pandakey (big blind) collected ($17.64)


PokerStars Hand #157946243336:  Hold'em Limit ($3/$6 USD) - 2016/08/30 16:00:28 ET
Table 'Wesselink' 10-max Seat #5 is the button
Seat 5: minigus575 ($13.64 in chips)
Seat 9: Pandakey ($206.33 in chips)
minigus575: posts small blind $1
Pandakey: posts big blind $3
*** HOLE CARDS ***
minigus575: raises $3 to $6
Pandakey: calls $3
*** FLOP *** [5c Jh 7c]
Pandakey: checks
minigus575: bets $3
Pandakey: calls $3
*** TURN *** [5c Jh 7c] [5d]
Pandakey: checks
minigus575: bets $4.64 and is all-in
Pandakey: calls $4.64
*** RIVER *** [5c Jh 7c 5d] [5s]
*** SHOW DOWN ***
Pandakey: shows [6s 4d] (three of a kind, Fives)
minigus575: shows [Td Ac] (three of a kind, Fives - Ace kicker)
minigus575 collected $26.78 from pot
*** SUMMARY ***
Total pot $27.28 | Rake $0.50
Board [5c Jh 7c 5d 5s]
Seat 5: minigus575 (button) (small blind) showed [Td Ac] and won ($26.78) with three of a kind, Fives
Seat 9: Pandakey (big blind) showed [6s 4d] and lost with three of a kind, Fives


PokerStars Hand #157946255441:  Hold'em Limit ($3/$6 USD) - 2016/08/30 16:00:45 ET
Table 'Wesselink' 10-max Seat #9 is the button
Seat 5: minigus575 ($26.78 in chips)
Seat 9: Pandakey ($192.69 in chips)
Pandakey: posts small blind $1
minigus575: posts big blind $3
*** HOLE CARDS ***
Pandakey: raises $3 to $6
minigus575: calls $3
*** FLOP *** [2s Kh 4h]
minigus575: checks
Pandakey: checks
*** TURN *** [2s Kh 4h] [Jd]
minigus575: checks
Pandakey: checks
*** RIVER *** [2s Kh 4h Jd] [Td]
minigus575: bets $6
Pandakey: raises $6 to $12
minigus575: calls $6
*** SHOW DOWN ***
Pandakey: shows [Qs 9c] (a straight, Nine to King)
minigus575: mucks hand
Pandakey collected $35.50 from pot
*** SUMMARY ***
Total pot $36 | Rake $0.50
Board [2s Kh 4h Jd Td]
Seat 5: minigus575 (big blind) mucked
Seat 9: Pandakey (button) (small blind) showed [Qs 9c] and won ($35.50) with a straight, Nine to King


PokerStars Hand #157946233309:  Hold'em Limit ($3/$6 USD) - 2016/08/30 16:00:19 ET
Table 'Wesselink' 10-max Seat #9 is the button
Seat 5: minigus575 ($19.64 in chips)
Seat 9: Pandakey ($200.57 in chips)
Pandakey: posts small blind $1
minigus575: posts big blind $3
*** HOLE CARDS ***
Pandakey: raises $3 to $6
minigus575: calls $3
*** FLOP *** [5s Kh As]
minigus575: checks
Pandakey: bets $3
minigus575: folds
Uncalled bet ($3) returned to Pandakey
Pandakey collected $11.76 from pot
Pandakey: doesn't show hand
*** SUMMARY ***
Total pot $12 | Rake $0.24
Board [5s Kh As]
Seat 5: minigus575 (big blind) folded on the Flop
Seat 9: Pandakey (button) (small blind) collected ($11.76)


PokerStars Hand #157946266448:  Hold'em Limit ($3/$6 USD) - 2016/08/30 16:01:00 ET
Table 'Wesselink' 10-max Seat #5 is the button
Seat 5: minigus575 ($8.78 in chips)
Seat 9: Pandakey ($210.19 in chips)
minigus575: posts small blind $1
Pandakey: posts big blind $3
*** HOLE CARDS ***
minigus575: raises $3 to $6
Pandakey: raises $3 to $9
minigus575: calls $2.78 and is all-in
Uncalled bet ($0.22) returned to Pandakey
*** FLOP *** [8s 3c 8h]
*** TURN *** [8s 3c 8h] [5s]
*** RIVER *** [8s 3c 8h 5s] [3d]
*** SHOW DOWN ***
Pandakey: shows [Kd 5d] (two pair, Eights and Fives)
minigus575: shows [6c 5c] (two pair, Eights and Fives - lower kicker)
Pandakey collected $17.21 from pot
*** SUMMARY ***
Total pot $17.56 | Rake $0.35
Board [8s 3c 8h 5s 3d]
Seat 5: minigus575 (button) (small blind) showed [6c 5c] and lost with two pair, Eights and Fives
Seat 9: Pandakey (big blind) showed [Kd 5d] and won ($17.21) with two pair, Eights and Fives


