PokerStars Hand #173770383183:  Hold'em Limit ($3/$6 USD) - 2017/07/31 20:43:58 ET
Table 'West' 6-max Seat #1 is the button
Seat 1: anebodil ($49 in chips)
Seat 2: Scheubi88 ($124 in chips)
anebodil: posts small blind $1
Scheubi88: posts big blind $3
*** HOLE CARDS ***
anebodil: raises $3 to $6
Scheubi88: calls $3
*** FLOP *** [Ah Th As]
Scheubi88: checks
anebodil: bets $3
Scheubi88: calls $3
*** TURN *** [Ah Th As] [Ac]
Scheubi88: checks
anebodil: bets $6
Scheubi88: folds
Uncalled bet ($6) returned to anebodil
anebodil collected $17.64 from pot
anebodil: doesn't show hand
*** SUMMARY ***
Total pot $18 | Rake $0.36
Board [Ah Th As Ac]
Seat 1: anebodil (button) (small blind) collected ($17.64)
Seat 2: Scheubi88 (big blind) folded on the Turn


PokerStars Hand #173770380486:  Hold'em Limit ($3/$6 USD) - 2017/07/31 20:43:52 ET
Table 'West' 6-max Seat #2 is the button
Seat 1: anebodil ($52 in chips)
Seat 2: Scheubi88 ($121 in chips)
Scheubi88: posts small blind $1
anebodil: posts big blind $3
*** HOLE CARDS ***
Scheubi88: raises $3 to $6
anebodil: folds
Uncalled bet ($3) returned to Scheubi88
Scheubi88 collected $6 from pot
Scheubi88: doesn't show hand
*** SUMMARY ***
Total pot $6 | Rake $0
Seat 1: anebodil (big blind) folded before Flop
Seat 2: Scheubi88 (button) (small blind) collected ($6)


PokerStars Hand #173770373854:  Hold'em Limit ($3/$6 USD) - 2017/07/31 20:43:38 ET
Table 'West' 6-max Seat #1 is the button
Seat 1: anebodil ($53 in chips)
Seat 2: Scheubi88 ($120 in chips)
anebodil: posts small blind $1
Scheubi88: posts big blind $3
*** HOLE CARDS ***
anebodil: folds
Uncalled bet ($2) returned to Scheubi88
Scheubi88 collected $2 from pot
Scheubi88: doesn't show hand
*** SUMMARY ***
Total pot $2 | Rake $0
Seat 1: anebodil (button) (small blind) folded before Flop
Seat 2: Scheubi88 (big blind) collected ($2)


PokerStars Hand #173770403360:  Hold'em Limit ($3/$6 USD) - 2017/07/31 20:44:43 ET
Table 'West' 6-max Seat #1 is the button
Seat 1: anebodil ($47.64 in chips)
Seat 2: Scheubi88 ($124.76 in chips)
anebodil: posts small blind $1
Scheubi88: posts big blind $3
*** HOLE CARDS ***
anebodil: raises $3 to $6
Scheubi88: calls $3
*** FLOP *** [2s 9c As]
Scheubi88: checks
anebodil: bets $3
Scheubi88: raises $3 to $6
anebodil: calls $3
*** TURN *** [2s 9c As] [Td]
Scheubi88: bets $6
anebodil: calls $6
*** RIVER *** [2s 9c As Td] [3c]
Scheubi88: checks
anebodil: checks
*** SHOW DOWN ***
Scheubi88: shows [Qc 2c] (a pair of Deuces)
anebodil: shows [8s Tc] (a pair of Tens)
anebodil collected $35.50 from pot
*** SUMMARY ***
Total pot $36 | Rake $0.50
Board [2s 9c As Td 3c]
Seat 1: anebodil (button) (small blind) showed [8s Tc] and won ($35.50) with a pair of Tens
Seat 2: Scheubi88 (big blind) showed [Qc 2c] and lost with a pair of Deuces


PokerStars Hand #173770400463:  Hold'em Limit ($3/$6 USD) - 2017/07/31 20:44:36 ET
Table 'West' 6-max Seat #2 is the button
Seat 1: anebodil ($50.64 in chips)
Seat 2: Scheubi88 ($121.76 in chips)
Scheubi88: posts small blind $1
anebodil: posts big blind $3
*** HOLE CARDS ***
Scheubi88: raises $3 to $6
anebodil: folds
Uncalled bet ($3) returned to Scheubi88
Scheubi88 collected $6 from pot
Scheubi88: doesn't show hand
*** SUMMARY ***
Total pot $6 | Rake $0
Seat 1: anebodil (big blind) folded before Flop
Seat 2: Scheubi88 (button) (small blind) collected ($6)


PokerStars Hand #173770398186:  Hold'em Limit ($3/$6 USD) - 2017/07/31 20:44:31 ET
Table 'West' 6-max Seat #1 is the button
Seat 1: anebodil ($51.64 in chips)
Seat 2: Scheubi88 ($120.76 in chips)
anebodil: posts small blind $1
Scheubi88: posts big blind $3
*** HOLE CARDS ***
anebodil: folds
Uncalled bet ($2) returned to Scheubi88
Scheubi88 collected $2 from pot
Scheubi88: doesn't show hand
*** SUMMARY ***
Total pot $2 | Rake $0
Seat 1: anebodil (button) (small blind) folded before Flop
Seat 2: Scheubi88 (big blind) collected ($2)


PokerStars Hand #173770390156:  Hold'em Limit ($3/$6 USD) - 2017/07/31 20:44:14 ET
Table 'West' 6-max Seat #2 is the button
Seat 1: anebodil ($57.64 in chips)
Seat 2: Scheubi88 ($115 in chips)
Scheubi88: posts small blind $1
anebodil: posts big blind $3
*** HOLE CARDS ***
Scheubi88: raises $3 to $6
anebodil: calls $3
*** FLOP *** [5h Tc 2d]
anebodil: checks
Scheubi88: bets $3
anebodil: folds
Uncalled bet ($3) returned to Scheubi88
Scheubi88 collected $11.76 from pot
Scheubi88: doesn't show hand
*** SUMMARY ***
Total pot $12 | Rake $0.24
Board [5h Tc 2d]
Seat 1: anebodil (big blind) folded on the Flop
Seat 2: Scheubi88 (button) (small blind) collected ($11.76)


PokerStars Hand #173770442783:  Hold'em Limit ($3/$6 USD) - 2017/07/31 20:46:10 ET
Table 'West' 6-max Seat #1 is the button
Seat 1: anebodil ($69.66 in chips)
Seat 2: Scheubi88 ($101.52 in chips)
anebodil: posts small blind $1
Scheubi88: posts big blind $3
*** HOLE CARDS ***
anebodil: folds
Uncalled bet ($2) returned to Scheubi88
Scheubi88 collected $2 from pot
Scheubi88: doesn't show hand
*** SUMMARY ***
Total pot $2 | Rake $0
Seat 1: anebodil (button) (small blind) folded before Flop
Seat 2: Scheubi88 (big blind) collected ($2)


PokerStars Hand #173770430199:  Hold'em Limit ($3/$6 USD) - 2017/07/31 20:45:42 ET
Table 'West' 6-max Seat #2 is the button
Seat 1: anebodil ($58.14 in chips)
Seat 2: Scheubi88 ($113.52 in chips)
Scheubi88: posts small blind $1
anebodil: posts big blind $3
*** HOLE CARDS ***
Scheubi88: raises $3 to $6
anebodil: calls $3
*** FLOP *** [2c 8c 6c]
anebodil: checks
Scheubi88: bets $3
anebodil: raises $3 to $6
Scheubi88: calls $3
*** TURN *** [2c 8c 6c] [5c]
anebodil: bets $6
Scheubi88: folds
Uncalled bet ($6) returned to anebodil
anebodil collected $23.52 from pot
anebodil: doesn't show hand
*** SUMMARY ***
Total pot $24 | Rake $0.48
Board [2c 8c 6c 5c]
Seat 1: anebodil (big blind) collected ($23.52)
Seat 2: Scheubi88 (button) (small blind) folded on the Turn


PokerStars Hand #173770427054:  Hold'em Limit ($3/$6 USD) - 2017/07/31 20:45:35 ET
Table 'West' 6-max Seat #1 is the button
Seat 1: anebodil ($59.14 in chips)
Seat 2: Scheubi88 ($112.52 in chips)
anebodil: posts small blind $1
Scheubi88: posts big blind $3
*** HOLE CARDS ***
anebodil: folds
Uncalled bet ($2) returned to Scheubi88
Scheubi88 collected $2 from pot
Scheubi88: doesn't show hand
*** SUMMARY ***
Total pot $2 | Rake $0
Seat 1: anebodil (button) (small blind) folded before Flop
Seat 2: Scheubi88 (big blind) collected ($2)


PokerStars Hand #173770414907:  Hold'em Limit ($3/$6 USD) - 2017/07/31 20:45:08 ET
Table 'West' 6-max Seat #2 is the button
Seat 1: anebodil ($65.14 in chips)
Seat 2: Scheubi88 ($106.76 in chips)
Scheubi88: posts small blind $1
anebodil: posts big blind $3
*** HOLE CARDS ***
Scheubi88: raises $3 to $6
anebodil: calls $3
*** FLOP *** [7d 4c Ks]
anebodil: checks
Scheubi88: bets $3
anebodil: folds
Uncalled bet ($3) returned to Scheubi88
Scheubi88 collected $11.76 from pot
Scheubi88: doesn't show hand
*** SUMMARY ***
Total pot $12 | Rake $0.24
Board [7d 4c Ks]
Seat 1: anebodil (big blind) folded on the Flop
Seat 2: Scheubi88 (button) (small blind) collected ($11.76)


PokerStars Hand #173770457613:  Hold'em Limit ($3/$6 USD) - 2017/07/31 20:46:43 ET
Table 'West' 6-max Seat #1 is the button
Seat 1: anebodil ($62.66 in chips)
Seat 2: Scheubi88 ($108.28 in chips)
anebodil: posts small blind $1
Scheubi88: posts big blind $3
*** HOLE CARDS ***
DJTQ joins the table at seat #4
anebodil: raises $3 to $6
Scheubi88: calls $3
*** FLOP *** [4d 3d Kc]
Scheubi88: checks
anebodil: bets $3
HAL9QQQ joins the table at seat #3
Scheubi88: calls $3
*** TURN *** [4d 3d Kc] [Qh]
Scheubi88: checks
anebodil: bets $6
Scheubi88: calls $6
*** RIVER *** [4d 3d Kc Qh] [2s]
Scheubi88: checks
anebodil: bets $6
Scheubi88: calls $6
*** SHOW DOWN ***
anebodil: shows [Kd Ac] (a pair of Kings)
Scheubi88: mucks hand
anebodil collected $41.50 from pot
*** SUMMARY ***
Total pot $42 | Rake $0.50
Board [4d 3d Kc Qh 2s]
Seat 1: anebodil (button) (small blind) showed [Kd Ac] and won ($41.50) with a pair of Kings
Seat 2: Scheubi88 (big blind) mucked


PokerStars Hand #173770445455:  Hold'em Limit ($3/$6 USD) - 2017/07/31 20:46:15 ET
Table 'West' 6-max Seat #2 is the button
Seat 1: anebodil ($68.66 in chips)
Seat 2: Scheubi88 ($102.52 in chips)
Scheubi88: posts small blind $1
anebodil: posts big blind $3
*** HOLE CARDS ***
Scheubi88: raises $3 to $6
anebodil: calls $3
*** FLOP *** [8d Ad 2s]
anebodil: checks
Scheubi88: bets $3
anebodil: folds
Uncalled bet ($3) returned to Scheubi88
Scheubi88 collected $11.76 from pot
Scheubi88: doesn't show hand
*** SUMMARY ***
Total pot $12 | Rake $0.24
Board [8d Ad 2s]
Seat 1: anebodil (big blind) folded on the Flop
Seat 2: Scheubi88 (button) (small blind) collected ($11.76)


PokerStars Hand #173771458292:  Hold'em Limit ($3/$6 USD) - 2017/07/31 21:25:36 ET
Table 'West' 6-max Seat #6 is the button
Seat 2: Scheubi88 ($109.81 in chips)
Seat 6: NelsonRDawg ($62.11 in chips)
NelsonRDawg: posts small blind $1
Scheubi88: posts big blind $3
*** HOLE CARDS ***
NelsonRDawg: calls $2
Scheubi88: raises $3 to $6
NelsonRDawg: folds
Uncalled bet ($3) returned to Scheubi88
Scheubi88 collected $6 from pot
Scheubi88: doesn't show hand
*** SUMMARY ***
Total pot $6 | Rake $0
Seat 2: Scheubi88 (big blind) collected ($6)
Seat 6: NelsonRDawg (button) (small blind) folded before Flop


PokerStars Hand #173771437508:  Hold'em Limit ($3/$6 USD) - 2017/07/31 21:25:05 ET
Table 'West' 6-max Seat #2 is the button
Seat 2: Scheubi88 ($127.81 in chips)
Seat 6: NelsonRDawg ($44.61 in chips)
Scheubi88: posts small blind $1
DJTQ: is sitting out
NelsonRDawg: posts big blind $3
*** HOLE CARDS ***
Scheubi88: raises $3 to $6
NelsonRDawg: calls $3
*** FLOP *** [6d 3h As]
NelsonRDawg: checks
Scheubi88: checks
*** TURN *** [6d 3h As] [8h]
NelsonRDawg: bets $6
Scheubi88: calls $6
*** RIVER *** [6d 3h As 8h] [3s]
NelsonRDawg: bets $6
Scheubi88: calls $6
*** SHOW DOWN ***
NelsonRDawg: shows [6s 7d] (two pair, Sixes and Threes)
Scheubi88: mucks hand
NelsonRDawg collected $35.50 from pot
*** SUMMARY ***
Total pot $36 | Rake $0.50
Board [6d 3h As 8h 3s]
Seat 2: Scheubi88 (button) (small blind) mucked
Seat 6: NelsonRDawg (big blind) showed [6s 7d] and won ($35.50) with two pair, Sixes and Threes


PokerStars Hand #173772223794:  Hold'em Limit ($3/$6 USD) - 2017/07/31 21:57:54 ET
Table 'West' 6-max Seat #1 is the button
Seat 1: AGALFARO ($716.23 in chips)
Seat 4: DJTQ ($290.43 in chips)
AGALFARO: posts small blind $1
DJTQ: posts big blind $3
*** HOLE CARDS ***
Mcshools leaves the table
AGALFARO: folds
Uncalled bet ($2) returned to DJTQ
DJTQ collected $2 from pot
DJTQ: doesn't show hand
*** SUMMARY ***
Total pot $2 | Rake $0
Seat 1: AGALFARO (button) (small blind) folded before Flop
Seat 4: DJTQ (big blind) collected ($2)


PokerStars Hand #173777735830:  Hold'em Limit ($3/$6 USD) - 2017/08/01 3:35:43 ET
Table 'West' 6-max Seat #6 is the button
Seat 3: DangerMoneys ($56.37 in chips)
Seat 6: TinaTurner72 ($137.89 in chips)
TinaTurner72: posts small blind $1
DangerMoneys: posts big blind $3
*** HOLE CARDS ***
TinaTurner72: folds
Uncalled bet ($2) returned to DangerMoneys
DangerMoneys collected $2 from pot
*** SUMMARY ***
Total pot $2 | Rake $0
Seat 3: DangerMoneys (big blind) collected ($2)
Seat 6: TinaTurner72 (button) (small blind) folded before Flop


PokerStars Hand #173780516575:  Hold'em Limit ($3/$6 USD) - 2017/08/01 6:08:04 ET
Table 'West' 6-max Seat #4 is the button
Seat 4: VolkovDmitri ($273.61 in chips)
Seat 5: kungsbjörn ($348.39 in chips)
SEQUOIA2012 will be allowed to play after the button
kiwi/mike will be allowed to play after the button
VolkovDmitri: posts small blind $1
kungsbjörn: posts big blind $3
*** HOLE CARDS ***
charlys65 leaves the table
VolkovDmitri: raises $3 to $6
kungsbjörn: calls $3
*** FLOP *** [Ad 8d 3s]
kungsbjörn: checks
VolkovDmitri: bets $3
kungsbjörn: folds
Uncalled bet ($3) returned to VolkovDmitri
VolkovDmitri collected $11.76 from pot
VolkovDmitri: doesn't show hand
*** SUMMARY ***
Total pot $12 | Rake $0.24
Board [Ad 8d 3s]
Seat 4: VolkovDmitri (button) (small blind) collected ($11.76)
Seat 5: kungsbjörn (big blind) folded on the Flop


PokerStars Hand #173780605011:  Hold'em Limit ($3/$6 USD) - 2017/08/01 6:12:10 ET
Table 'West' 6-max Seat #2 is the button
Seat 2: SEQUOIA2012 ($198.60 in chips)
Seat 4: VolkovDmitri ($260.01 in chips)
SEQUOIA2012: posts small blind $1
kiwi/mike: is sitting out
VolkovDmitri: posts big blind $3
*** HOLE CARDS ***
SEQUOIA2012: raises $3 to $6
kiwi/mike leaves the table
VolkovDmitri: calls $3
*** FLOP *** [8d 7d 6h]
VolkovDmitri: checks
SEQUOIA2012: bets $3
VolkovDmitri: raises $3 to $6
SEQUOIA2012: calls $3
*** TURN *** [8d 7d 6h] [Jh]
VolkovDmitri: bets $6
SEQUOIA2012: folds
Uncalled bet ($6) returned to VolkovDmitri
VolkovDmitri collected $23.52 from pot
VolkovDmitri: doesn't show hand
*** SUMMARY ***
Total pot $24 | Rake $0.48
Board [8d 7d 6h Jh]
Seat 2: SEQUOIA2012 (button) (small blind) folded on the Turn
Seat 4: VolkovDmitri (big blind) collected ($23.52)


PokerStars Hand #173780613595:  Hold'em Limit ($3/$6 USD) - 2017/08/01 6:12:34 ET
Table 'West' 6-max Seat #4 is the button
Seat 2: SEQUOIA2012 ($186.60 in chips)
Seat 4: VolkovDmitri ($271.53 in chips)
VolkovDmitri: posts small blind $1
SEQUOIA2012: posts big blind $3
*** HOLE CARDS ***
VolkovDmitri: raises $3 to $6
SEQUOIA2012: folds
Uncalled bet ($3) returned to VolkovDmitri
VolkovDmitri collected $6 from pot
VolkovDmitri: doesn't show hand
*** SUMMARY ***
Total pot $6 | Rake $0
Seat 2: SEQUOIA2012 (big blind) folded before Flop
Seat 4: VolkovDmitri (button) (small blind) collected ($6)


PokerStars Hand #173780638436:  Hold'em Limit ($3/$6 USD) - 2017/08/01 6:13:41 ET
Table 'West' 6-max Seat #4 is the button
Seat 2: SEQUOIA2012 ($207.10 in chips)
Seat 4: VolkovDmitri ($250.53 in chips)
VolkovDmitri: posts small blind $1
SEQUOIA2012: posts big blind $3
*** HOLE CARDS ***
VolkovDmitri: raises $3 to $6
SEQUOIA2012: folds
Uncalled bet ($3) returned to VolkovDmitri
VolkovDmitri collected $6 from pot
VolkovDmitri: doesn't show hand
*** SUMMARY ***
Total pot $6 | Rake $0
Seat 2: SEQUOIA2012 (big blind) folded before Flop
Seat 4: VolkovDmitri (button) (small blind) collected ($6)


PokerStars Hand #173780616278:  Hold'em Limit ($3/$6 USD) - 2017/08/01 6:12:41 ET
Table 'West' 6-max Seat #2 is the button
Seat 2: SEQUOIA2012 ($183.60 in chips)
Seat 4: VolkovDmitri ($274.53 in chips)
SEQUOIA2012: posts small blind $1
VolkovDmitri: posts big blind $3
*** HOLE CARDS ***
SEQUOIA2012: raises $3 to $6
VolkovDmitri: calls $3
*** FLOP *** [4s Qc 9c]
VolkovDmitri: checks
SEQUOIA2012: bets $3
VolkovDmitri: raises $3 to $6
SEQUOIA2012: calls $3
*** TURN *** [4s Qc 9c] [Jh]
VolkovDmitri: bets $6
SEQUOIA2012: calls $6
*** RIVER *** [4s Qc 9c Jh] [Tc]
VolkovDmitri: checks
SEQUOIA2012: bets $6
VolkovDmitri: calls $6
*** SHOW DOWN ***
SEQUOIA2012: shows [Kh 7c] (a straight, Nine to King)
VolkovDmitri: mucks hand
SEQUOIA2012 collected $47.50 from pot
*** SUMMARY ***
Total pot $48 | Rake $0.50
Board [4s Qc 9c Jh Tc]
Seat 2: SEQUOIA2012 (button) (small blind) showed [Kh 7c] and won ($47.50) with a straight, Nine to King
Seat 4: VolkovDmitri (big blind) mucked


PokerStars Hand #173780643153:  Hold'em Limit ($3/$6 USD) - 2017/08/01 6:13:54 ET
Table 'West' 6-max Seat #2 is the button
Seat 2: SEQUOIA2012 ($204.10 in chips)
Seat 4: VolkovDmitri ($253.53 in chips)
SEQUOIA2012: posts small blind $1
VolkovDmitri: posts big blind $3
*** HOLE CARDS ***
SEQUOIA2012: raises $3 to $6
VolkovDmitri: raises $3 to $9
SEQUOIA2012: calls $3
*** FLOP *** [6d Ks 5d]
VolkovDmitri: bets $3
SEQUOIA2012: calls $3
*** TURN *** [6d Ks 5d] [5s]
VolkovDmitri: bets $6
SEQUOIA2012: calls $6
*** RIVER *** [6d Ks 5d 5s] [8s]
VolkovDmitri: bets $6
SEQUOIA2012: raises $6 to $12
VolkovDmitri: calls $6
*** SHOW DOWN ***
SEQUOIA2012: shows [6s Js] (a flush, King high)
VolkovDmitri: mucks hand
SEQUOIA2012 collected $59.50 from pot
*** SUMMARY ***
Total pot $60 | Rake $0.50
Board [6d Ks 5d 5s 8s]
Seat 2: SEQUOIA2012 (button) (small blind) showed [6s Js] and won ($59.50) with a flush, King high
Seat 4: VolkovDmitri (big blind) mucked


PokerStars Hand #173780659495:  Hold'em Limit ($3/$6 USD) - 2017/08/01 6:14:39 ET
Table 'West' 6-max Seat #4 is the button
Seat 2: SEQUOIA2012 ($233.60 in chips)
Seat 4: VolkovDmitri ($223.53 in chips)
VolkovDmitri: posts small blind $1
SEQUOIA2012: posts big blind $3
*** HOLE CARDS ***
VolkovDmitri: raises $3 to $6
SEQUOIA2012: calls $3
*** FLOP *** [3d 9d 5c]
SEQUOIA2012: checks
VolkovDmitri: bets $3
SEQUOIA2012: calls $3
*** TURN *** [3d 9d 5c] [Jc]
SEQUOIA2012: checks
VolkovDmitri: bets $6
SEQUOIA2012: folds
Uncalled bet ($6) returned to VolkovDmitri
VolkovDmitri collected $17.64 from pot
VolkovDmitri: doesn't show hand
*** SUMMARY ***
Total pot $18 | Rake $0.36
Board [3d 9d 5c Jc]
Seat 2: SEQUOIA2012 (big blind) folded on the Turn
Seat 4: VolkovDmitri (button) (small blind) collected ($17.64)


PokerStars Hand #173780672472:  Hold'em Limit ($3/$6 USD) - 2017/08/01 6:15:14 ET
Table 'West' 6-max Seat #2 is the button
Seat 2: SEQUOIA2012 ($224.60 in chips)
Seat 4: VolkovDmitri ($232.17 in chips)
SEQUOIA2012: posts small blind $1
VolkovDmitri: posts big blind $3
*** HOLE CARDS ***
SEQUOIA2012: raises $3 to $6
VolkovDmitri: calls $3
*** FLOP *** [3h 3d 6c]
VolkovDmitri: checks
SEQUOIA2012: bets $3
VolkovDmitri: calls $3
*** TURN *** [3h 3d 6c] [4d]
VolkovDmitri: checks
SEQUOIA2012: bets $6
VolkovDmitri: raises $6 to $12
SEQUOIA2012: calls $6
*** RIVER *** [3h 3d 6c 4d] [4c]
VolkovDmitri: bets $6
SEQUOIA2012: folds
Uncalled bet ($6) returned to VolkovDmitri
VolkovDmitri collected $41.50 from pot
VolkovDmitri: doesn't show hand
*** SUMMARY ***
Total pot $42 | Rake $0.50
Board [3h 3d 6c 4d 4c]
Seat 2: SEQUOIA2012 (button) (small blind) folded on the River
Seat 4: VolkovDmitri (big blind) collected ($41.50)


