PokerStars Hand #144976313450:  Hold'em Limit ($3/$6 USD) - 2015/12/07 13:04:32 ET
Table 'West II' 6-max Seat #6 is the button
Seat 5: Flip0358 ($22.68 in chips)
Seat 6: SashaYuvelir ($115.76 in chips)
SashaYuvelir: posts small blind $1
Flip0358: posts big blind $3
*** HOLE CARDS ***
SashaYuvelir: folds
Uncalled bet ($2) returned to Flip0358
Flip0358 collected $2 from pot
Flip0358: doesn't show hand
*** SUMMARY ***
Total pot $2 | Rake $0
Seat 5: Flip0358 (big blind) collected ($2)
Seat 6: SashaYuvelir (button) (small blind) folded before Flop


PokerStars Hand #144976302840:  Hold'em Limit ($3/$6 USD) - 2015/12/07 13:04:21 ET
Table 'West II' 6-max Seat #5 is the button
Seat 5: Flip0358 ($16.92 in chips)
Seat 6: SashaYuvelir ($121.76 in chips)
Flip0358: posts small blind $1
SashaYuvelir: posts big blind $3
*** HOLE CARDS ***
Flip0358: raises $3 to $6
SashaYuvelir: calls $3
*** FLOP *** [6h 8c Qc]
SashaYuvelir: checks
Flip0358: bets $3
SashaYuvelir: folds
Uncalled bet ($3) returned to Flip0358
Flip0358 collected $11.76 from pot
Flip0358: doesn't show hand
*** SUMMARY ***
Total pot $12 | Rake $0.24
Board [6h 8c Qc]
Seat 5: Flip0358 (button) (small blind) collected ($11.76)
Seat 6: SashaYuvelir (big blind) folded on the Flop


PokerStars Hand #144976276700:  Hold'em Limit ($3/$6 USD) - 2015/12/07 13:03:56 ET
Table 'West II' 6-max Seat #6 is the button
Seat 5: Flip0358 ($46.92 in chips)
Seat 6: SashaYuvelir ($92.26 in chips)
SashaYuvelir: posts small blind $1
Flip0358: posts big blind $3
*** HOLE CARDS ***
SashaYuvelir: raises $3 to $6
Flip0358: raises $3 to $9
SashaYuvelir: calls $3
*** FLOP *** [Th Kc 9s]
Flip0358: bets $3
SashaYuvelir: calls $3
*** TURN *** [Th Kc 9s] [8h]
Flip0358: checks
SashaYuvelir: bets $6
Flip0358: calls $6
*** RIVER *** [Th Kc 9s 8h] [Kh]
Flip0358: bets $6
SashaYuvelir: raises $6 to $12
Flip0358: calls $6
*** SHOW DOWN ***
SashaYuvelir: shows [Ks 7d] (three of a kind, Kings)
Flip0358: mucks hand
SashaYuvelir collected $59.50 from pot
*** SUMMARY ***
Total pot $60 | Rake $0.50
Board [Th Kc 9s 8h Kh]
Seat 5: Flip0358 (big blind) mucked
Seat 6: SashaYuvelir (button) (small blind) showed [Ks 7d] and won ($59.50) with three of a kind, Kings


PokerStars Hand #144976256888:  Hold'em Limit ($3/$6 USD) - 2015/12/07 13:03:36 ET
Table 'West II' 6-max Seat #5 is the button
Seat 5: Flip0358 ($47.16 in chips)
Seat 6: SashaYuvelir ($92.50 in chips)
Flip0358: posts small blind $1
SashaYuvelir: posts big blind $3
*** HOLE CARDS ***
Flip0358: calls $2
SashaYuvelir: checks
*** FLOP *** [6c 7d 2d]
SashaYuvelir: bets $3
Flip0358: calls $3
*** TURN *** [6c 7d 2d] [Jh]
SashaYuvelir: checks
Flip0358: checks
*** RIVER *** [6c 7d 2d Jh] [Ks]
SashaYuvelir: checks
Flip0358: bets $6
SashaYuvelir: calls $6
*** SHOW DOWN ***
Flip0358: shows [2s 8h] (a pair of Deuces)
SashaYuvelir: shows [8s 2h] (a pair of Deuces)
SashaYuvelir collected $11.76 from pot
Flip0358 collected $11.76 from pot
*** SUMMARY ***
Total pot $24 | Rake $0.48
Board [6c 7d 2d Jh Ks]
Seat 5: Flip0358 (button) (small blind) showed [2s 8h] and won ($11.76) with a pair of Deuces
Seat 6: SashaYuvelir (big blind) showed [8s 2h] and won ($11.76) with a pair of Deuces


PokerStars Hand #144976317643:  Hold'em Limit ($3/$6 USD) - 2015/12/07 13:04:36 ET
Table 'West II' 6-max Seat #5 is the button
Seat 5: Flip0358 ($23.68 in chips)
Seat 6: SashaYuvelir ($114.76 in chips)
Flip0358: posts small blind $1
SashaYuvelir: posts big blind $3
*** HOLE CARDS ***
Flip0358: calls $2
SashaYuvelir: checks
*** FLOP *** [Jh 4d 7c]
SashaYuvelir: checks
Flip0358: checks
*** TURN *** [Jh 4d 7c] [4h]
SashaYuvelir: bets $6
**Geka**555 joins the table at seat #3
Flip0358: raises $6 to $12
SashaYuvelir: calls $6
*** RIVER *** [Jh 4d 7c 4h] [Ad]
SashaYuvelir: checks
Flip0358: bets $6
SashaYuvelir: calls $6
*** SHOW DOWN ***
Flip0358: shows [6c 4c] (three of a kind, Fours)
SashaYuvelir: mucks hand
Flip0358 collected $41.50 from pot
*** SUMMARY ***
Total pot $42 | Rake $0.50
Board [Jh 4d 7c 4h Ad]
Seat 5: Flip0358 (button) (small blind) showed [6c 4c] and won ($41.50) with three of a kind, Fours
Seat 6: SashaYuvelir (big blind) mucked


PokerStars Hand #144977320507:  Hold'em Limit ($3/$6 USD) - 2015/12/07 13:21:13 ET
Table 'West II' 6-max Seat #6 is the button
Seat 5: lostflash ($177.55 in chips)
Seat 6: SashaYuvelir ($129.31 in chips)
SashaYuvelir: posts small blind $1
PelonCabelao: is sitting out
lostflash: posts big blind $3
*** HOLE CARDS ***
SashaYuvelir: folds
Uncalled bet ($2) returned to lostflash
lostflash collected $2 from pot
lostflash: doesn't show hand
*** SUMMARY ***
Total pot $2 | Rake $0
Seat 5: lostflash (big blind) collected ($2)
Seat 6: SashaYuvelir (button) (small blind) folded before Flop


PokerStars Hand #144977325466:  Hold'em Limit ($3/$6 USD) - 2015/12/07 13:21:17 ET
Table 'West II' 6-max Seat #5 is the button
Seat 5: lostflash ($178.55 in chips)
Seat 6: SashaYuvelir ($128.31 in chips)
lostflash: posts small blind $1
SashaYuvelir: posts big blind $3
*** HOLE CARDS ***
lostflash: raises $3 to $6
SashaYuvelir: calls $3
*** FLOP *** [2d Qc 8c]
SashaYuvelir: checks
lostflash: checks
*** TURN *** [2d Qc 8c] [2c]
SashaYuvelir: bets $6
lostflash: folds
Uncalled bet ($6) returned to SashaYuvelir
SashaYuvelir collected $11.76 from pot
SashaYuvelir: doesn't show hand
*** SUMMARY ***
Total pot $12 | Rake $0.24
Board [2d Qc 8c 2c]
Seat 5: lostflash (button) (small blind) folded on the Turn
Seat 6: SashaYuvelir (big blind) collected ($11.76)


