PokerStars Hand #146448363348:  Hold'em Limit ($3/$6 USD) - 2016/01/04 9:26:36 ET
Table 'Wetherill II' 2-max Seat #2 is the button
Seat 1: Mendeman ($120 in chips)
Seat 2: punkrott ($72 in chips)
punkrott: posts small blind $1
Mendeman: posts big blind $3
*** HOLE CARDS ***
punkrott: raises $3 to $6
Mendeman: calls $3
*** FLOP *** [6s 7c 6h]
Mendeman: checks
punkrott: bets $3
Mendeman: calls $3
*** TURN *** [6s 7c 6h] [4h]
Mendeman: checks
punkrott: checks
*** RIVER *** [6s 7c 6h 4h] [Js]
Mendeman: bets $6
punkrott: calls $6
*** SHOW DOWN ***
Mendeman: shows [Qd Jc] (two pair, Jacks and Sixes)
punkrott: mucks hand
Mendeman collected $29.50 from pot
*** SUMMARY ***
Total pot $30 | Rake $0.50
Board [6s 7c 6h 4h Js]
Seat 1: Mendeman (big blind) showed [Qd Jc] and won ($29.50) with two pair, Jacks and Sixes
Seat 2: punkrott (button) (small blind) mucked


PokerStars Hand #146448382788:  Hold'em Limit ($3/$6 USD) - 2016/01/04 9:27:01 ET
Table 'Wetherill II' 2-max Seat #1 is the button
Seat 1: Mendeman ($134.50 in chips)
Seat 2: punkrott ($57 in chips)
Mendeman: posts small blind $1
punkrott: posts big blind $3
*** HOLE CARDS ***
Mendeman: calls $2
punkrott: raises $3 to $6
Mendeman: calls $3
*** FLOP *** [7d Ah Ts]
punkrott: bets $3
Mendeman: calls $3
*** TURN *** [7d Ah Ts] [5s]
punkrott: bets $6
Mendeman: calls $6
*** RIVER *** [7d Ah Ts 5s] [9h]
punkrott: bets $6
Mendeman: calls $6
*** SHOW DOWN ***
punkrott: shows [Ac Ks] (a pair of Aces)
Mendeman: mucks hand
punkrott collected $41.50 from pot
*** SUMMARY ***
Total pot $42 | Rake $0.50
Board [7d Ah Ts 5s 9h]
Seat 1: Mendeman (button) (small blind) mucked
Seat 2: punkrott (big blind) showed [Ac Ks] and won ($41.50) with a pair of Aces


PokerStars Hand #146448430357:  Hold'em Limit ($3/$6 USD) - 2016/01/04 9:28:04 ET
Table 'Wetherill II' 2-max Seat #1 is the button
Seat 1: Mendeman ($107.02 in chips)
Seat 2: punkrott ($82.88 in chips)
Mendeman: posts small blind $1
punkrott: posts big blind $3
*** HOLE CARDS ***
Mendeman: folds
Uncalled bet ($2) returned to punkrott
punkrott collected $2 from pot
punkrott: doesn't show hand
*** SUMMARY ***
Total pot $2 | Rake $0
Seat 1: Mendeman (button) (small blind) folded before Flop
Seat 2: punkrott (big blind) collected ($2)


PokerStars Hand #146448417908:  Hold'em Limit ($3/$6 USD) - 2016/01/04 9:27:48 ET
Table 'Wetherill II' 2-max Seat #2 is the button
Seat 1: Mendeman ($122.02 in chips)
Seat 2: punkrott ($68.38 in chips)
punkrott: posts small blind $1
Mendeman: posts big blind $3
*** HOLE CARDS ***
punkrott: raises $3 to $6
Mendeman: calls $3
*** FLOP *** [3h 9d 8h]
Mendeman: checks
punkrott: bets $3
Mendeman: calls $3
*** TURN *** [3h 9d 8h] [5h]
Mendeman: checks
punkrott: bets $6
Mendeman: calls $6
*** RIVER *** [3h 9d 8h 5h] [Kh]
Mendeman: checks
punkrott: checks
*** SHOW DOWN ***
Mendeman: shows [6s 9s] (a pair of Nines)
punkrott: shows [Qs Qd] (a pair of Queens)
punkrott collected $29.50 from pot
*** SUMMARY ***
Total pot $30 | Rake $0.50
Board [3h 9d 8h 5h Kh]
Seat 1: Mendeman (big blind) showed [6s 9s] and lost with a pair of Nines
Seat 2: punkrott (button) (small blind) showed [Qs Qd] and won ($29.50) with a pair of Queens


PokerStars Hand #146448395959:  Hold'em Limit ($3/$6 USD) - 2016/01/04 9:27:19 ET
Table 'Wetherill II' 2-max Seat #2 is the button
Seat 1: Mendeman ($113.50 in chips)
Seat 2: punkrott ($77.50 in chips)
punkrott: posts small blind $1
Mendeman: posts big blind $3
*** HOLE CARDS ***
punkrott: raises $3 to $6
Mendeman: calls $3
*** FLOP *** [5c 7h 6c]
Mendeman: checks
punkrott: checks
*** TURN *** [5c 7h 6c] [2d]
Mendeman: checks
punkrott: bets $6
Mendeman: calls $6
*** RIVER *** [5c 7h 6c 2d] [8d]
Mendeman: bets $6
punkrott: folds
Uncalled bet ($6) returned to Mendeman
Mendeman collected $23.52 from pot
Mendeman: doesn't show hand
*** SUMMARY ***
Total pot $24 | Rake $0.48
Board [5c 7h 6c 2d 8d]
Seat 1: Mendeman (big blind) collected ($23.52)
Seat 2: punkrott (button) (small blind) folded on the River


PokerStars Hand #146448409886:  Hold'em Limit ($3/$6 USD) - 2016/01/04 9:27:37 ET
Table 'Wetherill II' 2-max Seat #1 is the button
Seat 1: Mendeman ($125.02 in chips)
Seat 2: punkrott ($65.50 in chips)
Mendeman: posts small blind $1
punkrott: posts big blind $3
*** HOLE CARDS ***
Mendeman: calls $2
punkrott: checks
*** FLOP *** [8s 8h 5h]
punkrott: checks
Mendeman: checks
*** TURN *** [8s 8h 5h] [Kd]
punkrott: bets $6
Mendeman: folds
Uncalled bet ($6) returned to punkrott
punkrott collected $5.88 from pot
punkrott: doesn't show hand
*** SUMMARY ***
Total pot $6 | Rake $0.12
Board [8s 8h 5h Kd]
Seat 1: Mendeman (button) (small blind) folded on the Turn
Seat 2: punkrott (big blind) collected ($5.88)


PokerStars Hand #146448438159:  Hold'em Limit ($3/$6 USD) - 2016/01/04 9:28:15 ET
Table 'Wetherill II' 2-max Seat #1 is the button
Seat 1: Mendeman ($107.02 in chips)
Seat 2: punkrott ($82.88 in chips)
Mendeman: posts small blind $1
punkrott: posts big blind $3
*** HOLE CARDS ***
Mendeman: folds
Uncalled bet ($2) returned to punkrott
punkrott collected $2 from pot
punkrott: doesn't show hand
*** SUMMARY ***
Total pot $2 | Rake $0
Seat 1: Mendeman (button) (small blind) folded before Flop
Seat 2: punkrott (big blind) collected ($2)


PokerStars Hand #146448434680:  Hold'em Limit ($3/$6 USD) - 2016/01/04 9:28:10 ET
Table 'Wetherill II' 2-max Seat #2 is the button
Seat 1: Mendeman ($106.02 in chips)
Seat 2: punkrott ($83.88 in chips)
punkrott: posts small blind $1
Mendeman: posts big blind $3
*** HOLE CARDS ***
punkrott: folds
Uncalled bet ($2) returned to Mendeman
Mendeman collected $2 from pot
Mendeman: doesn't show hand
*** SUMMARY ***
Total pot $2 | Rake $0
Seat 1: Mendeman (big blind) collected ($2)
Seat 2: punkrott (button) (small blind) folded before Flop


PokerStars Hand #146448454112:  Hold'em Limit ($3/$6 USD) - 2016/01/04 9:28:36 ET
Table 'Wetherill II' 2-max Seat #1 is the button
Seat 1: Mendeman ($82.02 in chips)
Seat 2: punkrott ($107.38 in chips)
Mendeman: posts small blind $1
punkrott: posts big blind $3
*** HOLE CARDS ***
Mendeman: folds
Uncalled bet ($2) returned to punkrott
punkrott collected $2 from pot
punkrott: doesn't show hand
*** SUMMARY ***
Total pot $2 | Rake $0
Seat 1: Mendeman (button) (small blind) folded before Flop
Seat 2: punkrott (big blind) collected ($2)


PokerStars Hand #146448442606:  Hold'em Limit ($3/$6 USD) - 2016/01/04 9:28:20 ET
Table 'Wetherill II' 2-max Seat #2 is the button
Seat 1: Mendeman ($106.02 in chips)
Seat 2: punkrott ($83.88 in chips)
punkrott: posts small blind $1
Mendeman: posts big blind $3
*** HOLE CARDS ***
punkrott: raises $3 to $6
Mendeman: raises $3 to $9
punkrott: calls $3
*** FLOP *** [6s Qd 7h]
Mendeman: bets $3
punkrott: calls $3
*** TURN *** [6s Qd 7h] [7s]
Mendeman: bets $6
punkrott: calls $6
*** RIVER *** [6s Qd 7h 7s] [Th]
Mendeman: bets $6
punkrott: calls $6
*** SHOW DOWN ***
Mendeman: shows [Js Ac] (a pair of Sevens)
punkrott: shows [As 6c] (two pair, Sevens and Sixes)
punkrott collected $47.50 from pot
*** SUMMARY ***
Total pot $48 | Rake $0.50
Board [6s Qd 7h 7s Th]
Seat 1: Mendeman (big blind) showed [Js Ac] and lost with a pair of Sevens
Seat 2: punkrott (button) (small blind) showed [As 6c] and won ($47.50) with two pair, Sevens and Sixes


PokerStars Hand #146448458600:  Hold'em Limit ($3/$6 USD) - 2016/01/04 9:28:41 ET
Table 'Wetherill II' 2-max Seat #2 is the button
Seat 1: Mendeman ($81.02 in chips)
Seat 2: punkrott ($108.38 in chips)
punkrott: posts small blind $1
Mendeman: posts big blind $3
*** HOLE CARDS ***
punkrott: raises $3 to $6
Mendeman: raises $3 to $9
punkrott: calls $3
*** FLOP *** [7c 5s 6h]
Mendeman: bets $3
punkrott: calls $3
*** TURN *** [7c 5s 6h] [Th]
Mendeman: bets $6
punkrott: raises $6 to $12
Mendeman: calls $6
*** RIVER *** [7c 5s 6h Th] [9h]
Mendeman: checks
punkrott: bets $6
Mendeman: calls $6
*** SHOW DOWN ***
punkrott: shows [4s 2s] (high card Ten)
Mendeman: shows [Qs Qc] (a pair of Queens)
Mendeman collected $59.50 from pot
*** SUMMARY ***
Total pot $60 | Rake $0.50
Board [7c 5s 6h Th 9h]
Seat 1: Mendeman (big blind) showed [Qs Qc] and won ($59.50) with a pair of Queens
Seat 2: punkrott (button) (small blind) showed [4s 2s] and lost with high card Ten


PokerStars Hand #146448472596:  Hold'em Limit ($3/$6 USD) - 2016/01/04 9:29:00 ET
Table 'Wetherill II' 2-max Seat #1 is the button
Seat 1: Mendeman ($110.52 in chips)
Seat 2: punkrott ($78.38 in chips)
Mendeman: posts small blind $1
punkrott: posts big blind $3
*** HOLE CARDS ***
Mendeman: raises $3 to $6
punkrott: calls $3
*** FLOP *** [5c 2s Qs]
punkrott: checks
Mendeman: bets $3
punkrott: folds
Uncalled bet ($3) returned to Mendeman
Mendeman collected $11.76 from pot
Mendeman: doesn't show hand
*** SUMMARY ***
Total pot $12 | Rake $0.24
Board [5c 2s Qs]
Seat 1: Mendeman (button) (small blind) collected ($11.76)
Seat 2: punkrott (big blind) folded on the Flop


PokerStars Hand #146448480274:  Hold'em Limit ($3/$6 USD) - 2016/01/04 9:29:10 ET
Table 'Wetherill II' 2-max Seat #2 is the button
Seat 1: Mendeman ($116.28 in chips)
Seat 2: punkrott ($72.38 in chips)
punkrott: posts small blind $1
Mendeman: posts big blind $3
*** HOLE CARDS ***
punkrott: raises $3 to $6
Mendeman: calls $3
*** FLOP *** [6c 2d Ts]
Mendeman: checks
punkrott: bets $3
Mendeman: calls $3
*** TURN *** [6c 2d Ts] [9d]
Mendeman: checks
punkrott: bets $6
Mendeman: calls $6
*** RIVER *** [6c 2d Ts 9d] [5s]
Mendeman: checks
punkrott: bets $6
Mendeman: folds
Uncalled bet ($6) returned to punkrott
punkrott collected $29.50 from pot
punkrott: doesn't show hand
*** SUMMARY ***
Total pot $30 | Rake $0.50
Board [6c 2d Ts 9d 5s]
Seat 1: Mendeman (big blind) folded on the River
Seat 2: punkrott (button) (small blind) collected ($29.50)


PokerStars Hand #146448497069:  Hold'em Limit ($3/$6 USD) - 2016/01/04 9:29:32 ET
Table 'Wetherill II' 2-max Seat #1 is the button
Seat 1: Mendeman ($101.28 in chips)
Seat 2: punkrott ($86.88 in chips)
Mendeman: posts small blind $1
punkrott: posts big blind $3
*** HOLE CARDS ***
Mendeman: folds
Uncalled bet ($2) returned to punkrott
punkrott collected $2 from pot
punkrott: doesn't show hand
*** SUMMARY ***
Total pot $2 | Rake $0
Seat 1: Mendeman (button) (small blind) folded before Flop
Seat 2: punkrott (big blind) collected ($2)


PokerStars Hand #146448501535:  Hold'em Limit ($3/$6 USD) - 2016/01/04 9:29:38 ET
Table 'Wetherill II' 2-max Seat #2 is the button
Seat 1: Mendeman ($100.28 in chips)
Seat 2: punkrott ($87.88 in chips)
punkrott: posts small blind $1
Mendeman: posts big blind $3
*** HOLE CARDS ***
punkrott: raises $3 to $6
Mendeman: calls $3
*** FLOP *** [3c 6s 3h]
Mendeman: checks
punkrott: bets $3
Mendeman: folds
Uncalled bet ($3) returned to punkrott
punkrott collected $11.76 from pot
punkrott: doesn't show hand
*** SUMMARY ***
Total pot $12 | Rake $0.24
Board [3c 6s 3h]
Seat 1: Mendeman (big blind) folded on the Flop
Seat 2: punkrott (button) (small blind) collected ($11.76)


PokerStars Hand #146448509105:  Hold'em Limit ($3/$6 USD) - 2016/01/04 9:29:48 ET
Table 'Wetherill II' 2-max Seat #1 is the button
Seat 1: Mendeman ($94.28 in chips)
Seat 2: punkrott ($93.64 in chips)
Mendeman: posts small blind $1
punkrott: posts big blind $3
*** HOLE CARDS ***
Mendeman: raises $3 to $6
punkrott: calls $3
*** FLOP *** [6d Qc 3d]
punkrott: checks
Mendeman: bets $3
punkrott: folds
Uncalled bet ($3) returned to Mendeman
Mendeman collected $11.76 from pot
Mendeman: doesn't show hand
*** SUMMARY ***
Total pot $12 | Rake $0.24
Board [6d Qc 3d]
Seat 1: Mendeman (button) (small blind) collected ($11.76)
Seat 2: punkrott (big blind) folded on the Flop


PokerStars Hand #146448519223:  Hold'em Limit ($3/$6 USD) - 2016/01/04 9:30:01 ET
Table 'Wetherill II' 2-max Seat #2 is the button
Seat 1: Mendeman ($100.04 in chips)
Seat 2: punkrott ($87.64 in chips)
punkrott: posts small blind $1
Mendeman: posts big blind $3
*** HOLE CARDS ***
punkrott: raises $3 to $6
Mendeman: folds
Uncalled bet ($3) returned to punkrott
punkrott collected $6 from pot
punkrott: doesn't show hand
*** SUMMARY ***
Total pot $6 | Rake $0
Seat 1: Mendeman (big blind) folded before Flop
Seat 2: punkrott (button) (small blind) collected ($6)


PokerStars Hand #146448523318:  Hold'em Limit ($3/$6 USD) - 2016/01/04 9:30:07 ET
Table 'Wetherill II' 2-max Seat #1 is the button
Seat 1: Mendeman ($97.04 in chips)
Seat 2: punkrott ($90.64 in chips)
Mendeman: posts small blind $1
punkrott: posts big blind $3
*** HOLE CARDS ***
Mendeman: raises $3 to $6
punkrott: raises $3 to $9
Mendeman: calls $3
*** FLOP *** [5c 2h 7c]
punkrott: bets $3
Mendeman: calls $3
*** TURN *** [5c 2h 7c] [5h]
punkrott: bets $6
Mendeman: calls $6
*** RIVER *** [5c 2h 7c 5h] [6s]
punkrott: checks
Mendeman: bets $6
punkrott: calls $6
*** SHOW DOWN ***
Mendeman: shows [2c Tc] (two pair, Fives and Deuces)
punkrott: mucks hand
Mendeman collected $47.50 from pot
*** SUMMARY ***
Total pot $48 | Rake $0.50
Board [5c 2h 7c 5h 6s]
Seat 1: Mendeman (button) (small blind) showed [2c Tc] and won ($47.50) with two pair, Fives and Deuces
Seat 2: punkrott (big blind) mucked


PokerStars Hand #146448535727:  Hold'em Limit ($3/$6 USD) - 2016/01/04 9:30:23 ET
Table 'Wetherill II' 2-max Seat #2 is the button
Seat 1: Mendeman ($120.54 in chips)
Seat 2: punkrott ($66.64 in chips)
punkrott: posts small blind $1
Mendeman: posts big blind $3
*** HOLE CARDS ***
punkrott: raises $3 to $6
Mendeman: calls $3
*** FLOP *** [2c As 4c]
Mendeman: checks
punkrott: bets $3
Mendeman: calls $3
*** TURN *** [2c As 4c] [6d]
Mendeman: checks
punkrott: bets $6
Mendeman: calls $6
*** RIVER *** [2c As 4c 6d] [8d]
Mendeman: checks
punkrott: checks
*** SHOW DOWN ***
Mendeman: shows [Qh 5d] (high card Ace)
punkrott: shows [Qd 9s] (high card Ace - Queen+Nine kicker)
punkrott collected $29.50 from pot
*** SUMMARY ***
Total pot $30 | Rake $0.50
Board [2c As 4c 6d 8d]
Seat 1: Mendeman (big blind) showed [Qh 5d] and lost with high card Ace
Seat 2: punkrott (button) (small blind) showed [Qd 9s] and won ($29.50) with high card Ace


PokerStars Hand #146448548889:  Hold'em Limit ($3/$6 USD) - 2016/01/04 9:30:41 ET
Table 'Wetherill II' 2-max Seat #1 is the button
Seat 1: Mendeman ($105.54 in chips)
Seat 2: punkrott ($81.14 in chips)
Mendeman: posts small blind $1
punkrott: posts big blind $3
*** HOLE CARDS ***
Mendeman: raises $3 to $6
punkrott: calls $3
*** FLOP *** [2h 4d 7d]
punkrott: checks
Mendeman: bets $3
punkrott: calls $3
*** TURN *** [2h 4d 7d] [5d]
punkrott: checks
Mendeman: bets $6
punkrott: calls $6
*** RIVER *** [2h 4d 7d 5d] [Tc]
punkrott: checks
Mendeman: bets $6
punkrott: calls $6
*** SHOW DOWN ***
Mendeman: shows [2d Qd] (a flush, Queen high)
punkrott: mucks hand
Mendeman collected $41.50 from pot
*** SUMMARY ***
Total pot $42 | Rake $0.50
Board [2h 4d 7d 5d Tc]
Seat 1: Mendeman (button) (small blind) showed [2d Qd] and won ($41.50) with a flush, Queen high
Seat 2: punkrott (big blind) mucked


PokerStars Hand #146448570166:  Hold'em Limit ($3/$6 USD) - 2016/01/04 9:31:09 ET
Table 'Wetherill II' 2-max Seat #1 is the button
Seat 1: Mendeman ($120.04 in chips)
Seat 2: punkrott ($65.90 in chips)
Mendeman: posts small blind $1
punkrott: posts big blind $3
*** HOLE CARDS ***
Mendeman: folds
Uncalled bet ($2) returned to punkrott
punkrott collected $2 from pot
punkrott: doesn't show hand
*** SUMMARY ***
Total pot $2 | Rake $0
Seat 1: Mendeman (button) (small blind) folded before Flop
Seat 2: punkrott (big blind) collected ($2)


PokerStars Hand #146448561156:  Hold'em Limit ($3/$6 USD) - 2016/01/04 9:30:57 ET
Table 'Wetherill II' 2-max Seat #2 is the button
Seat 1: Mendeman ($126.04 in chips)
Seat 2: punkrott ($60.14 in chips)
punkrott: posts small blind $1
Mendeman: posts big blind $3
*** HOLE CARDS ***
punkrott: raises $3 to $6
Mendeman: calls $3
*** FLOP *** [9s 6c 6d]
Mendeman: checks
punkrott: bets $3
Mendeman: folds
Uncalled bet ($3) returned to punkrott
punkrott collected $11.76 from pot
punkrott: doesn't show hand
*** SUMMARY ***
Total pot $12 | Rake $0.24
Board [9s 6c 6d]
Seat 1: Mendeman (big blind) folded on the Flop
Seat 2: punkrott (button) (small blind) collected ($11.76)


PokerStars Hand #146448586581:  Hold'em Limit ($3/$6 USD) - 2016/01/04 9:31:30 ET
Table 'Wetherill II' 2-max Seat #1 is the button
Seat 1: Mendeman ($95.04 in chips)
Seat 2: punkrott ($90.40 in chips)
Mendeman: posts small blind $1
punkrott: posts big blind $3
*** HOLE CARDS ***
Mendeman: raises $3 to $6
punkrott: calls $3
*** FLOP *** [7h 8d 4s]
punkrott: bets $3
Mendeman: calls $3
*** TURN *** [7h 8d 4s] [2c]
punkrott: bets $6
Mendeman: calls $6
*** RIVER *** [7h 8d 4s 2c] [9c]
punkrott: bets $6
Mendeman: folds
Uncalled bet ($6) returned to punkrott
punkrott collected $29.50 from pot
punkrott: doesn't show hand
*** SUMMARY ***
Total pot $30 | Rake $0.50
Board [7h 8d 4s 2c 9c]
Seat 1: Mendeman (button) (small blind) folded on the River
Seat 2: punkrott (big blind) collected ($29.50)


PokerStars Hand #146448596872:  Hold'em Limit ($3/$6 USD) - 2016/01/04 9:31:44 ET
Table 'Wetherill II' 2-max Seat #2 is the button
Seat 1: Mendeman ($80.04 in chips)
Seat 2: punkrott ($104.90 in chips)
punkrott: posts small blind $1
Mendeman: posts big blind $3
*** HOLE CARDS ***
punkrott: folds
Uncalled bet ($2) returned to Mendeman
Mendeman collected $2 from pot
Mendeman: doesn't show hand
*** SUMMARY ***
Total pot $2 | Rake $0
Seat 1: Mendeman (big blind) collected ($2)
Seat 2: punkrott (button) (small blind) folded before Flop


PokerStars Hand #146448600150:  Hold'em Limit ($3/$6 USD) - 2016/01/04 9:31:49 ET
Table 'Wetherill II' 2-max Seat #1 is the button
Seat 1: Mendeman ($81.04 in chips)
Seat 2: punkrott ($103.90 in chips)
Mendeman: posts small blind $1
punkrott: posts big blind $3
*** HOLE CARDS ***
Mendeman: raises $3 to $6
punkrott: calls $3
*** FLOP *** [Qc 9h 2d]
punkrott: checks
Mendeman: checks
*** TURN *** [Qc 9h 2d] [7c]
punkrott: bets $6
Mendeman: folds
Uncalled bet ($6) returned to punkrott
punkrott collected $11.76 from pot
punkrott: doesn't show hand
*** SUMMARY ***
Total pot $12 | Rake $0.24
Board [Qc 9h 2d 7c]
Seat 1: Mendeman (button) (small blind) folded on the Turn
Seat 2: punkrott (big blind) collected ($11.76)


PokerStars Hand #146448608868:  Hold'em Limit ($3/$6 USD) - 2016/01/04 9:32:00 ET
Table 'Wetherill II' 2-max Seat #2 is the button
Seat 1: Mendeman ($75.04 in chips)
Seat 2: punkrott ($109.66 in chips)
punkrott: posts small blind $1
Mendeman: posts big blind $3
*** HOLE CARDS ***
punkrott: raises $3 to $6
Mendeman: raises $3 to $9
punkrott: calls $3
*** FLOP *** [As 7s Tc]
Mendeman: bets $3
punkrott: calls $3
*** TURN *** [As 7s Tc] [Kd]
Mendeman: bets $6
punkrott: calls $6
*** RIVER *** [As 7s Tc Kd] [6c]
Mendeman: bets $6
punkrott: calls $6
*** SHOW DOWN ***
Mendeman: shows [2d 2c] (a pair of Deuces)
punkrott: shows [4d Ks] (a pair of Kings)
punkrott collected $47.50 from pot
*** SUMMARY ***
Total pot $48 | Rake $0.50
Board [As 7s Tc Kd 6c]
Seat 1: Mendeman (big blind) showed [2d 2c] and lost with a pair of Deuces
Seat 2: punkrott (button) (small blind) showed [4d Ks] and won ($47.50) with a pair of Kings


PokerStars Hand #146448574446:  Hold'em Limit ($3/$6 USD) - 2016/01/04 9:31:14 ET
Table 'Wetherill II' 2-max Seat #2 is the button
Seat 1: Mendeman ($119.04 in chips)
Seat 2: punkrott ($66.90 in chips)
punkrott: posts small blind $1
Mendeman: posts big blind $3
*** HOLE CARDS ***
punkrott: raises $3 to $6
Mendeman: raises $3 to $9
punkrott: calls $3
*** FLOP *** [6s Jd 2c]
Mendeman: bets $3
punkrott: calls $3
*** TURN *** [6s Jd 2c] [Ts]
Mendeman: bets $6
punkrott: calls $6
*** RIVER *** [6s Jd 2c Ts] [Tc]
Mendeman: bets $6
punkrott: calls $6
*** SHOW DOWN ***
Mendeman: shows [As 9s] (a pair of Tens)
punkrott: shows [Ac Qd] (a pair of Tens - Ace+Queen kicker)
punkrott collected $47.50 from pot
*** SUMMARY ***
Total pot $48 | Rake $0.50
Board [6s Jd 2c Ts Tc]
Seat 1: Mendeman (big blind) showed [As 9s] and lost with a pair of Tens
Seat 2: punkrott (button) (small blind) showed [Ac Qd] and won ($47.50) with a pair of Tens


PokerStars Hand #146448665427:  Hold'em Limit ($3/$6 USD) - 2016/01/04 9:33:15 ET
Table 'Wetherill II' 2-max Seat #2 is the button
Seat 1: Mendeman ($89.68 in chips)
Seat 2: punkrott ($92.92 in chips)
punkrott: posts small blind $1
Mendeman: posts big blind $3
*** HOLE CARDS ***
punkrott: raises $3 to $6
Mendeman: calls $3
*** FLOP *** [Qd 7h Ad]
Mendeman: checks
punkrott: bets $3
Mendeman: folds
Uncalled bet ($3) returned to punkrott
punkrott collected $11.76 from pot
punkrott: doesn't show hand
*** SUMMARY ***
Total pot $12 | Rake $0.24
Board [Qd 7h Ad]
Seat 1: Mendeman (big blind) folded on the Flop
Seat 2: punkrott (button) (small blind) collected ($11.76)


PokerStars Hand #146448628723:  Hold'em Limit ($3/$6 USD) - 2016/01/04 9:32:27 ET
Table 'Wetherill II' 2-max Seat #2 is the button
Seat 1: Mendeman ($59.68 in chips)
Seat 2: punkrott ($124.16 in chips)
punkrott: posts small blind $1
Mendeman: posts big blind $3
*** HOLE CARDS ***
punkrott: folds
Uncalled bet ($2) returned to Mendeman
Mendeman collected $2 from pot
Mendeman: doesn't show hand
*** SUMMARY ***
Total pot $2 | Rake $0
Seat 1: Mendeman (big blind) collected ($2)
Seat 2: punkrott (button) (small blind) folded before Flop


PokerStars Hand #146448620258:  Hold'em Limit ($3/$6 USD) - 2016/01/04 9:32:15 ET
Table 'Wetherill II' 2-max Seat #1 is the button
Seat 1: Mendeman ($51.04 in chips)
Seat 2: punkrott ($133.16 in chips)
Mendeman: posts small blind $1
punkrott: posts big blind $3
*** HOLE CARDS ***
Mendeman: raises $3 to $6
punkrott: calls $3
*** FLOP *** [6d 7c 2c]
punkrott: checks
Mendeman: bets $3
punkrott: calls $3
*** TURN *** [6d 7c 2c] [Jd]
punkrott: checks
Mendeman: bets $6
punkrott: folds
Uncalled bet ($6) returned to Mendeman
Mendeman collected $17.64 from pot
Mendeman: doesn't show hand
*** SUMMARY ***
Total pot $18 | Rake $0.36
Board [6d 7c 2c Jd]
Seat 1: Mendeman (button) (small blind) collected ($17.64)
Seat 2: punkrott (big blind) folded on the Turn


PokerStars Hand #146448632003:  Hold'em Limit ($3/$6 USD) - 2016/01/04 9:32:31 ET
Table 'Wetherill II' 2-max Seat #1 is the button
Seat 1: Mendeman ($60.68 in chips)
Seat 2: punkrott ($123.16 in chips)
Mendeman: posts small blind $1
punkrott: posts big blind $3
*** HOLE CARDS ***
Mendeman: raises $3 to $6
punkrott: calls $3
*** FLOP *** [9h Ah 4d]
punkrott: checks
Mendeman: bets $3
punkrott: calls $3
*** TURN *** [9h Ah 4d] [6c]
punkrott: checks
Mendeman: checks
*** RIVER *** [9h Ah 4d 6c] [Td]
punkrott: bets $6
Mendeman: calls $6
*** SHOW DOWN ***
punkrott: shows [Ks 6s] (a pair of Sixes)
Mendeman: shows [8d 8s] (a pair of Eights)
Mendeman collected $29.50 from pot
*** SUMMARY ***
Total pot $30 | Rake $0.50
Board [9h Ah 4d 6c Td]
Seat 1: Mendeman (button) (small blind) showed [8d 8s] and won ($29.50) with a pair of Eights
Seat 2: punkrott (big blind) showed [Ks 6s] and lost with a pair of Sixes


PokerStars Hand #146448643629:  Hold'em Limit ($3/$6 USD) - 2016/01/04 9:32:46 ET
Table 'Wetherill II' 2-max Seat #2 is the button
Seat 1: Mendeman ($75.18 in chips)
Seat 2: punkrott ($108.16 in chips)
punkrott: posts small blind $1
Mendeman: posts big blind $3
*** HOLE CARDS ***
punkrott: raises $3 to $6
Mendeman: calls $3
*** FLOP *** [Qc 9d As]
Mendeman: checks
punkrott: bets $3
Mendeman: folds
Uncalled bet ($3) returned to punkrott
punkrott collected $11.76 from pot
punkrott: doesn't show hand
*** SUMMARY ***
Total pot $12 | Rake $0.24
Board [Qc 9d As]
Seat 1: Mendeman (big blind) folded on the Flop
Seat 2: punkrott (button) (small blind) collected ($11.76)


PokerStars Hand #146448651593:  Hold'em Limit ($3/$6 USD) - 2016/01/04 9:32:57 ET
Table 'Wetherill II' 2-max Seat #1 is the button
Seat 1: Mendeman ($69.18 in chips)
Seat 2: punkrott ($113.92 in chips)
Mendeman: posts small blind $1
punkrott: posts big blind $3
*** HOLE CARDS ***
Mendeman: raises $3 to $6
punkrott: calls $3
*** FLOP *** [Kd 3d 9d]
punkrott: checks
Mendeman: bets $3
punkrott: calls $3
*** TURN *** [Kd 3d 9d] [6h]
punkrott: checks
Mendeman: bets $6
punkrott: calls $6
*** RIVER *** [Kd 3d 9d 6h] [5d]
punkrott: checks
Mendeman: bets $6
punkrott: calls $6
*** SHOW DOWN ***
Mendeman: shows [6d 8d] (a flush, King high)
punkrott: mucks hand
Mendeman collected $41.50 from pot
*** SUMMARY ***
Total pot $42 | Rake $0.50
Board [Kd 3d 9d 6h 5d]
Seat 1: Mendeman (button) (small blind) showed [6d 8d] and won ($41.50) with a flush, King high
Seat 2: punkrott (big blind) mucked


PokerStars Hand #146448703494:  Hold'em Limit ($3/$6 USD) - 2016/01/04 9:34:05 ET
Table 'Wetherill II' 2-max Seat #2 is the button
Seat 1: Mendeman ($90.68 in chips)
Seat 2: punkrott ($91.68 in chips)
punkrott: posts small blind $1
Mendeman: posts big blind $3
*** HOLE CARDS ***
punkrott: raises $3 to $6
Mendeman: calls $3
*** FLOP *** [5c Qd 7s]
Mendeman: checks
punkrott: bets $3
Mendeman: calls $3
*** TURN *** [5c Qd 7s] [Js]
Mendeman: checks
punkrott: checks
*** RIVER *** [5c Qd 7s Js] [Td]
Mendeman: bets $6
punkrott: folds
Uncalled bet ($6) returned to Mendeman
Mendeman collected $17.64 from pot
Mendeman: doesn't show hand
*** SUMMARY ***
Total pot $18 | Rake $0.36
Board [5c Qd 7s Js Td]
Seat 1: Mendeman (big blind) collected ($17.64)
Seat 2: punkrott (button) (small blind) folded on the River


PokerStars Hand #146448673304:  Hold'em Limit ($3/$6 USD) - 2016/01/04 9:33:25 ET
Table 'Wetherill II' 2-max Seat #1 is the button
Seat 1: Mendeman ($83.68 in chips)
Seat 2: punkrott ($98.68 in chips)
Mendeman: posts small blind $1
punkrott: posts big blind $3
*** HOLE CARDS ***
Mendeman: folds
Uncalled bet ($2) returned to punkrott
punkrott collected $2 from pot
punkrott: doesn't show hand
*** SUMMARY ***
Total pot $2 | Rake $0
Seat 1: Mendeman (button) (small blind) folded before Flop
Seat 2: punkrott (big blind) collected ($2)


PokerStars Hand #146448681334:  Hold'em Limit ($3/$6 USD) - 2016/01/04 9:33:36 ET
Table 'Wetherill II' 2-max Seat #1 is the button
Seat 1: Mendeman ($83.68 in chips)
Seat 2: punkrott ($98.68 in chips)
Mendeman: posts small blind $1
punkrott: posts big blind $3
*** HOLE CARDS ***
Mendeman: raises $3 to $6
punkrott: folds
Uncalled bet ($3) returned to Mendeman
Mendeman collected $6 from pot
Mendeman: doesn't show hand
*** SUMMARY ***
Total pot $6 | Rake $0
Seat 1: Mendeman (button) (small blind) collected ($6)
Seat 2: punkrott (big blind) folded before Flop


PokerStars Hand #146448677656:  Hold'em Limit ($3/$6 USD) - 2016/01/04 9:33:31 ET
Table 'Wetherill II' 2-max Seat #2 is the button
Seat 1: Mendeman ($82.68 in chips)
Seat 2: punkrott ($99.68 in chips)
punkrott: posts small blind $1
Mendeman: posts big blind $3
*** HOLE CARDS ***
punkrott: folds
Uncalled bet ($2) returned to Mendeman
Mendeman collected $2 from pot
Mendeman: doesn't show hand
*** SUMMARY ***
Total pot $2 | Rake $0
Seat 1: Mendeman (big blind) collected ($2)
Seat 2: punkrott (button) (small blind) folded before Flop


PokerStars Hand #146448689752:  Hold'em Limit ($3/$6 USD) - 2016/01/04 9:33:47 ET
Table 'Wetherill II' 2-max Seat #1 is the button
Seat 1: Mendeman ($87.68 in chips)
Seat 2: punkrott ($94.68 in chips)
Mendeman: posts small blind $1
punkrott: posts big blind $3
*** HOLE CARDS ***
Mendeman: raises $3 to $6
punkrott: folds
Uncalled bet ($3) returned to Mendeman
Mendeman collected $6 from pot
Mendeman: doesn't show hand
*** SUMMARY ***
Total pot $6 | Rake $0
Seat 1: Mendeman (button) (small blind) collected ($6)
Seat 2: punkrott (big blind) folded before Flop


PokerStars Hand #146448686170:  Hold'em Limit ($3/$6 USD) - 2016/01/04 9:33:42 ET
Table 'Wetherill II' 2-max Seat #2 is the button
Seat 1: Mendeman ($86.68 in chips)
Seat 2: punkrott ($95.68 in chips)
punkrott: posts small blind $1
Mendeman: posts big blind $3
*** HOLE CARDS ***
punkrott: folds
Uncalled bet ($2) returned to Mendeman
Mendeman collected $2 from pot
Mendeman: doesn't show hand
*** SUMMARY ***
Total pot $2 | Rake $0
Seat 1: Mendeman (big blind) collected ($2)
Seat 2: punkrott (button) (small blind) folded before Flop


PokerStars Hand #146448699011:  Hold'em Limit ($3/$6 USD) - 2016/01/04 9:33:59 ET
Table 'Wetherill II' 2-max Seat #1 is the button
Seat 1: Mendeman ($87.68 in chips)
Seat 2: punkrott ($94.68 in chips)
Mendeman: posts small blind $1
punkrott: posts big blind $3
*** HOLE CARDS ***
Mendeman: raises $3 to $6
punkrott: folds
Uncalled bet ($3) returned to Mendeman
Mendeman collected $6 from pot
Mendeman: doesn't show hand
*** SUMMARY ***
Total pot $6 | Rake $0
Seat 1: Mendeman (button) (small blind) collected ($6)
Seat 2: punkrott (big blind) folded before Flop


PokerStars Hand #146448694320:  Hold'em Limit ($3/$6 USD) - 2016/01/04 9:33:53 ET
Table 'Wetherill II' 2-max Seat #2 is the button
Seat 1: Mendeman ($90.68 in chips)
Seat 2: punkrott ($91.68 in chips)
punkrott: posts small blind $1
Mendeman: posts big blind $3
*** HOLE CARDS ***
punkrott: raises $3 to $6
Mendeman: folds
Uncalled bet ($3) returned to punkrott
punkrott collected $6 from pot
punkrott: doesn't show hand
*** SUMMARY ***
Total pot $6 | Rake $0
Seat 1: Mendeman (big blind) folded before Flop
Seat 2: punkrott (button) (small blind) collected ($6)


PokerStars Hand #146448735713:  Hold'em Limit ($3/$6 USD) - 2016/01/04 9:34:47 ET
Table 'Wetherill II' 2-max Seat #1 is the button
Seat 1: Mendeman ($84.08 in chips)
Seat 2: punkrott ($97.18 in chips)
Mendeman: posts small blind $1
punkrott: posts big blind $3
*** HOLE CARDS ***
Mendeman: calls $2
punkrott: checks
*** FLOP *** [6h 8h 3s]
punkrott: checks
Mendeman: bets $3
punkrott: raises $3 to $6
Mendeman: raises $3 to $9
punkrott: calls $3
*** TURN *** [6h 8h 3s] [4c]
punkrott: checks
Mendeman: bets $6
punkrott: calls $6
*** RIVER *** [6h 8h 3s 4c] [2c]
punkrott: checks
Mendeman: bets $6
punkrott: raises $6 to $12
Mendeman: raises $6 to $18
punkrott: raises $6 to $24
Betting is capped
Mendeman: calls $6
*** SHOW DOWN ***
punkrott: shows [5c 4h] (a straight, Deuce to Six)
Mendeman: shows [7s 5h] (a straight, Four to Eight)
Mendeman collected $83.50 from pot
*** SUMMARY ***
Total pot $84 | Rake $0.50
Board [6h 8h 3s 4c 2c]
Seat 1: Mendeman (button) (small blind) showed [7s 5h] and won ($83.50) with a straight, Four to Eight
Seat 2: punkrott (big blind) showed [5c 4h] and lost with a straight, Deuce to Six


PokerStars Hand #146448715273:  Hold'em Limit ($3/$6 USD) - 2016/01/04 9:34:20 ET
Table 'Wetherill II' 2-max Seat #1 is the button
Seat 1: Mendeman ($99.32 in chips)
Seat 2: punkrott ($82.68 in chips)
Mendeman: posts small blind $1
punkrott: posts big blind $3
*** HOLE CARDS ***
Mendeman: raises $3 to $6
punkrott: calls $3
*** FLOP *** [6c 3c Kd]
punkrott: checks
Mendeman: bets $3
punkrott: folds
Uncalled bet ($3) returned to Mendeman
Mendeman collected $11.76 from pot
Mendeman: doesn't show hand
*** SUMMARY ***
Total pot $12 | Rake $0.24
Board [6c 3c Kd]
Seat 1: Mendeman (button) (small blind) collected ($11.76)
Seat 2: punkrott (big blind) folded on the Flop


PokerStars Hand #146448722444:  Hold'em Limit ($3/$6 USD) - 2016/01/04 9:34:30 ET
Table 'Wetherill II' 2-max Seat #2 is the button
Seat 1: Mendeman ($105.08 in chips)
Seat 2: punkrott ($76.68 in chips)
punkrott: posts small blind $1
Mendeman: posts big blind $3
*** HOLE CARDS ***
punkrott: raises $3 to $6
Mendeman: calls $3
*** FLOP *** [Ad Qs 6h]
Mendeman: checks
punkrott: bets $3
Mendeman: calls $3
*** TURN *** [Ad Qs 6h] [9c]
Mendeman: checks
punkrott: checks
*** RIVER *** [Ad Qs 6h 9c] [8d]
Mendeman: bets $6
punkrott: raises $6 to $12
Mendeman: calls $6
*** SHOW DOWN ***
punkrott: shows [5c 7d] (a straight, Five to Nine)
Mendeman: mucks hand
punkrott collected $41.50 from pot
*** SUMMARY ***
Total pot $42 | Rake $0.50
Board [Ad Qs 6h 9c 8d]
Seat 1: Mendeman (big blind) mucked
Seat 2: punkrott (button) (small blind) showed [5c 7d] and won ($41.50) with a straight, Five to Nine


PokerStars Hand #146448782414:  Hold'em Limit ($3/$6 USD) - 2016/01/04 9:35:48 ET
Table 'Wetherill II' 2-max Seat #2 is the button
Seat 1: Mendeman ($89.58 in chips)
Seat 2: punkrott ($90.44 in chips)
punkrott: posts small blind $1
Mendeman: posts big blind $3
*** HOLE CARDS ***
punkrott: folds
Uncalled bet ($2) returned to Mendeman
Mendeman collected $2 from pot
Mendeman: doesn't show hand
*** SUMMARY ***
Total pot $2 | Rake $0
Seat 1: Mendeman (big blind) collected ($2)
Seat 2: punkrott (button) (small blind) folded before Flop


PokerStars Hand #146448773985:  Hold'em Limit ($3/$6 USD) - 2016/01/04 9:35:37 ET
Table 'Wetherill II' 2-max Seat #1 is the button
Seat 1: Mendeman ($95.58 in chips)
Seat 2: punkrott ($84.68 in chips)
Mendeman: posts small blind $1
punkrott: posts big blind $3
*** HOLE CARDS ***
Mendeman: calls $2
punkrott: raises $3 to $6
Mendeman: calls $3
*** FLOP *** [7d Ac 2s]
punkrott: bets $3
Mendeman: folds
Uncalled bet ($3) returned to punkrott
punkrott collected $11.76 from pot
punkrott: doesn't show hand
*** SUMMARY ***
Total pot $12 | Rake $0.24
Board [7d Ac 2s]
Seat 1: Mendeman (button) (small blind) folded on the Flop
Seat 2: punkrott (big blind) collected ($11.76)


PokerStars Hand #146448756560:  Hold'em Limit ($3/$6 USD) - 2016/01/04 9:35:14 ET
Table 'Wetherill II' 2-max Seat #2 is the button
Seat 1: Mendeman ($125.58 in chips)
Seat 2: punkrott ($55.18 in chips)
punkrott: posts small blind $1
Mendeman: posts big blind $3
*** HOLE CARDS ***
punkrott: raises $3 to $6
Mendeman: raises $3 to $9
punkrott: calls $3
*** FLOP *** [Js Kd 8d]
Mendeman: bets $3
punkrott: calls $3
*** TURN *** [Js Kd 8d] [Kc]
Mendeman: bets $6
punkrott: raises $6 to $12
Mendeman: calls $6
*** RIVER *** [Js Kd 8d Kc] [9h]
Mendeman: checks
punkrott: bets $6
Mendeman: calls $6
*** SHOW DOWN ***
punkrott: shows [Td Ks] (three of a kind, Kings)
Mendeman: mucks hand
punkrott collected $59.50 from pot
*** SUMMARY ***
Total pot $60 | Rake $0.50
Board [Js Kd 8d Kc 9h]
Seat 1: Mendeman (big blind) mucked
Seat 2: punkrott (button) (small blind) showed [Td Ks] and won ($59.50) with three of a kind, Kings


PokerStars Hand #146448790919:  Hold'em Limit ($3/$6 USD) - 2016/01/04 9:35:59 ET
Table 'Wetherill II' 2-max Seat #2 is the button
Seat 1: Mendeman ($89.58 in chips)
Seat 2: punkrott ($90.44 in chips)
punkrott: posts small blind $1
Mendeman: posts big blind $3
*** HOLE CARDS ***
punkrott: raises $3 to $6
Mendeman: calls $3
*** FLOP *** [2h Ts As]
Mendeman: checks
punkrott: bets $3
Mendeman: calls $3
*** TURN *** [2h Ts As] [6c]
Mendeman: checks
punkrott: checks
*** RIVER *** [2h Ts As 6c] [Ah]
Mendeman: bets $6
punkrott: folds
Uncalled bet ($6) returned to Mendeman
Mendeman collected $17.64 from pot
Mendeman: doesn't show hand
*** SUMMARY ***
Total pot $18 | Rake $0.36
Board [2h Ts As 6c Ah]
Seat 1: Mendeman (big blind) collected ($17.64)
Seat 2: punkrott (button) (small blind) folded on the River


PokerStars Hand #146448802449:  Hold'em Limit ($3/$6 USD) - 2016/01/04 9:36:14 ET
Table 'Wetherill II' 2-max Seat #1 is the button
Seat 1: Mendeman ($98.22 in chips)
Seat 2: punkrott ($81.44 in chips)
Mendeman: posts small blind $1
punkrott: posts big blind $3
*** HOLE CARDS ***
Mendeman: calls $2
punkrott: raises $3 to $6
Mendeman: calls $3
*** FLOP *** [As 8c 6h]
punkrott: bets $3
Mendeman: calls $3
*** TURN *** [As 8c 6h] [Kh]
punkrott: bets $6
Mendeman: calls $6
*** RIVER *** [As 8c 6h Kh] [5h]
punkrott: bets $6
Mendeman: raises $6 to $12
punkrott: calls $6
*** SHOW DOWN ***
Mendeman: shows [7h Ts] (high card Ace)
punkrott: shows [Ks Th] (a pair of Kings)
punkrott collected $53.50 from pot
*** SUMMARY ***
Total pot $54 | Rake $0.50
Board [As 8c 6h Kh 5h]
Seat 1: Mendeman (button) (small blind) showed [7h Ts] and lost with high card Ace
Seat 2: punkrott (big blind) showed [Ks Th] and won ($53.50) with a pair of Kings


PokerStars Hand #146448845196:  Hold'em Limit ($3/$6 USD) - 2016/01/04 9:37:10 ET
Table 'Wetherill II' 2-max Seat #1 is the button
Seat 1: Mendeman ($103.24 in chips)
Seat 2: punkrott ($74.94 in chips)
Mendeman: posts small blind $1
punkrott: posts big blind $3
*** HOLE CARDS ***
Mendeman: raises $3 to $6
punkrott: folds
Uncalled bet ($3) returned to Mendeman
Mendeman collected $6 from pot
Mendeman: doesn't show hand
*** SUMMARY ***
Total pot $6 | Rake $0
Seat 1: Mendeman (button) (small blind) collected ($6)
Seat 2: punkrott (big blind) folded before Flop


PokerStars Hand #146448840591:  Hold'em Limit ($3/$6 USD) - 2016/01/04 9:37:04 ET
Table 'Wetherill II' 2-max Seat #2 is the button
Seat 1: Mendeman ($106.24 in chips)
Seat 2: punkrott ($71.94 in chips)
punkrott: posts small blind $1
Mendeman: posts big blind $3
*** HOLE CARDS ***
punkrott: raises $3 to $6
Mendeman: folds
Uncalled bet ($3) returned to punkrott
punkrott collected $6 from pot
punkrott: doesn't show hand
*** SUMMARY ***
Total pot $6 | Rake $0
Seat 1: Mendeman (big blind) folded before Flop
Seat 2: punkrott (button) (small blind) collected ($6)


PokerStars Hand #146448830637:  Hold'em Limit ($3/$6 USD) - 2016/01/04 9:36:51 ET
Table 'Wetherill II' 2-max Seat #1 is the button
Seat 1: Mendeman ($94.72 in chips)
Seat 2: punkrott ($83.94 in chips)
Mendeman: posts small blind $1
punkrott: posts big blind $3
*** HOLE CARDS ***
Mendeman: raises $3 to $6
punkrott: calls $3
*** FLOP *** [8s Qs 9h]
punkrott: checks
Mendeman: checks
*** TURN *** [8s Qs 9h] [Td]
punkrott: bets $6
Mendeman: raises $6 to $12
punkrott: folds
Uncalled bet ($6) returned to Mendeman
Mendeman collected $23.52 from pot
Mendeman: doesn't show hand
*** SUMMARY ***
Total pot $24 | Rake $0.48
Board [8s Qs 9h Td]
Seat 1: Mendeman (button) (small blind) collected ($23.52)
Seat 2: punkrott (big blind) folded on the Turn


PokerStars Hand #146448817937:  Hold'em Limit ($3/$6 USD) - 2016/01/04 9:36:34 ET
Table 'Wetherill II' 2-max Seat #2 is the button
Seat 1: Mendeman ($71.22 in chips)
Seat 2: punkrott ($107.94 in chips)
punkrott: posts small blind $1
Mendeman: posts big blind $3
*** HOLE CARDS ***
punkrott: raises $3 to $6
Mendeman: raises $3 to $9
punkrott: calls $3
*** FLOP *** [5s 9s Jc]
Mendeman: bets $3
punkrott: calls $3
*** TURN *** [5s 9s Jc] [2s]
Mendeman: bets $6
punkrott: calls $6
*** RIVER *** [5s 9s Jc 2s] [7c]
Mendeman: bets $6
punkrott: calls $6
*** SHOW DOWN ***
Mendeman: shows [Qh 9c] (a pair of Nines)
punkrott: mucks hand
Mendeman collected $47.50 from pot
*** SUMMARY ***
Total pot $48 | Rake $0.50
Board [5s 9s Jc 2s 7c]
Seat 1: Mendeman (big blind) showed [Qh 9c] and won ($47.50) with a pair of Nines
Seat 2: punkrott (button) (small blind) mucked


PokerStars Hand #146448849932:  Hold'em Limit ($3/$6 USD) - 2016/01/04 9:37:16 ET
Table 'Wetherill II' 2-max Seat #2 is the button
Seat 1: Mendeman ($106.24 in chips)
Seat 2: punkrott ($71.94 in chips)
punkrott: posts small blind $1
Mendeman: posts big blind $3
*** HOLE CARDS ***
punkrott: raises $3 to $6
Mendeman: calls $3
*** FLOP *** [Jh Td Ts]
Mendeman: checks
punkrott: bets $3
Mendeman: calls $3
*** TURN *** [Jh Td Ts] [Qh]
Mendeman: checks
punkrott: bets $6
Mendeman: calls $6
*** RIVER *** [Jh Td Ts Qh] [Jd]
Mendeman: checks
punkrott: bets $6
Mendeman: calls $6
*** SHOW DOWN ***
punkrott: shows [8h 9h] (a straight, Eight to Queen)
Mendeman: mucks hand
punkrott collected $41.50 from pot
*** SUMMARY ***
Total pot $42 | Rake $0.50
Board [Jh Td Ts Qh Jd]
Seat 1: Mendeman (big blind) mucked
Seat 2: punkrott (button) (small blind) showed [8h 9h] and won ($41.50) with a straight, Eight to Queen


PokerStars Hand #146448877555:  Hold'em Limit ($3/$6 USD) - 2016/01/04 9:37:53 ET
Table 'Wetherill II' 2-max Seat #2 is the button
Seat 1: Mendeman ($99.74 in chips)
Seat 2: punkrott ($77.44 in chips)
punkrott: posts small blind $1
Mendeman: posts big blind $3
*** HOLE CARDS ***
punkrott: raises $3 to $6
Mendeman: raises $3 to $9
punkrott: calls $3
*** FLOP *** [5c 3h Kc]
Mendeman: bets $3
punkrott: calls $3
*** TURN *** [5c 3h Kc] [2d]
Mendeman: bets $6
punkrott: calls $6
*** RIVER *** [5c 3h Kc 2d] [3d]
Mendeman: bets $6
punkrott: calls $6
*** SHOW DOWN ***
Mendeman: shows [6c 7c] (a pair of Threes)
punkrott: shows [Ad 6s] (a pair of Threes - Ace kicker)
punkrott collected $47.50 from pot
*** SUMMARY ***
Total pot $48 | Rake $0.50
Board [5c 3h Kc 2d 3d]
Seat 1: Mendeman (big blind) showed [6c 7c] and lost with a pair of Threes
Seat 2: punkrott (button) (small blind) showed [Ad 6s] and won ($47.50) with a pair of Threes


PokerStars Hand #146448865714:  Hold'em Limit ($3/$6 USD) - 2016/01/04 9:37:37 ET
Table 'Wetherill II' 2-max Seat #1 is the button
Seat 1: Mendeman ($85.24 in chips)
Seat 2: punkrott ($92.44 in chips)
Mendeman: posts small blind $1
punkrott: posts big blind $3
*** HOLE CARDS ***
Mendeman: calls $2
punkrott: raises $3 to $6
Mendeman: calls $3
*** FLOP *** [Tc As Qs]
punkrott: bets $3
Mendeman: calls $3
*** TURN *** [Tc As Qs] [6h]
punkrott: bets $6
Mendeman: calls $6
*** RIVER *** [Tc As Qs 6h] [Ks]
punkrott: checks
Mendeman: bets $6
punkrott: folds
Uncalled bet ($6) returned to Mendeman
Mendeman collected $29.50 from pot
Mendeman: doesn't show hand
*** SUMMARY ***
Total pot $30 | Rake $0.50
Board [Tc As Qs 6h Ks]
Seat 1: Mendeman (button) (small blind) collected ($29.50)
Seat 2: punkrott (big blind) folded on the River


PokerStars Hand #146448908026:  Hold'em Limit ($3/$6 USD) - 2016/01/04 9:38:34 ET
Table 'Wetherill II' 2-max Seat #1 is the button
Seat 1: Mendeman ($44.74 in chips)
Seat 2: punkrott ($131.44 in chips)
Mendeman: posts small blind $1
punkrott: posts big blind $3
*** HOLE CARDS ***
Mendeman: raises $3 to $6
punkrott: calls $3
*** FLOP *** [6h 8c 8h]
punkrott: checks
Mendeman: checks
*** TURN *** [6h 8c 8h] [Jh]
punkrott: bets $6
Mendeman: calls $6
*** RIVER *** [6h 8c 8h Jh] [Tc]
punkrott: bets $6
Mendeman: calls $6
*** SHOW DOWN ***
punkrott: shows [Qh 8s] (three of a kind, Eights)
Mendeman: mucks hand
punkrott collected $35.50 from pot
*** SUMMARY ***
Total pot $36 | Rake $0.50
Board [6h 8c 8h Jh Tc]
Seat 1: Mendeman (button) (small blind) mucked
Seat 2: punkrott (big blind) showed [Qh 8s] and won ($35.50) with three of a kind, Eights


PokerStars Hand #146448894475:  Hold'em Limit ($3/$6 USD) - 2016/01/04 9:38:15 ET
Table 'Wetherill II' 2-max Seat #2 is the button
Seat 1: Mendeman ($74.74 in chips)
Seat 2: punkrott ($101.94 in chips)
punkrott: posts small blind $1
Mendeman: posts big blind $3
*** HOLE CARDS ***
punkrott: raises $3 to $6
Mendeman: raises $3 to $9
punkrott: calls $3
*** FLOP *** [Th 7c 4c]
Mendeman: bets $3
punkrott: calls $3
*** TURN *** [Th 7c 4c] [Ad]
Mendeman: bets $6
punkrott: calls $6
*** RIVER *** [Th 7c 4c Ad] [Qd]
Mendeman: bets $6
punkrott: raises $6 to $12
Mendeman: calls $6
*** SHOW DOWN ***
punkrott: shows [Ks Jh] (a straight, Ten to Ace)
Mendeman: mucks hand
punkrott collected $59.50 from pot
*** SUMMARY ***
Total pot $60 | Rake $0.50
Board [Th 7c 4c Ad Qd]
Seat 1: Mendeman (big blind) mucked
Seat 2: punkrott (button) (small blind) showed [Ks Jh] and won ($59.50) with a straight, Ten to Ace


PokerStars Hand #146448918436:  Hold'em Limit ($3/$6 USD) - 2016/01/04 9:38:48 ET
Table 'Wetherill II' 2-max Seat #2 is the button
Seat 1: Mendeman ($26.74 in chips)
Seat 2: punkrott ($148.94 in chips)
punkrott: posts small blind $1
Mendeman: posts big blind $3
*** HOLE CARDS ***
punkrott: raises $3 to $6
Mendeman: raises $3 to $9
punkrott: calls $3
*** FLOP *** [5d 3s 2c]
Mendeman: bets $3
punkrott: calls $3
*** TURN *** [5d 3s 2c] [Ah]
Mendeman: bets $6
punkrott: raises $6 to $12
Mendeman: calls $6
*** RIVER *** [5d 3s 2c Ah] [Ad]
Mendeman: checks
punkrott: bets $6
Mendeman: calls $2.74 and is all-in
Uncalled bet ($3.26) returned to punkrott
*** SHOW DOWN ***
punkrott: shows [4h As] (a straight, Ace to Five)
Mendeman: shows [6h Th] (a pair of Aces)
punkrott collected $52.98 from pot
*** SUMMARY ***
Total pot $53.48 | Rake $0.50
Board [5d 3s 2c Ah Ad]
Seat 1: Mendeman (big blind) showed [6h Th] and lost with a pair of Aces
Seat 2: punkrott (button) (small blind) showed [4h As] and won ($52.98) with a straight, Ace to Five


PokerStars Hand #146449001310:  Hold'em Limit ($3/$6 USD) - 2016/01/04 9:40:45 ET
Table 'Wetherill II' 2-max Seat #1 is the button
Seat 1: Mendeman ($115 in chips)
Seat 2: punkrott ($179.94 in chips)
Mendeman: posts small blind $1
punkrott: posts big blind $3
*** HOLE CARDS ***
Mendeman: raises $3 to $6
punkrott: folds
Uncalled bet ($3) returned to Mendeman
Mendeman collected $6 from pot
Mendeman: doesn't show hand
*** SUMMARY ***
Total pot $6 | Rake $0
Seat 1: Mendeman (button) (small blind) collected ($6)
Seat 2: punkrott (big blind) folded before Flop


PokerStars Hand #146449000159:  Hold'em Limit ($3/$6 USD) - 2016/01/04 9:40:40 ET
Table 'Wetherill II' 2-max Seat #2 is the button
Seat 1: Mendeman ($114 in chips)
Seat 2: punkrott ($180.94 in chips)
punkrott: posts small blind $1
Mendeman: posts big blind $3
*** HOLE CARDS ***
punkrott: folds
Uncalled bet ($2) returned to Mendeman
Mendeman collected $2 from pot
Mendeman: doesn't show hand
*** SUMMARY ***
Total pot $2 | Rake $0
Seat 1: Mendeman (big blind) collected ($2)
Seat 2: punkrott (button) (small blind) folded before Flop


PokerStars Hand #146448989740:  Hold'em Limit ($3/$6 USD) - 2016/01/04 9:40:29 ET
Table 'Wetherill II' 2-max Seat #1 is the button
Seat 1: Mendeman ($120 in chips)
Seat 2: punkrott ($175.18 in chips)
Mendeman: posts small blind $1
punkrott: posts big blind $3
*** HOLE CARDS ***
Mendeman: calls $2
punkrott: raises $3 to $6
Mendeman: calls $3
*** FLOP *** [7c Tc 4c]
punkrott: bets $3
Mendeman: folds
Uncalled bet ($3) returned to punkrott
punkrott collected $11.76 from pot
punkrott: doesn't show hand
*** SUMMARY ***
Total pot $12 | Rake $0.24
Board [7c Tc 4c]
Seat 1: Mendeman (button) (small blind) folded on the Flop
Seat 2: punkrott (big blind) collected ($11.76)


PokerStars Hand #146448986108:  Hold'em Limit ($3/$6 USD) - 2016/01/04 9:40:24 ET
Table 'Wetherill II' 2-max Seat #2 is the button
Seat 1: Mendeman ($119 in chips)
Seat 2: punkrott ($176.18 in chips)
punkrott: posts small blind $1
Mendeman: posts big blind $3
*** HOLE CARDS ***
punkrott: folds
Uncalled bet ($2) returned to Mendeman
Mendeman collected $2 from pot
Mendeman: doesn't show hand
*** SUMMARY ***
Total pot $2 | Rake $0
Seat 1: Mendeman (big blind) collected ($2)
Seat 2: punkrott (button) (small blind) folded before Flop


PokerStars Hand #146449007630:  Hold'em Limit ($3/$6 USD) - 2016/01/04 9:40:51 ET
Table 'Wetherill II' 2-max Seat #2 is the button
Seat 1: Mendeman ($118 in chips)
Seat 2: punkrott ($176.94 in chips)
punkrott: posts small blind $1
Mendeman: posts big blind $3
*** HOLE CARDS ***
punkrott: raises $3 to $6
Mendeman: calls $3
*** FLOP *** [Kh 5d 4c]
Mendeman: checks
punkrott: bets $3
Mendeman: calls $3
*** TURN *** [Kh 5d 4c] [8h]
Mendeman: checks
punkrott: checks
*** RIVER *** [Kh 5d 4c 8h] [5h]
Mendeman: bets $6
punkrott: raises $6 to $12
Mendeman: calls $6
*** SHOW DOWN ***
punkrott: shows [7h Ah] (a flush, Ace high)
Mendeman: mucks hand
punkrott collected $41.50 from pot
*** SUMMARY ***
Total pot $42 | Rake $0.50
Board [Kh 5d 4c 8h 5h]
Seat 1: Mendeman (big blind) mucked
Seat 2: punkrott (button) (small blind) showed [7h Ah] and won ($41.50) with a flush, Ace high


PokerStars Hand #146449041777:  Hold'em Limit ($3/$6 USD) - 2016/01/04 9:41:36 ET
Table 'Wetherill II' 2-max Seat #1 is the button
Seat 1: Mendeman ($108.50 in chips)
Seat 2: punkrott ($185.44 in chips)
Mendeman: posts small blind $1
punkrott: posts big blind $3
*** HOLE CARDS ***
Mendeman: calls $2
punkrott: raises $3 to $6
Mendeman: calls $3
*** FLOP *** [Ah 8h 7c]
punkrott: bets $3
Mendeman: calls $3
*** TURN *** [Ah 8h 7c] [2c]
punkrott: bets $6
Mendeman: calls $6
*** RIVER *** [Ah 8h 7c 2c] [6c]
punkrott: bets $6
Mendeman: calls $6
*** SHOW DOWN ***
punkrott: shows [7s 8d] (two pair, Eights and Sevens)
Mendeman: mucks hand
punkrott collected $41.50 from pot
*** SUMMARY ***
Total pot $42 | Rake $0.50
Board [Ah 8h 7c 2c 6c]
Seat 1: Mendeman (button) (small blind) mucked
Seat 2: punkrott (big blind) showed [7s 8d] and won ($41.50) with two pair, Eights and Sevens


PokerStars Hand #146449037926:  Hold'em Limit ($3/$6 USD) - 2016/01/04 9:41:30 ET
Table 'Wetherill II' 2-max Seat #2 is the button
Seat 1: Mendeman ($111.50 in chips)
Seat 2: punkrott ($182.44 in chips)
punkrott: posts small blind $1
Mendeman: posts big blind $3
*** HOLE CARDS ***
punkrott: raises $3 to $6
Mendeman: folds
Uncalled bet ($3) returned to punkrott
punkrott collected $6 from pot
punkrott: doesn't show hand
*** SUMMARY ***
Total pot $6 | Rake $0
Seat 1: Mendeman (big blind) folded before Flop
Seat 2: punkrott (button) (small blind) collected ($6)


PokerStars Hand #146449020835:  Hold'em Limit ($3/$6 USD) - 2016/01/04 9:41:08 ET
Table 'Wetherill II' 2-max Seat #1 is the button
Seat 1: Mendeman ($97 in chips)
Seat 2: punkrott ($197.44 in chips)
Mendeman: posts small blind $1
punkrott: posts big blind $3
*** HOLE CARDS ***
Mendeman: raises $3 to $6
punkrott: calls $3
*** FLOP *** [6s Qh 3s]
punkrott: checks
Mendeman: bets $3
punkrott: calls $3
*** TURN *** [6s Qh 3s] [3d]
punkrott: checks
Mendeman: bets $6
punkrott: calls $6
*** RIVER *** [6s Qh 3s 3d] [Td]
punkrott: checks
Mendeman: bets $6
punkrott: folds
Uncalled bet ($6) returned to Mendeman
Mendeman collected $29.50 from pot
Mendeman: doesn't show hand
*** SUMMARY ***
Total pot $30 | Rake $0.50
Board [6s Qh 3s 3d Td]
Seat 1: Mendeman (button) (small blind) collected ($29.50)
Seat 2: punkrott (big blind) folded on the River


PokerStars Hand #146449067963:  Hold'em Limit ($3/$6 USD) - 2016/01/04 9:42:11 ET
Table 'Wetherill II' 2-max Seat #1 is the button
Seat 1: Mendeman ($63.50 in chips)
Seat 2: punkrott ($229.44 in chips)
Mendeman: posts small blind $1
punkrott: posts big blind $3
*** HOLE CARDS ***
Mendeman: folds
Uncalled bet ($2) returned to punkrott
punkrott collected $2 from pot
punkrott: doesn't show hand
*** SUMMARY ***
Total pot $2 | Rake $0
Seat 1: Mendeman (button) (small blind) folded before Flop
Seat 2: punkrott (big blind) collected ($2)


PokerStars Hand #146449054478:  Hold'em Limit ($3/$6 USD) - 2016/01/04 9:41:52 ET
Table 'Wetherill II' 2-max Seat #2 is the button
Seat 1: Mendeman ($87.50 in chips)
Seat 2: punkrott ($205.94 in chips)
punkrott: posts small blind $1
Mendeman: posts big blind $3
*** HOLE CARDS ***
punkrott: raises $3 to $6
Mendeman: raises $3 to $9
punkrott: calls $3
*** FLOP *** [7s Ac 7c]
Mendeman: bets $3
punkrott: calls $3
*** TURN *** [7s Ac 7c] [9h]
Mendeman: bets $6
punkrott: raises $6 to $12
Mendeman: calls $6
*** RIVER *** [7s Ac 7c 9h] [Kc]
Mendeman: checks
punkrott: bets $6
Mendeman: folds
Uncalled bet ($6) returned to punkrott
punkrott collected $47.50 from pot
punkrott: doesn't show hand
*** SUMMARY ***
Total pot $48 | Rake $0.50
Board [7s Ac 7c 9h Kc]
Seat 1: Mendeman (big blind) folded on the River
Seat 2: punkrott (button) (small blind) collected ($47.50)


PokerStars Hand #146449099990:  Hold'em Limit ($3/$6 USD) - 2016/01/04 9:42:59 ET
Table 'Wetherill II' 2-max Seat #2 is the button
Seat 1: Mendeman ($17.50 in chips)
Seat 2: punkrott ($274.44 in chips)
punkrott: posts small blind $1
Mendeman: posts big blind $3
*** HOLE CARDS ***
punkrott: raises $3 to $6
Mendeman: raises $3 to $9
punkrott: raises $3 to $12
Betting is capped
Mendeman: calls $3
*** FLOP *** [8s 4s 4c]
Mendeman: bets $3
punkrott: raises $3 to $6
Mendeman: calls $2.50 and is all-in
Uncalled bet ($0.50) returned to punkrott
*** TURN *** [8s 4s 4c] [Ks]
*** RIVER *** [8s 4s 4c Ks] [4d]
*** SHOW DOWN ***
Mendeman: shows [6s As] (a flush, Ace high)
punkrott: shows [Ad 5c] (three of a kind, Fours)
Mendeman collected $34.50 from pot
*** SUMMARY ***
Total pot $35 | Rake $0.50
Board [8s 4s 4c Ks 4d]
Seat 1: Mendeman (big blind) showed [6s As] and won ($34.50) with a flush, Ace high
Seat 2: punkrott (button) (small blind) showed [Ad 5c] and lost with three of a kind, Fours


PokerStars Hand #146449097869:  Hold'em Limit ($3/$6 USD) - 2016/01/04 9:42:53 ET
Table 'Wetherill II' 2-max Seat #1 is the button
Seat 1: Mendeman ($14.50 in chips)
Seat 2: punkrott ($277.44 in chips)
Mendeman: posts small blind $1
punkrott: posts big blind $3
*** HOLE CARDS ***
Mendeman: raises $3 to $6
punkrott: folds
Uncalled bet ($3) returned to Mendeman
Mendeman collected $6 from pot
Mendeman: doesn't show hand
*** SUMMARY ***
Total pot $6 | Rake $0
Seat 1: Mendeman (button) (small blind) collected ($6)
Seat 2: punkrott (big blind) folded before Flop


PokerStars Hand #146449085030:  Hold'em Limit ($3/$6 USD) - 2016/01/04 9:42:39 ET
Table 'Wetherill II' 2-max Seat #2 is the button
Seat 1: Mendeman ($32.50 in chips)
Seat 2: punkrott ($259.94 in chips)
punkrott: posts small blind $1
Mendeman: posts big blind $3
*** HOLE CARDS ***
punkrott: raises $3 to $6
Mendeman: raises $3 to $9
punkrott: calls $3
*** FLOP *** [6s Qd 2d]
Mendeman: bets $3
punkrott: calls $3
*** TURN *** [6s Qd 2d] [3h]
Mendeman: bets $6
punkrott: raises $6 to $12
Mendeman: folds
Uncalled bet ($6) returned to punkrott
punkrott collected $35.50 from pot
punkrott: doesn't show hand
*** SUMMARY ***
Total pot $36 | Rake $0.50
Board [6s Qd 2d 3h]
Seat 1: Mendeman (big blind) folded on the Turn
Seat 2: punkrott (button) (small blind) collected ($35.50)


PokerStars Hand #146449075952:  Hold'em Limit ($3/$6 USD) - 2016/01/04 9:42:22 ET
Table 'Wetherill II' 2-max Seat #1 is the button
Seat 1: Mendeman ($59.50 in chips)
Seat 2: punkrott ($233.44 in chips)
Mendeman: posts small blind $1
punkrott: posts big blind $3
*** HOLE CARDS ***
Mendeman: raises $3 to $6
punkrott: calls $3
*** FLOP *** [2h 3d As]
punkrott: checks
Mendeman: bets $3
punkrott: calls $3
*** TURN *** [2h 3d As] [6h]
punkrott: checks
Mendeman: bets $6
punkrott: calls $6
*** RIVER *** [2h 3d As 6h] [6c]
punkrott: checks
Mendeman: bets $6
punkrott: raises $6 to $12
Mendeman: calls $6
*** SHOW DOWN ***
punkrott: shows [Kc 6s] (three of a kind, Sixes)
Mendeman: mucks hand
punkrott collected $53.50 from pot
*** SUMMARY ***
Total pot $54 | Rake $0.50
Board [2h 3d As 6h 6c]
Seat 1: Mendeman (button) (small blind) mucked
Seat 2: punkrott (big blind) showed [Kc 6s] and won ($53.50) with three of a kind, Sixes


PokerStars Hand #146449070625:  Hold'em Limit ($3/$6 USD) - 2016/01/04 9:42:16 ET
Table 'Wetherill II' 2-max Seat #2 is the button
Seat 1: Mendeman ($62.50 in chips)
Seat 2: punkrott ($230.44 in chips)
punkrott: posts small blind $1
Mendeman: posts big blind $3
*** HOLE CARDS ***
punkrott: raises $3 to $6
Mendeman: folds
Uncalled bet ($3) returned to punkrott
punkrott collected $6 from pot
punkrott: doesn't show hand
*** SUMMARY ***
Total pot $6 | Rake $0
Seat 1: Mendeman (big blind) folded before Flop
Seat 2: punkrott (button) (small blind) collected ($6)


PokerStars Hand #146449143139:  Hold'em Limit ($3/$6 USD) - 2016/01/04 9:43:58 ET
Table 'Wetherill II' 2-max Seat #2 is the button
Seat 1: Mendeman ($65.52 in chips)
Seat 2: punkrott ($224.94 in chips)
punkrott: posts small blind $1
Mendeman: posts big blind $3
*** HOLE CARDS ***
punkrott: raises $3 to $6
Mendeman: raises $3 to $9
punkrott: calls $3
*** FLOP *** [Ac Td As]
Mendeman: bets $3
punkrott: calls $3
*** TURN *** [Ac Td As] [5s]
Mendeman: bets $6
punkrott: calls $6
*** RIVER *** [Ac Td As 5s] [5d]
Mendeman: bets $6
punkrott: folds
Uncalled bet ($6) returned to Mendeman
Mendeman collected $35.50 from pot
Mendeman: doesn't show hand
*** SUMMARY ***
Total pot $36 | Rake $0.50
Board [Ac Td As 5s 5d]
Seat 1: Mendeman (big blind) collected ($35.50)
Seat 2: punkrott (button) (small blind) folded on the River


PokerStars Hand #146449131725:  Hold'em Limit ($3/$6 USD) - 2016/01/04 9:43:44 ET
Table 'Wetherill II' 2-max Seat #1 is the button
Seat 1: Mendeman ($54 in chips)
Seat 2: punkrott ($236.94 in chips)
Mendeman: posts small blind $1
punkrott: posts big blind $3
*** HOLE CARDS ***
Mendeman: raises $3 to $6
punkrott: calls $3
*** FLOP *** [Qh 7d 7s]
punkrott: checks
Mendeman: checks
*** TURN *** [Qh 7d 7s] [4c]
punkrott: bets $6
Mendeman: calls $6
*** RIVER *** [Qh 7d 7s 4c] [5h]
punkrott: checks
Mendeman: checks
*** SHOW DOWN ***
punkrott: shows [Tc Js] (a pair of Sevens)
Mendeman: shows [5d Jd] (two pair, Sevens and Fives)
Mendeman collected $23.52 from pot
*** SUMMARY ***
Total pot $24 | Rake $0.48
Board [Qh 7d 7s 4c 5h]
Seat 1: Mendeman (button) (small blind) showed [5d Jd] and won ($23.52) with two pair, Sevens and Fives
Seat 2: punkrott (big blind) showed [Tc Js] and lost with a pair of Sevens


PokerStars Hand #146449116083:  Hold'em Limit ($3/$6 USD) - 2016/01/04 9:43:23 ET
Table 'Wetherill II' 2-max Seat #2 is the button
Seat 1: Mendeman ($33.50 in chips)
Seat 2: punkrott ($257.94 in chips)
punkrott: posts small blind $1
Mendeman: posts big blind $3
*** HOLE CARDS ***
punkrott: raises $3 to $6
Mendeman: calls $3
*** FLOP *** [9d Td 4h]
Mendeman: bets $3
punkrott: calls $3
*** TURN *** [9d Td 4h] [Qd]
Mendeman: bets $6
punkrott: calls $6
*** RIVER *** [9d Td 4h Qd] [Ac]
Mendeman: checks
punkrott: bets $6
Mendeman: calls $6
*** SHOW DOWN ***
punkrott: shows [7s 6d] (high card Ace)
Mendeman: shows [8s Tc] (a pair of Tens)
Mendeman collected $41.50 from pot
*** SUMMARY ***
Total pot $42 | Rake $0.50
Board [9d Td 4h Qd Ac]
Seat 1: Mendeman (big blind) showed [8s Tc] and won ($41.50) with a pair of Tens
Seat 2: punkrott (button) (small blind) showed [7s 6d] and lost with high card Ace


PokerStars Hand #146449189845:  Hold'em Limit ($3/$6 USD) - 2016/01/04 9:45:02 ET
Table 'Wetherill II' 2-max Seat #2 is the button
Seat 1: Mendeman ($130.02 in chips)
Seat 2: punkrott ($158.94 in chips)
punkrott: posts small blind $1
Mendeman: posts big blind $3
*** HOLE CARDS ***
punkrott: raises $3 to $6
Mendeman: folds
Uncalled bet ($3) returned to punkrott
punkrott collected $6 from pot
punkrott: doesn't show hand
*** SUMMARY ***
Total pot $6 | Rake $0
Seat 1: Mendeman (big blind) folded before Flop
Seat 2: punkrott (button) (small blind) collected ($6)


PokerStars Hand #146449185260:  Hold'em Limit ($3/$6 USD) - 2016/01/04 9:44:56 ET
Table 'Wetherill II' 2-max Seat #1 is the button
Seat 1: Mendeman ($127.02 in chips)
Seat 2: punkrott ($161.94 in chips)
Mendeman: posts small blind $1
punkrott: posts big blind $3
*** HOLE CARDS ***
Mendeman: raises $3 to $6
punkrott: folds
Uncalled bet ($3) returned to Mendeman
Mendeman collected $6 from pot
Mendeman: doesn't show hand
*** SUMMARY ***
Total pot $6 | Rake $0
Seat 1: Mendeman (button) (small blind) collected ($6)
Seat 2: punkrott (big blind) folded before Flop


PokerStars Hand #146449174329:  Hold'em Limit ($3/$6 USD) - 2016/01/04 9:44:41 ET
Table 'Wetherill II' 2-max Seat #2 is the button
Seat 1: Mendeman ($103.52 in chips)
Seat 2: punkrott ($185.94 in chips)
punkrott: posts small blind $1
Mendeman: posts big blind $3
*** HOLE CARDS ***
punkrott: raises $3 to $6
Mendeman: raises $3 to $9
punkrott: calls $3
*** FLOP *** [2s Qh Ks]
Mendeman: bets $3
punkrott: calls $3
*** TURN *** [2s Qh Ks] [7d]
Mendeman: bets $6
punkrott: calls $6
*** RIVER *** [2s Qh Ks 7d] [9d]
Mendeman: bets $6
punkrott: calls $6
*** SHOW DOWN ***
Mendeman: shows [Th Td] (a pair of Tens)
punkrott: mucks hand
Mendeman collected $47.50 from pot
*** SUMMARY ***
Total pot $48 | Rake $0.50
Board [2s Qh Ks 7d 9d]
Seat 1: Mendeman (big blind) showed [Th Td] and won ($47.50) with a pair of Tens
Seat 2: punkrott (button) (small blind) mucked


PokerStars Hand #146449167902:  Hold'em Limit ($3/$6 USD) - 2016/01/04 9:44:31 ET
Table 'Wetherill II' 2-max Seat #2 is the button
Seat 1: Mendeman ($103.52 in chips)
Seat 2: punkrott ($185.94 in chips)
punkrott: posts small blind $1
Mendeman: posts big blind $3
*** HOLE CARDS ***
punkrott: folds
Uncalled bet ($2) returned to Mendeman
Mendeman collected $2 from pot
Mendeman: doesn't show hand
*** SUMMARY ***
Total pot $2 | Rake $0
Seat 1: Mendeman (big blind) collected ($2)
Seat 2: punkrott (button) (small blind) folded before Flop


PokerStars Hand #146449156222:  Hold'em Limit ($3/$6 USD) - 2016/01/04 9:44:16 ET
Table 'Wetherill II' 2-max Seat #1 is the button
Seat 1: Mendeman ($83.02 in chips)
Seat 2: punkrott ($206.94 in chips)
Mendeman: posts small blind $1
punkrott: posts big blind $3
*** HOLE CARDS ***
Mendeman: calls $2
punkrott: raises $3 to $6
Mendeman: calls $3
*** FLOP *** [Kc 9h 5c]
punkrott: bets $3
Mendeman: calls $3
*** TURN *** [Kc 9h 5c] [Js]
punkrott: bets $6
Mendeman: calls $6
*** RIVER *** [Kc 9h 5c Js] [8s]
punkrott: checks
Mendeman: bets $6
punkrott: calls $6
*** SHOW DOWN ***
Mendeman: shows [9s 8c] (two pair, Nines and Eights)
punkrott: mucks hand
Mendeman collected $41.50 from pot
*** SUMMARY ***
Total pot $42 | Rake $0.50
Board [Kc 9h 5c Js 8s]
Seat 1: Mendeman (button) (small blind) showed [9s 8c] and won ($41.50) with two pair, Nines and Eights
Seat 2: punkrott (big blind) mucked


PokerStars Hand #146449229214:  Hold'em Limit ($3/$6 USD) - 2016/01/04 9:45:57 ET
Table 'Wetherill II' 2-max Seat #2 is the button
Seat 1: Mendeman ($120.66 in chips)
Seat 2: punkrott ($167.34 in chips)
punkrott: posts small blind $1
Mendeman: posts big blind $3
*** HOLE CARDS ***
punkrott: raises $3 to $6
Mendeman: calls $3
*** FLOP *** [2d 5s 2s]
Mendeman: bets $3
punkrott: calls $3
*** TURN *** [2d 5s 2s] [8h]
Mendeman: bets $6
punkrott: raises $6 to $12
Mendeman: calls $6
*** RIVER *** [2d 5s 2s 8h] [Jc]
Mendeman: checks
punkrott: bets $6
Mendeman: calls $6
*** SHOW DOWN ***
punkrott: shows [2h Kh] (three of a kind, Deuces)
Mendeman: mucks hand
punkrott collected $53.50 from pot
*** SUMMARY ***
Total pot $54 | Rake $0.50
Board [2d 5s 2s 8h Jc]
Seat 1: Mendeman (big blind) mucked
Seat 2: punkrott (button) (small blind) showed [2h Kh] and won ($53.50) with three of a kind, Deuces


PokerStars Hand #146449225647:  Hold'em Limit ($3/$6 USD) - 2016/01/04 9:45:50 ET
Table 'Wetherill II' 2-max Seat #1 is the button
Seat 1: Mendeman ($121.66 in chips)
Seat 2: punkrott ($166.34 in chips)
Mendeman: posts small blind $1
punkrott: posts big blind $3
*** HOLE CARDS ***
Mendeman: folds
Uncalled bet ($2) returned to punkrott
punkrott collected $2 from pot
punkrott: doesn't show hand
*** SUMMARY ***
Total pot $2 | Rake $0
Seat 1: Mendeman (button) (small blind) folded before Flop
Seat 2: punkrott (big blind) collected ($2)


PokerStars Hand #146449222200:  Hold'em Limit ($3/$6 USD) - 2016/01/04 9:45:46 ET
Table 'Wetherill II' 2-max Seat #2 is the button
Seat 1: Mendeman ($120.66 in chips)
Seat 2: punkrott ($167.34 in chips)
punkrott: posts small blind $1
Mendeman: posts big blind $3
*** HOLE CARDS ***
punkrott: folds
Uncalled bet ($2) returned to Mendeman
Mendeman collected $2 from pot
Mendeman: doesn't show hand
*** SUMMARY ***
Total pot $2 | Rake $0
Seat 1: Mendeman (big blind) collected ($2)
Seat 2: punkrott (button) (small blind) folded before Flop


PokerStars Hand #146449213398:  Hold'em Limit ($3/$6 USD) - 2016/01/04 9:45:34 ET
Table 'Wetherill II' 2-max Seat #1 is the button
Seat 1: Mendeman ($112.02 in chips)
Seat 2: punkrott ($176.34 in chips)
Mendeman: posts small blind $1
punkrott: posts big blind $3
*** HOLE CARDS ***
Mendeman: raises $3 to $6
punkrott: calls $3
*** FLOP *** [Js 4h 6s]
punkrott: checks
Mendeman: bets $3
punkrott: calls $3
*** TURN *** [Js 4h 6s] [2d]
punkrott: checks
Mendeman: bets $6
punkrott: folds
Uncalled bet ($6) returned to Mendeman
Mendeman collected $17.64 from pot
Mendeman: doesn't show hand
*** SUMMARY ***
Total pot $18 | Rake $0.36
Board [Js 4h 6s 2d]
Seat 1: Mendeman (button) (small blind) collected ($17.64)
Seat 2: punkrott (big blind) folded on the Turn


PokerStars Hand #146449206315:  Hold'em Limit ($3/$6 USD) - 2016/01/04 9:45:24 ET
Table 'Wetherill II' 2-max Seat #2 is the button
Seat 1: Mendeman ($118.02 in chips)
Seat 2: punkrott ($170.58 in chips)
punkrott: posts small blind $1
Mendeman: posts big blind $3
*** HOLE CARDS ***
punkrott: raises $3 to $6
Mendeman: calls $3
*** FLOP *** [Qs Ts Td]
Mendeman: checks
punkrott: bets $3
Mendeman: folds
Uncalled bet ($3) returned to punkrott
punkrott collected $11.76 from pot
punkrott: doesn't show hand
*** SUMMARY ***
Total pot $12 | Rake $0.24
Board [Qs Ts Td]
Seat 1: Mendeman (big blind) folded on the Flop
Seat 2: punkrott (button) (small blind) collected ($11.76)


PokerStars Hand #146449195197:  Hold'em Limit ($3/$6 USD) - 2016/01/04 9:45:09 ET
Table 'Wetherill II' 2-max Seat #1 is the button
Seat 1: Mendeman ($127.02 in chips)
Seat 2: punkrott ($161.94 in chips)
Mendeman: posts small blind $1
punkrott: posts big blind $3
*** HOLE CARDS ***
Mendeman: calls $2
punkrott: checks
*** FLOP *** [Tc 8d 4h]
punkrott: checks
Mendeman: checks
*** TURN *** [Tc 8d 4h] [Jh]
punkrott: bets $6
Mendeman: calls $6
*** RIVER *** [Tc 8d 4h Jh] [Ad]
punkrott: bets $6
Mendeman: folds
Uncalled bet ($6) returned to punkrott
punkrott collected $17.64 from pot
punkrott: doesn't show hand
*** SUMMARY ***
Total pot $18 | Rake $0.36
Board [Tc 8d 4h Jh Ad]
Seat 1: Mendeman (button) (small blind) folded on the River
Seat 2: punkrott (big blind) collected ($17.64)


PokerStars Hand #146449274613:  Hold'em Limit ($3/$6 USD) - 2016/01/04 9:46:59 ET
Table 'Wetherill II' 2-max Seat #2 is the button
Seat 1: Mendeman ($54.30 in chips)
Seat 2: punkrott ($231.84 in chips)
punkrott: posts small blind $1
Mendeman: posts big blind $3
*** HOLE CARDS ***
punkrott: raises $3 to $6
Mendeman: raises $3 to $9
punkrott: calls $3
*** FLOP *** [Qs 2h Th]
Mendeman: bets $3
punkrott: folds
Uncalled bet ($3) returned to Mendeman
Mendeman collected $17.64 from pot
Mendeman: doesn't show hand
*** SUMMARY ***
Total pot $18 | Rake $0.36
Board [Qs 2h Th]
Seat 1: Mendeman (big blind) collected ($17.64)
Seat 2: punkrott (button) (small blind) folded on the Flop


PokerStars Hand #146449265478:  Hold'em Limit ($3/$6 USD) - 2016/01/04 9:46:44 ET
Table 'Wetherill II' 2-max Seat #1 is the button
Seat 1: Mendeman ($75.30 in chips)
Seat 2: punkrott ($211.34 in chips)
Mendeman: posts small blind $1
punkrott: posts big blind $3
*** HOLE CARDS ***
Mendeman: raises $3 to $6
punkrott: calls $3
*** FLOP *** [7s 5h Qc]
punkrott: checks
Mendeman: bets $3
punkrott: calls $3
*** TURN *** [7s 5h Qc] [5s]
punkrott: checks
Mendeman: bets $6
punkrott: calls $6
*** RIVER *** [7s 5h Qc 5s] [2c]
punkrott: checks
Mendeman: bets $6
punkrott: calls $6
*** SHOW DOWN ***
Mendeman: shows [Js 9s] (a pair of Fives)
punkrott: shows [6c As] (a pair of Fives - Ace kicker)
punkrott collected $41.50 from pot
*** SUMMARY ***
Total pot $42 | Rake $0.50
Board [7s 5h Qc 5s 2c]
Seat 1: Mendeman (button) (small blind) showed [Js 9s] and lost with a pair of Fives
Seat 2: punkrott (big blind) showed [6c As] and won ($41.50) with a pair of Fives


PokerStars Hand #146449257818:  Hold'em Limit ($3/$6 USD) - 2016/01/04 9:46:34 ET
Table 'Wetherill II' 2-max Seat #2 is the button
Seat 1: Mendeman ($66.66 in chips)
Seat 2: punkrott ($220.34 in chips)
punkrott: posts small blind $1
Mendeman: posts big blind $3
*** HOLE CARDS ***
punkrott: raises $3 to $6
Mendeman: raises $3 to $9
punkrott: calls $3
*** FLOP *** [Ts 2s Ks]
Mendeman: bets $3
punkrott: folds
Uncalled bet ($3) returned to Mendeman
Mendeman collected $17.64 from pot
Mendeman: doesn't show hand
*** SUMMARY ***
Total pot $18 | Rake $0.36
Board [Ts 2s Ks]
Seat 1: Mendeman (big blind) collected ($17.64)
Seat 2: punkrott (button) (small blind) folded on the Flop


PokerStars Hand #146449244320:  Hold'em Limit ($3/$6 USD) - 2016/01/04 9:46:17 ET
Table 'Wetherill II' 2-max Seat #1 is the button
Seat 1: Mendeman ($93.66 in chips)
Seat 2: punkrott ($193.84 in chips)
Mendeman: posts small blind $1
punkrott: posts big blind $3
*** HOLE CARDS ***
Mendeman: raises $3 to $6
punkrott: calls $3
*** FLOP *** [9h Kd 6c]
punkrott: checks
Mendeman: bets $3
punkrott: calls $3
*** TURN *** [9h Kd 6c] [3d]
punkrott: checks
Mendeman: bets $6
punkrott: calls $6
*** RIVER *** [9h Kd 6c 3d] [6h]
punkrott: checks
Mendeman: bets $6
punkrott: raises $6 to $12
Mendeman: calls $6
*** SHOW DOWN ***
punkrott: shows [6d Ts] (three of a kind, Sixes)
Mendeman: mucks hand
punkrott collected $53.50 from pot
*** SUMMARY ***
Total pot $54 | Rake $0.50
Board [9h Kd 6c 3d 6h]
Seat 1: Mendeman (button) (small blind) mucked
Seat 2: punkrott (big blind) showed [6d Ts] and won ($53.50) with three of a kind, Sixes


PokerStars Hand #146449290867:  Hold'em Limit ($3/$6 USD) - 2016/01/04 9:47:08 ET
Table 'Wetherill II' 2-max Seat #1 is the button
Seat 1: Mendeman ($62.94 in chips)
Seat 2: punkrott ($222.84 in chips)
Mendeman: posts small blind $1
punkrott: posts big blind $3
*** HOLE CARDS ***
Mendeman: folds
Uncalled bet ($2) returned to punkrott
punkrott collected $2 from pot
punkrott: doesn't show hand
*** SUMMARY ***
Total pot $2 | Rake $0
Seat 1: Mendeman (button) (small blind) folded before Flop
Seat 2: punkrott (big blind) collected ($2)


PokerStars Hand #146449307028:  Hold'em Limit ($3/$6 USD) - 2016/01/04 9:47:24 ET
Table 'Wetherill II' 2-max Seat #1 is the button
Seat 1: Mendeman ($70.58 in chips)
Seat 2: punkrott ($214.84 in chips)
Mendeman: posts small blind $1
punkrott: posts big blind $3
*** HOLE CARDS ***
Mendeman: folds
Uncalled bet ($2) returned to punkrott
punkrott collected $2 from pot
punkrott: doesn't show hand
*** SUMMARY ***
Total pot $2 | Rake $0
Seat 1: Mendeman (button) (small blind) folded before Flop
Seat 2: punkrott (big blind) collected ($2)


PokerStars Hand #146449294077:  Hold'em Limit ($3/$6 USD) - 2016/01/04 9:47:14 ET
Table 'Wetherill II' 2-max Seat #2 is the button
Seat 1: Mendeman ($61.94 in chips)
Seat 2: punkrott ($223.84 in chips)
punkrott: posts small blind $1
Mendeman: posts big blind $3
*** HOLE CARDS ***
punkrott: raises $3 to $6
Mendeman: raises $3 to $9
punkrott: calls $3
*** FLOP *** [Jc 8s Ah]
Mendeman: bets $3
punkrott: folds
Uncalled bet ($3) returned to Mendeman
Mendeman collected $17.64 from pot
Mendeman: doesn't show hand
*** SUMMARY ***
Total pot $18 | Rake $0.36
Board [Jc 8s Ah]
Seat 1: Mendeman (big blind) collected ($17.64)
Seat 2: punkrott (button) (small blind) folded on the Flop


PokerStars Hand #146449337599:  Hold'em Limit ($3/$6 USD) - 2016/01/04 9:47:51 ET
Table 'Wetherill II' 2-max Seat #1 is the button
Seat 1: Mendeman ($62.58 in chips)
Seat 2: punkrott ($222.48 in chips)
Mendeman: posts small blind $1
punkrott: posts big blind $3
*** HOLE CARDS ***
Mendeman: raises $3 to $6
punkrott: raises $3 to $9
Mendeman: raises $3 to $12
Betting is capped
punkrott: calls $3
*** FLOP *** [Kd 4h 7c]
punkrott: checks
Mendeman: bets $3
punkrott: calls $3
*** TURN *** [Kd 4h 7c] [9s]
punkrott: checks
Mendeman: bets $6
punkrott: raises $6 to $12
Mendeman: calls $6
*** RIVER *** [Kd 4h 7c 9s] [Kh]
punkrott: bets $6
Mendeman: calls $6
*** SHOW DOWN ***
punkrott: shows [Ks Ac] (three of a kind, Kings)
Mendeman: mucks hand
punkrott collected $65.50 from pot
*** SUMMARY ***
Total pot $66 | Rake $0.50
Board [Kd 4h 7c 9s Kh]
Seat 1: Mendeman (button) (small blind) mucked
Seat 2: punkrott (big blind) showed [Ks Ac] and won ($65.50) with three of a kind, Kings


PokerStars Hand #146449332267:  Hold'em Limit ($3/$6 USD) - 2016/01/04 9:47:47 ET
Table 'Wetherill II' 2-max Seat #2 is the button
Seat 1: Mendeman ($61.58 in chips)
Seat 2: punkrott ($223.48 in chips)
punkrott: posts small blind $1
Mendeman: posts big blind $3
*** HOLE CARDS ***
punkrott: folds
Uncalled bet ($2) returned to Mendeman
Mendeman collected $2 from pot
Mendeman: doesn't show hand
*** SUMMARY ***
Total pot $2 | Rake $0
Seat 1: Mendeman (big blind) collected ($2)
Seat 2: punkrott (button) (small blind) folded before Flop


PokerStars Hand #146449318005:  Hold'em Limit ($3/$6 USD) - 2016/01/04 9:47:34 ET
Table 'Wetherill II' 2-max Seat #1 is the button
Seat 1: Mendeman ($70.58 in chips)
Seat 2: punkrott ($214.84 in chips)
Mendeman: posts small blind $1
punkrott: posts big blind $3
*** HOLE CARDS ***
Mendeman: calls $2
punkrott: raises $3 to $6
Mendeman: calls $3
*** FLOP *** [9c 9h Th]
punkrott: bets $3
Mendeman: calls $3
*** TURN *** [9c 9h Th] [9s]
punkrott: bets $6
Mendeman: folds
Uncalled bet ($6) returned to punkrott
punkrott collected $17.64 from pot
punkrott: doesn't show hand
*** SUMMARY ***
Total pot $18 | Rake $0.36
Board [9c 9h Th 9s]
Seat 1: Mendeman (button) (small blind) folded on the Turn
Seat 2: punkrott (big blind) collected ($17.64)


PokerStars Hand #146449312855:  Hold'em Limit ($3/$6 USD) - 2016/01/04 9:47:29 ET
Table 'Wetherill II' 2-max Seat #2 is the button
Seat 1: Mendeman ($69.58 in chips)
Seat 2: punkrott ($215.84 in chips)
punkrott: posts small blind $1
Mendeman: posts big blind $3
*** HOLE CARDS ***
punkrott: folds
Uncalled bet ($2) returned to Mendeman
Mendeman collected $2 from pot
Mendeman: doesn't show hand
*** SUMMARY ***
Total pot $2 | Rake $0
Seat 1: Mendeman (big blind) collected ($2)
Seat 2: punkrott (button) (small blind) folded before Flop


PokerStars Hand #146449355221:  Hold'em Limit ($3/$6 USD) - 2016/01/04 9:48:09 ET
Table 'Wetherill II' 2-max Seat #2 is the button
Seat 1: Mendeman ($29.58 in chips)
Seat 2: punkrott ($254.98 in chips)
punkrott: posts small blind $1
Mendeman: posts big blind $3
*** HOLE CARDS ***
punkrott: raises $3 to $6
Mendeman: raises $3 to $9
punkrott: calls $3
*** FLOP *** [Kc Qs Kh]
Mendeman: bets $3
punkrott: calls $3
*** TURN *** [Kc Qs Kh] [6c]
Mendeman: bets $6
punkrott: raises $6 to $12
Mendeman: raises $5.58 to $17.58 and is all-in
punkrott: calls $5.58
*** RIVER *** [Kc Qs Kh 6c] [Qd]
*** SHOW DOWN ***
Mendeman: shows [Ah 4h] (two pair, Kings and Queens)
punkrott: shows [Qc 4c] (a full house, Queens full of Kings)
punkrott collected $58.66 from pot
*** SUMMARY ***
Total pot $59.16 | Rake $0.50
Board [Kc Qs Kh 6c Qd]
Seat 1: Mendeman (big blind) showed [Ah 4h] and lost with two pair, Kings and Queens
Seat 2: punkrott (button) (small blind) showed [Qc 4c] and won ($58.66) with a full house, Queens full of Kings


