PokerStars Hand #165369196132:  Hold'em Limit ($3/$6 USD) - 2017/01/29 15:23:59 ET
Table 'Wetherill' 6-max Seat #2 is the button
Seat 2: rascal_319 ($70.20 in chips)
Seat 4: Chessnok ($204.69 in chips)
rascal_319: posts small blind $1
Chessnok: posts big blind $3
*** HOLE CARDS ***
rascal_319: folds
Uncalled bet ($2) returned to Chessnok
Chessnok collected $2 from pot
Chessnok: doesn't show hand
*** SUMMARY ***
Total pot $2 | Rake $0
Seat 2: rascal_319 (button) (small blind) folded before Flop
Seat 4: Chessnok (big blind) collected ($2)


PokerStars Hand #165369164340:  Hold'em Limit ($3/$6 USD) - 2017/01/29 15:23:31 ET
Table 'Wetherill' 6-max Seat #4 is the button
Seat 2: rascal_319 ($70.45 in chips)
Seat 4: Chessnok ($204.94 in chips)
Chessnok: posts small blind $1
niplot: is sitting out
rascal_319: posts big blind $3
*** HOLE CARDS ***
Chessnok: raises $3 to $6
rascal_319: calls $3
*** FLOP *** [Qd 6s 6d]
rascal_319: checks
Chessnok: bets $3
rascal_319: raises $3 to $6
Chessnok: calls $3
*** TURN *** [Qd 6s 6d] [Ks]
rascal_319: bets $6
Chessnok: calls $6
*** RIVER *** [Qd 6s 6d Ks] [8d]
rascal_319: checks
Chessnok: checks
*** SHOW DOWN ***
rascal_319: shows [Ad 2c] (a pair of Sixes)
Chessnok: shows [9d Ac] (a pair of Sixes)
rascal_319 collected $17.75 from pot
Chessnok collected $17.75 from pot
*** SUMMARY ***
Total pot $36 | Rake $0.50
Board [Qd 6s 6d Ks 8d]
Seat 2: rascal_319 (big blind) showed [Ad 2c] and won ($17.75) with a pair of Sixes
Seat 4: Chessnok (button) (small blind) showed [9d Ac] and won ($17.75) with a pair of Sixes


