PokerStars Hand #152554185453:  Hold'em Limit ($3/$6 USD) - 2016/04/28 4:28:35 ET
Table 'Wezen II' 6-max Seat #1 is the button
Seat 1: stasschi ($131.14 in chips)
Seat 4: MTails ($107.16 in chips)
stasschi: posts small blind $1
MTails: posts big blind $3
*** HOLE CARDS ***
stasschi: raises $3 to $6
MTails: calls $3
*** FLOP *** [5d 3h Jd]
MTails: checks
stasschi: bets $3
MTails: calls $3
*** TURN *** [5d 3h Jd] [Ks]
MTails: checks
stasschi: bets $6
MTails: calls $6
*** RIVER *** [5d 3h Jd Ks] [6d]
MTails: checks
stasschi: bets $6
MTails: folds
Uncalled bet ($6) returned to stasschi
stasschi collected $29.50 from pot
*** SUMMARY ***
Total pot $30 | Rake $0.50
Board [5d 3h Jd Ks 6d]
Seat 1: stasschi (button) (small blind) collected ($29.50)
Seat 4: MTails (big blind) folded on the River


PokerStars Hand #152554181450:  Hold'em Limit ($3/$6 USD) - 2016/04/28 4:28:23 ET
Table 'Wezen II' 6-max Seat #4 is the button
Seat 1: stasschi ($122.50 in chips)
Seat 4: MTails ($116.16 in chips)
MTails: posts small blind $1
stasschi: posts big blind $3
*** HOLE CARDS ***
MTails: raises $3 to $6
stasschi: calls $3
*** FLOP *** [Jc 8h 7c]
stasschi: checks
MTails: bets $3
stasschi: raises $3 to $6
MTails: folds
Uncalled bet ($3) returned to stasschi
stasschi collected $17.64 from pot
*** SUMMARY ***
Total pot $18 | Rake $0.36
Board [Jc 8h 7c]
Seat 1: stasschi (big blind) collected ($17.64)
Seat 4: MTails (button) (small blind) folded on the Flop


PokerStars Hand #152554173645:  Hold'em Limit ($3/$6 USD) - 2016/04/28 4:27:59 ET
Table 'Wezen II' 6-max Seat #1 is the button
Seat 1: stasschi ($134.50 in chips)
Seat 4: MTails ($104.64 in chips)
stasschi: posts small blind $1
MTails: posts big blind $3
*** HOLE CARDS ***
stasschi: raises $3 to $6
MTails: raises $3 to $9
stasschi: calls $3
*** FLOP *** [4c Tc As]
MTails: bets $3
stasschi: calls $3
*** TURN *** [4c Tc As] [8h]
MTails: checks
stasschi: checks
*** RIVER *** [4c Tc As 8h] [Jc]
MTails: checks
stasschi: checks
*** SHOW DOWN ***
MTails: shows [Ks 8c] (a pair of Eights)
stasschi: mucks hand
MTails collected $23.52 from pot
*** SUMMARY ***
Total pot $24 | Rake $0.48
Board [4c Tc As 8h Jc]
Seat 1: stasschi (button) (small blind) mucked
Seat 4: MTails (big blind) showed [Ks 8c] and won ($23.52) with a pair of Eights


PokerStars Hand #152554199789:  Hold'em Limit ($3/$6 USD) - 2016/04/28 4:29:21 ET
Table 'Wezen II' 6-max Seat #1 is the button
Seat 1: stasschi ($130.64 in chips)
Seat 4: MTails ($106.66 in chips)
stasschi: posts small blind $1
MTails: posts big blind $3
*** HOLE CARDS ***
stasschi: raises $3 to $6
MTails: calls $3
*** FLOP *** [2c Qs 5s]
MTails: checks
stasschi: bets $3
MTails: calls $3
*** TURN *** [2c Qs 5s] [9c]
MTails: checks
stasschi: bets $6
MTails: calls $6
*** RIVER *** [2c Qs 5s 9c] [Ah]
MTails: checks
stasschi: checks
*** SHOW DOWN ***
MTails: shows [3d Ac] (a pair of Aces)
stasschi: mucks hand
MTails collected $29.50 from pot
*** SUMMARY ***
Total pot $30 | Rake $0.50
Board [2c Qs 5s 9c Ah]
Seat 1: stasschi (button) (small blind) mucked
Seat 4: MTails (big blind) showed [3d Ac] and won ($29.50) with a pair of Aces


PokerStars Hand #152554192225:  Hold'em Limit ($3/$6 USD) - 2016/04/28 4:28:57 ET
Table 'Wezen II' 6-max Seat #4 is the button
Seat 1: stasschi ($145.64 in chips)
Seat 4: MTails ($92.16 in chips)
MTails: posts small blind $1
stasschi: posts big blind $3
*** HOLE CARDS ***
MTails: raises $3 to $6
stasschi: calls $3
*** FLOP *** [5h 2c As]
stasschi: checks
MTails: bets $3
stasschi: calls $3
*** TURN *** [5h 2c As] [7d]
stasschi: checks
MTails: bets $6
stasschi: calls $6
*** RIVER *** [5h 2c As 7d] [6s]
stasschi: checks
MTails: bets $6
stasschi: folds
Uncalled bet ($6) returned to MTails
MTails collected $29.50 from pot
MTails: doesn't show hand
*** SUMMARY ***
Total pot $30 | Rake $0.50
Board [5h 2c As 7d 6s]
Seat 1: stasschi (big blind) folded on the River
Seat 4: MTails (button) (small blind) collected ($29.50)


PokerStars Hand #152554222533:  Hold'em Limit ($3/$6 USD) - 2016/04/28 4:30:32 ET
Table 'Wezen II' 6-max Seat #4 is the button
Seat 1: stasschi ($134.90 in chips)
Seat 4: MTails ($101.16 in chips)
MTails: posts small blind $1
stasschi: posts big blind $3
*** HOLE CARDS ***
MTails: raises $3 to $6
stasschi: calls $3
*** FLOP *** [Ac 6c 9s]
stasschi: checks
MTails: bets $3
stasschi: folds
Uncalled bet ($3) returned to MTails
MTails collected $11.76 from pot
MTails: doesn't show hand
*** SUMMARY ***
Total pot $12 | Rake $0.24
Board [Ac 6c 9s]
Seat 1: stasschi (big blind) folded on the Flop
Seat 4: MTails (button) (small blind) collected ($11.76)


PokerStars Hand #152554219721:  Hold'em Limit ($3/$6 USD) - 2016/04/28 4:30:23 ET
Table 'Wezen II' 6-max Seat #1 is the button
Seat 1: stasschi ($129.14 in chips)
Seat 4: MTails ($107.16 in chips)
stasschi: posts small blind $1
MTails: posts big blind $3
*** HOLE CARDS ***
stasschi: raises $3 to $6
MTails: calls $3
*** FLOP *** [8h Qd Jh]
MTails: checks
stasschi: bets $3
MTails: folds
Uncalled bet ($3) returned to stasschi
stasschi collected $11.76 from pot
*** SUMMARY ***
Total pot $12 | Rake $0.24
Board [8h Qd Jh]
Seat 1: stasschi (button) (small blind) collected ($11.76)
Seat 4: MTails (big blind) folded on the Flop


PokerStars Hand #152554217961:  Hold'em Limit ($3/$6 USD) - 2016/04/28 4:30:17 ET
Table 'Wezen II' 6-max Seat #4 is the button
Seat 1: stasschi ($132.14 in chips)
Seat 4: MTails ($104.16 in chips)
MTails: posts small blind $1
stasschi: posts big blind $3
*** HOLE CARDS ***
MTails: raises $3 to $6
stasschi: folds
Uncalled bet ($3) returned to MTails
MTails collected $6 from pot
MTails: doesn't show hand
*** SUMMARY ***
Total pot $6 | Rake $0
Seat 1: stasschi (big blind) folded before Flop
Seat 4: MTails (button) (small blind) collected ($6)


PokerStars Hand #152554216347:  Hold'em Limit ($3/$6 USD) - 2016/04/28 4:30:12 ET
Table 'Wezen II' 6-max Seat #1 is the button
Seat 1: stasschi ($133.14 in chips)
Seat 4: MTails ($103.16 in chips)
stasschi: posts small blind $1
MTails: posts big blind $3
*** HOLE CARDS ***
stasschi: folds
Uncalled bet ($2) returned to MTails
MTails collected $2 from pot
MTails: doesn't show hand
*** SUMMARY ***
Total pot $2 | Rake $0
Seat 1: stasschi (button) (small blind) folded before Flop
Seat 4: MTails (big blind) collected ($2)


PokerStars Hand #152554212993:  Hold'em Limit ($3/$6 USD) - 2016/04/28 4:30:01 ET
Table 'Wezen II' 6-max Seat #1 is the button
Seat 1: stasschi ($133.14 in chips)
Seat 4: MTails ($103.16 in chips)
stasschi: posts small blind $1
MTails: posts big blind $3
*** HOLE CARDS ***
stasschi: folds
Uncalled bet ($2) returned to MTails
MTails collected $2 from pot
MTails: doesn't show hand
*** SUMMARY ***
Total pot $2 | Rake $0
Seat 1: stasschi (button) (small blind) folded before Flop
Seat 4: MTails (big blind) collected ($2)


PokerStars Hand #152554206184:  Hold'em Limit ($3/$6 USD) - 2016/04/28 4:29:40 ET
Table 'Wezen II' 6-max Seat #4 is the button
Seat 1: stasschi ($115.64 in chips)
Seat 4: MTails ($121.16 in chips)
MTails: posts small blind $1
stasschi: posts big blind $3
*** HOLE CARDS ***
MTails: raises $3 to $6
stasschi: calls $3
*** FLOP *** [3s 8d Kd]
stasschi: checks
MTails: bets $3
stasschi: raises $3 to $6
MTails: calls $3
*** TURN *** [3s 8d Kd] [2c]
stasschi: bets $6
MTails: calls $6
*** RIVER *** [3s 8d Kd 2c] [3d]
stasschi: bets $6
MTails: folds
Uncalled bet ($6) returned to stasschi
stasschi collected $35.50 from pot
*** SUMMARY ***
Total pot $36 | Rake $0.50
Board [3s 8d Kd 2c 3d]
Seat 1: stasschi (big blind) collected ($35.50)
Seat 4: MTails (button) (small blind) folded on the River


PokerStars Hand #152554238695:  Hold'em Limit ($3/$6 USD) - 2016/04/28 4:31:22 ET
Table 'Wezen II' 6-max Seat #1 is the button
Seat 1: stasschi ($172.90 in chips)
Seat 4: MTails ($121.92 in chips)
stasschi: posts small blind $1
MTails: posts big blind $3
*** HOLE CARDS ***
stasschi: raises $3 to $6
MTails: raises $3 to $9
stasschi: calls $3
*** FLOP *** [9h Kh 2s]
MTails: bets $3
stasschi: calls $3
*** TURN *** [9h Kh 2s] [6d]
MTails: bets $6
stasschi: calls $6
*** RIVER *** [9h Kh 2s 6d] [3c]
MTails: checks
stasschi: bets $6
MTails: raises $6 to $12
stasschi: calls $6
*** SHOW DOWN ***
MTails: shows [Ad Ah] (a pair of Aces)
stasschi: mucks hand
MTails collected $59.50 from pot
*** SUMMARY ***
Total pot $60 | Rake $0.50
Board [9h Kh 2s 6d 3c]
Seat 1: stasschi (button) (small blind) mucked
Seat 4: MTails (big blind) showed [Ad Ah] and won ($59.50) with a pair of Aces


PokerStars Hand #152554233073:  Hold'em Limit ($3/$6 USD) - 2016/04/28 4:31:05 ET
Table 'Wezen II' 6-max Seat #4 is the button
Seat 1: stasschi ($158.40 in chips)
Seat 4: MTails ($76.92 in chips)
MTails: posts small blind $1
stasschi: posts big blind $3
*** HOLE CARDS ***
MTails: raises $3 to $6
stasschi: raises $3 to $9
MTails: calls $3
*** FLOP *** [Jh 5s Js]
stasschi: bets $3
MTails: raises $3 to $6
stasschi: calls $3
*** TURN *** [Jh 5s Js] [Tc]
stasschi: checks
MTails: checks
*** RIVER *** [Jh 5s Js Tc] [3c]
stasschi: bets $6
MTails: folds
Uncalled bet ($6) returned to stasschi
stasschi collected $29.50 from pot
*** SUMMARY ***
Total pot $30 | Rake $0.50
Board [Jh 5s Js Tc 3c]
Seat 1: stasschi (big blind) collected ($29.50)
Seat 4: MTails (button) (small blind) folded on the River


PokerStars Hand #152554225699:  Hold'em Limit ($3/$6 USD) - 2016/04/28 4:30:41 ET
Table 'Wezen II' 6-max Seat #1 is the button
Seat 1: stasschi ($128.90 in chips)
Seat 4: MTails ($106.92 in chips)
stasschi: posts small blind $1
MTails: posts big blind $3
*** HOLE CARDS ***
stasschi: raises $3 to $6
MTails: calls $3
*** FLOP *** [4c 9d Qs]
MTails: checks
stasschi: bets $3
MTails: raises $3 to $6
stasschi: calls $3
*** TURN *** [4c 9d Qs] [2h]
MTails: bets $6
stasschi: calls $6
*** RIVER *** [4c 9d Qs 2h] [Ts]
MTails: bets $6
stasschi: raises $6 to $12
MTails: calls $6
*** SHOW DOWN ***
stasschi: shows [4h 4d] (three of a kind, Fours)
MTails: mucks hand
stasschi collected $59.50 from pot
*** SUMMARY ***
Total pot $60 | Rake $0.50
Board [4c 9d Qs 2h Ts]
Seat 1: stasschi (button) (small blind) showed [4h 4d] and won ($59.50) with three of a kind, Fours
Seat 4: MTails (big blind) mucked


PokerStars Hand #152554264642:  Hold'em Limit ($3/$6 USD) - 2016/04/28 4:32:42 ET
Table 'Wezen II' 6-max Seat #1 is the button
Seat 1: stasschi ($85.90 in chips)
Seat 4: MTails ($207.18 in chips)
stasschi: posts small blind $1
MTails: posts big blind $3
*** HOLE CARDS ***
stasschi: folds
Uncalled bet ($2) returned to MTails
MTails collected $2 from pot
MTails: doesn't show hand
*** SUMMARY ***
Total pot $2 | Rake $0
Seat 1: stasschi (button) (small blind) folded before Flop
Seat 4: MTails (big blind) collected ($2)


PokerStars Hand #152554258824:  Hold'em Limit ($3/$6 USD) - 2016/04/28 4:32:24 ET
Table 'Wezen II' 6-max Seat #4 is the button
Seat 1: stasschi ($103.90 in chips)
Seat 4: MTails ($189.68 in chips)
MTails: posts small blind $1
stasschi: posts big blind $3
*** HOLE CARDS ***
MTails: raises $3 to $6
stasschi: raises $3 to $9
MTails: calls $3
*** FLOP *** [9h 3h 3c]
stasschi: bets $3
MTails: calls $3
*** TURN *** [9h 3h 3c] [3d]
stasschi: bets $6
MTails: calls $6
*** RIVER *** [9h 3h 3c 3d] [8c]
stasschi: checks
MTails: checks
*** SHOW DOWN ***
stasschi: shows [2h Kh] (three of a kind, Threes)
MTails: shows [Qh Ks] (three of a kind, Threes - King+Queen kicker)
MTails collected $35.50 from pot
*** SUMMARY ***
Total pot $36 | Rake $0.50
Board [9h 3h 3c 3d 8c]
Seat 1: stasschi (big blind) showed [2h Kh] and lost with three of a kind, Threes
Seat 4: MTails (button) (small blind) showed [Qh Ks] and won ($35.50) with three of a kind, Threes


PokerStars Hand #152554251190:  Hold'em Limit ($3/$6 USD) - 2016/04/28 4:32:01 ET
Table 'Wezen II' 6-max Seat #1 is the button
Seat 1: stasschi ($136.90 in chips)
Seat 4: MTails ($157.18 in chips)
stasschi: posts small blind $1
MTails: posts big blind $3
*** HOLE CARDS ***
stasschi: raises $3 to $6
MTails: raises $3 to $9
stasschi: calls $3
*** FLOP *** [8c 2s 6s]
MTails: bets $3
stasschi: raises $3 to $6
MTails: calls $3
*** TURN *** [8c 2s 6s] [6h]
MTails: checks
stasschi: bets $6
MTails: raises $6 to $12
stasschi: calls $6
*** RIVER *** [8c 2s 6s 6h] [7d]
MTails: bets $6
stasschi: calls $6
*** SHOW DOWN ***
MTails: shows [8h Qc] (two pair, Eights and Sixes)
stasschi: mucks hand
MTails collected $65.50 from pot
*** SUMMARY ***
Total pot $66 | Rake $0.50
Board [8c 2s 6s 6h 7d]
Seat 1: stasschi (button) (small blind) mucked
Seat 4: MTails (big blind) showed [8h Qc] and won ($65.50) with two pair, Eights and Sixes


PokerStars Hand #152554248050:  Hold'em Limit ($3/$6 USD) - 2016/04/28 4:31:51 ET
Table 'Wezen II' 6-max Seat #4 is the button
Seat 1: stasschi ($142.90 in chips)
Seat 4: MTails ($151.42 in chips)
MTails: posts small blind $1
stasschi: posts big blind $3
*** HOLE CARDS ***
MTails: raises $3 to $6
stasschi: calls $3
*** FLOP *** [9h 6c Js]
stasschi: checks
MTails: bets $3
stasschi: folds
Uncalled bet ($3) returned to MTails
MTails collected $11.76 from pot
*** SUMMARY ***
Total pot $12 | Rake $0.24
Board [9h 6c Js]
Seat 1: stasschi (big blind) folded on the Flop
Seat 4: MTails (button) (small blind) collected ($11.76)


PokerStars Hand #152554283212:  Hold'em Limit ($3/$6 USD) - 2016/04/28 4:33:39 ET
Table 'Wezen II' 6-max Seat #4 is the button
Seat 1: stasschi ($87.17 in chips)
Seat 4: MTails ($204.45 in chips)
MTails: posts small blind $1
stasschi: posts big blind $3
*** HOLE CARDS ***
MTails: raises $3 to $6
stasschi: folds
Uncalled bet ($3) returned to MTails
MTails collected $6 from pot
*** SUMMARY ***
Total pot $6 | Rake $0
Seat 1: stasschi (big blind) folded before Flop
Seat 4: MTails (button) (small blind) collected ($6)


PokerStars Hand #152554278664:  Hold'em Limit ($3/$6 USD) - 2016/04/28 4:33:25 ET
Table 'Wezen II' 6-max Seat #1 is the button
Seat 1: stasschi ($87.42 in chips)
Seat 4: MTails ($204.70 in chips)
stasschi: posts small blind $1
MTails: posts big blind $3
*** HOLE CARDS ***
stasschi: raises $3 to $6
MTails: calls $3
*** FLOP *** [5s Ks Jc]
MTails: checks
stasschi: bets $3
MTails: calls $3
*** TURN *** [5s Ks Jc] [Kh]
MTails: checks
stasschi: checks
*** RIVER *** [5s Ks Jc Kh] [5d]
MTails: bets $6
stasschi: calls $6
*** SHOW DOWN ***
MTails: shows [Tc 4c] (two pair, Kings and Fives)
stasschi: shows [Td 9c] (two pair, Kings and Fives)
MTails collected $14.75 from pot
stasschi collected $14.75 from pot
*** SUMMARY ***
Total pot $30 | Rake $0.50
Board [5s Ks Jc Kh 5d]
Seat 1: stasschi (button) (small blind) showed [Td 9c] and won ($14.75) with two pair, Kings and Fives
Seat 4: MTails (big blind) showed [Tc 4c] and won ($14.75) with two pair, Kings and Fives


PokerStars Hand #152554273835:  Hold'em Limit ($3/$6 USD) - 2016/04/28 4:33:10 ET
Table 'Wezen II' 6-max Seat #4 is the button
Seat 1: stasschi ($75.90 in chips)
Seat 4: MTails ($216.70 in chips)
MTails: posts small blind $1
stasschi: posts big blind $3
*** HOLE CARDS ***
MTails: raises $3 to $6
stasschi: calls $3
*** FLOP *** [5c 3s 3c]
stasschi: checks
MTails: bets $3
stasschi: raises $3 to $6
MTails: calls $3
*** TURN *** [5c 3s 3c] [Qd]
stasschi: bets $6
MTails: folds
Uncalled bet ($6) returned to stasschi
stasschi collected $23.52 from pot
*** SUMMARY ***
Total pot $24 | Rake $0.48
Board [5c 3s 3c Qd]
Seat 1: stasschi (big blind) collected ($23.52)
Seat 4: MTails (button) (small blind) folded on the Turn


PokerStars Hand #152554272013:  Hold'em Limit ($3/$6 USD) - 2016/04/28 4:33:05 ET
Table 'Wezen II' 6-max Seat #1 is the button
Seat 1: stasschi ($72.90 in chips)
Seat 4: MTails ($219.70 in chips)
stasschi: posts small blind $1
MTails: posts big blind $3
*** HOLE CARDS ***
stasschi: raises $3 to $6
MTails: folds
Uncalled bet ($3) returned to stasschi
stasschi collected $6 from pot
*** SUMMARY ***
Total pot $6 | Rake $0
Seat 1: stasschi (button) (small blind) collected ($6)
Seat 4: MTails (big blind) folded before Flop


PokerStars Hand #152554266147:  Hold'em Limit ($3/$6 USD) - 2016/04/28 4:32:47 ET
Table 'Wezen II' 6-max Seat #4 is the button
Seat 1: stasschi ($84.90 in chips)
Seat 4: MTails ($208.18 in chips)
MTails: posts small blind $1
stasschi: posts big blind $3
*** HOLE CARDS ***
MTails: raises $3 to $6
stasschi: calls $3
*** FLOP *** [9d Kd 7c]
stasschi: checks
MTails: checks
*** TURN *** [9d Kd 7c] [3h]
stasschi: checks
MTails: bets $6
stasschi: calls $6
*** RIVER *** [9d Kd 7c 3h] [7h]
stasschi: checks
MTails: bets $6
stasschi: folds
Uncalled bet ($6) returned to MTails
MTails collected $23.52 from pot
MTails: doesn't show hand
*** SUMMARY ***
Total pot $24 | Rake $0.48
Board [9d Kd 7c 3h 7h]
Seat 1: stasschi (big blind) folded on the River
Seat 4: MTails (button) (small blind) collected ($23.52)


PokerStars Hand #152554304548:  Hold'em Limit ($3/$6 USD) - 2016/04/28 4:34:44 ET
Table 'Wezen II' 6-max Seat #1 is the button
Seat 1: stasschi ($38.17 in chips)
Seat 4: MTails ($251.97 in chips)
stasschi: posts small blind $1
MTails: posts big blind $3
*** HOLE CARDS ***
stasschi: folds
Uncalled bet ($2) returned to MTails
MTails collected $2 from pot
MTails: doesn't show hand
*** SUMMARY ***
Total pot $2 | Rake $0
Seat 1: stasschi (button) (small blind) folded before Flop
Seat 4: MTails (big blind) collected ($2)


PokerStars Hand #152554297909:  Hold'em Limit ($3/$6 USD) - 2016/04/28 4:34:24 ET
Table 'Wezen II' 6-max Seat #4 is the button
Seat 1: stasschi ($53.17 in chips)
Seat 4: MTails ($237.47 in chips)
MTails: posts small blind $1
stasschi: posts big blind $3
*** HOLE CARDS ***
MTails: raises $3 to $6
stasschi: calls $3
*** FLOP *** [Jh 8h 8c]
stasschi: checks
MTails: bets $3
stasschi: calls $3
*** TURN *** [Jh 8h 8c] [Ac]
stasschi: checks
MTails: bets $6
stasschi: calls $6
*** RIVER *** [Jh 8h 8c Ac] [3h]
stasschi: checks
MTails: bets $6
stasschi: folds
Uncalled bet ($6) returned to MTails
MTails collected $29.50 from pot
MTails: doesn't show hand
*** SUMMARY ***
Total pot $30 | Rake $0.50
Board [Jh 8h 8c Ac 3h]
Seat 1: stasschi (big blind) folded on the River
Seat 4: MTails (button) (small blind) collected ($29.50)


PokerStars Hand #152554296426:  Hold'em Limit ($3/$6 USD) - 2016/04/28 4:34:19 ET
Table 'Wezen II' 6-max Seat #1 is the button
Seat 1: stasschi ($54.17 in chips)
Seat 4: MTails ($236.47 in chips)
stasschi: posts small blind $1
MTails: posts big blind $3
*** HOLE CARDS ***
stasschi: folds
Uncalled bet ($2) returned to MTails
MTails collected $2 from pot
MTails: doesn't show hand
*** SUMMARY ***
Total pot $2 | Rake $0
Seat 1: stasschi (button) (small blind) folded before Flop
Seat 4: MTails (big blind) collected ($2)


PokerStars Hand #152554290024:  Hold'em Limit ($3/$6 USD) - 2016/04/28 4:34:00 ET
Table 'Wezen II' 6-max Seat #4 is the button
Seat 1: stasschi ($72.17 in chips)
Seat 4: MTails ($218.97 in chips)
MTails: posts small blind $1
stasschi: posts big blind $3
*** HOLE CARDS ***
MTails: raises $3 to $6
stasschi: raises $3 to $9
MTails: calls $3
*** FLOP *** [Js 2c Kd]
stasschi: bets $3
MTails: calls $3
*** TURN *** [Js 2c Kd] [6d]
stasschi: bets $6
MTails: calls $6
*** RIVER *** [Js 2c Kd 6d] [9d]
stasschi: checks
MTails: checks
*** SHOW DOWN ***
stasschi: shows [7c 8h] (high card King)
MTails: shows [Ad 2s] (a pair of Deuces)
MTails collected $35.50 from pot
*** SUMMARY ***
Total pot $36 | Rake $0.50
Board [Js 2c Kd 6d 9d]
Seat 1: stasschi (big blind) showed [7c 8h] and lost with high card King
Seat 4: MTails (button) (small blind) showed [Ad 2s] and won ($35.50) with a pair of Deuces


PokerStars Hand #152554285041:  Hold'em Limit ($3/$6 USD) - 2016/04/28 4:33:44 ET
Table 'Wezen II' 6-max Seat #1 is the button
Seat 1: stasschi ($84.17 in chips)
Seat 4: MTails ($207.45 in chips)
stasschi: posts small blind $1
MTails: posts big blind $3
*** HOLE CARDS ***
stasschi: raises $3 to $6
MTails: raises $3 to $9
stasschi: calls $3
*** FLOP *** [8h 5h 5c]
MTails: bets $3
stasschi: calls $3
*** TURN *** [8h 5h 5c] [3s]
MTails: bets $6
stasschi: folds
Uncalled bet ($6) returned to MTails
MTails collected $23.52 from pot
MTails: doesn't show hand
*** SUMMARY ***
Total pot $24 | Rake $0.48
Board [8h 5h 5c 3s]
Seat 1: stasschi (button) (small blind) folded on the Turn
Seat 4: MTails (big blind) collected ($23.52)


PokerStars Hand #152554324602:  Hold'em Limit ($3/$6 USD) - 2016/04/28 4:35:45 ET
Table 'Wezen II' 6-max Seat #4 is the button
Seat 1: stasschi ($76.93 in chips)
Seat 4: MTails ($211.97 in chips)
MTails: posts small blind $1
stasschi: posts big blind $3
*** HOLE CARDS ***
MTails: raises $3 to $6
stasschi: calls $3
*** FLOP *** [4d Ts 2h]
stasschi: checks
MTails: bets $3
stasschi: raises $3 to $6
MTails: folds
Uncalled bet ($3) returned to stasschi
stasschi collected $17.64 from pot
*** SUMMARY ***
Total pot $18 | Rake $0.36
Board [4d Ts 2h]
Seat 1: stasschi (big blind) collected ($17.64)
Seat 4: MTails (button) (small blind) folded on the Flop


PokerStars Hand #152554321560:  Hold'em Limit ($3/$6 USD) - 2016/04/28 4:35:36 ET
Table 'Wezen II' 6-max Seat #1 is the button
Seat 1: stasschi ($71.17 in chips)
Seat 4: MTails ($217.97 in chips)
stasschi: posts small blind $1
MTails: posts big blind $3
*** HOLE CARDS ***
stasschi: raises $3 to $6
MTails: calls $3
*** FLOP *** [Ks Th Td]
MTails: checks
stasschi: bets $3
MTails: folds
Uncalled bet ($3) returned to stasschi
stasschi collected $11.76 from pot
*** SUMMARY ***
Total pot $12 | Rake $0.24
Board [Ks Th Td]
Seat 1: stasschi (button) (small blind) collected ($11.76)
Seat 4: MTails (big blind) folded on the Flop


PokerStars Hand #152554315411:  Hold'em Limit ($3/$6 USD) - 2016/04/28 4:35:17 ET
Table 'Wezen II' 6-max Seat #4 is the button
Seat 1: stasschi ($50.67 in chips)
Seat 4: MTails ($238.97 in chips)
MTails: posts small blind $1
stasschi: posts big blind $3
*** HOLE CARDS ***
MTails: raises $3 to $6
stasschi: calls $3
*** FLOP *** [Qc 4h 5s]
stasschi: checks
MTails: bets $3
stasschi: calls $3
*** TURN *** [Qc 4h 5s] [9h]
stasschi: checks
MTails: bets $6
stasschi: raises $6 to $12
MTails: calls $6
*** RIVER *** [Qc 4h 5s 9h] [3s]
stasschi: bets $6
MTails: folds
Uncalled bet ($6) returned to stasschi
stasschi collected $41.50 from pot
*** SUMMARY ***
Total pot $42 | Rake $0.50
Board [Qc 4h 5s 9h 3s]
Seat 1: stasschi (big blind) collected ($41.50)
Seat 4: MTails (button) (small blind) folded on the River


PokerStars Hand #152554312525:  Hold'em Limit ($3/$6 USD) - 2016/04/28 4:35:09 ET
Table 'Wezen II' 6-max Seat #1 is the button
Seat 1: stasschi ($51.67 in chips)
Seat 4: MTails ($237.97 in chips)
stasschi: posts small blind $1
MTails: posts big blind $3
*** HOLE CARDS ***
stasschi: folds
Uncalled bet ($2) returned to MTails
MTails collected $2 from pot
*** SUMMARY ***
Total pot $2 | Rake $0
Seat 1: stasschi (button) (small blind) folded before Flop
Seat 4: MTails (big blind) collected ($2)


PokerStars Hand #152554306266:  Hold'em Limit ($3/$6 USD) - 2016/04/28 4:34:50 ET
Table 'Wezen II' 6-max Seat #4 is the button
Seat 1: stasschi ($37.17 in chips)
Seat 4: MTails ($252.97 in chips)
MTails: posts small blind $1
stasschi: posts big blind $3
*** HOLE CARDS ***
MTails: raises $3 to $6
stasschi: calls $3
*** FLOP *** [6c Td Qh]
stasschi: checks
MTails: bets $3
stasschi: calls $3
*** TURN *** [6c Td Qh] [Jc]
stasschi: checks
MTails: bets $6
stasschi: calls $6
*** RIVER *** [6c Td Qh Jc] [9c]
stasschi: checks
MTails: checks
*** SHOW DOWN ***
stasschi: shows [7h Qs] (a pair of Queens)
MTails: mucks hand
stasschi collected $29.50 from pot
*** SUMMARY ***
Total pot $30 | Rake $0.50
Board [6c Td Qh Jc 9c]
Seat 1: stasschi (big blind) showed [7h Qs] and won ($29.50) with a pair of Queens
Seat 4: MTails (button) (small blind) mucked


PokerStars Hand #152554342771:  Hold'em Limit ($3/$6 USD) - 2016/04/28 4:36:41 ET
Table 'Wezen II' 6-max Seat #4 is the button
Seat 1: stasschi ($87.09 in chips)
Seat 4: MTails ($200.61 in chips)
MTails: posts small blind $1
stasschi: posts big blind $3
*** HOLE CARDS ***
MTails: raises $3 to $6
stasschi: calls $3
*** FLOP *** [2s 5h 5c]
stasschi: checks
MTails: bets $3
stasschi: calls $3
*** TURN *** [2s 5h 5c] [8h]
stasschi: checks
MTails: bets $6
stasschi: folds
Uncalled bet ($6) returned to MTails
MTails collected $17.64 from pot
MTails: doesn't show hand
*** SUMMARY ***
Total pot $18 | Rake $0.36
Board [2s 5h 5c 8h]
Seat 1: stasschi (big blind) folded on the Turn
Seat 4: MTails (button) (small blind) collected ($17.64)


PokerStars Hand #152554340944:  Hold'em Limit ($3/$6 USD) - 2016/04/28 4:36:35 ET
Table 'Wezen II' 6-max Seat #1 is the button
Seat 1: stasschi ($88.09 in chips)
Seat 4: MTails ($199.61 in chips)
stasschi: posts small blind $1
MTails: posts big blind $3
*** HOLE CARDS ***
stasschi: folds
Uncalled bet ($2) returned to MTails
MTails collected $2 from pot
*** SUMMARY ***
Total pot $2 | Rake $0
Seat 1: stasschi (button) (small blind) folded before Flop
Seat 4: MTails (big blind) collected ($2)


PokerStars Hand #152554334962:  Hold'em Limit ($3/$6 USD) - 2016/04/28 4:36:17 ET
Table 'Wezen II' 6-max Seat #4 is the button
Seat 1: stasschi ($76.57 in chips)
Seat 4: MTails ($211.61 in chips)
MTails: posts small blind $1
stasschi: posts big blind $3
*** HOLE CARDS ***
MTails: raises $3 to $6
stasschi: calls $3
*** FLOP *** [2h 3c 6d]
stasschi: checks
MTails: checks
*** TURN *** [2h 3c 6d] [Td]
stasschi: checks
MTails: bets $6
stasschi: calls $6
*** RIVER *** [2h 3c 6d Td] [Qc]
stasschi: checks
MTails: checks
*** SHOW DOWN ***
stasschi: shows [4h Th] (a pair of Tens)
MTails: mucks hand
stasschi collected $23.52 from pot
*** SUMMARY ***
Total pot $24 | Rake $0.48
Board [2h 3c 6d Td Qc]
Seat 1: stasschi (big blind) showed [4h Th] and won ($23.52) with a pair of Tens
Seat 4: MTails (button) (small blind) mucked


PokerStars Hand #152554328546:  Hold'em Limit ($3/$6 USD) - 2016/04/28 4:35:57 ET
Table 'Wezen II' 6-max Seat #1 is the button
Seat 1: stasschi ($85.57 in chips)
Seat 4: MTails ($202.97 in chips)
stasschi: posts small blind $1
MTails: posts big blind $3
*** HOLE CARDS ***
stasschi: raises $3 to $6
MTails: calls $3
*** FLOP *** [8h Ah 6d]
MTails: checks
stasschi: bets $3
MTails: calls $3
*** TURN *** [8h Ah 6d] [4c]
MTails: checks
stasschi: checks
*** RIVER *** [8h Ah 6d 4c] [2c]
MTails: checks
stasschi: checks
*** SHOW DOWN ***
MTails: shows [3d Kd] (high card Ace)
stasschi: mucks hand
MTails collected $17.64 from pot
*** SUMMARY ***
Total pot $18 | Rake $0.36
Board [8h Ah 6d 4c 2c]
Seat 1: stasschi (button) (small blind) mucked
Seat 4: MTails (big blind) showed [3d Kd] and won ($17.64) with high card Ace


PokerStars Hand #152554359273:  Hold'em Limit ($3/$6 USD) - 2016/04/28 4:37:31 ET
Table 'Wezen II' 6-max Seat #4 is the button
Seat 1: stasschi ($80.61 in chips)
Seat 4: MTails ($206.01 in chips)
MTails: posts small blind $1
stasschi: posts big blind $3
*** HOLE CARDS ***
MTails: raises $3 to $6
stasschi: calls $3
*** FLOP *** [Tc 2c Qd]
stasschi: checks
MTails: bets $3
stasschi: calls $3
*** TURN *** [Tc 2c Qd] [5h]
stasschi: checks
MTails: bets $6
stasschi: calls $6
*** RIVER *** [Tc 2c Qd 5h] [Jh]
stasschi: checks
MTails: bets $6
stasschi: calls $6
*** SHOW DOWN ***
MTails: shows [4c 7c] (high card Queen)
stasschi: shows [Td 6h] (a pair of Tens)
stasschi collected $41.50 from pot
*** SUMMARY ***
Total pot $42 | Rake $0.50
Board [Tc 2c Qd 5h Jh]
Seat 1: stasschi (big blind) showed [Td 6h] and won ($41.50) with a pair of Tens
Seat 4: MTails (button) (small blind) showed [4c 7c] and lost with high card Queen


PokerStars Hand #152554354615:  Hold'em Limit ($3/$6 USD) - 2016/04/28 4:37:17 ET
Table 'Wezen II' 6-max Seat #1 is the button
Seat 1: stasschi ($86.61 in chips)
Seat 4: MTails ($200.25 in chips)
stasschi: posts small blind $1
MTails: posts big blind $3
*** HOLE CARDS ***
stasschi: raises $3 to $6
MTails: calls $3
*** FLOP *** [Kc As 9h]
MTails: checks
stasschi: checks
*** TURN *** [Kc As 9h] [8s]
MTails: bets $6
stasschi: folds
Uncalled bet ($6) returned to MTails
MTails collected $11.76 from pot
MTails: doesn't show hand
*** SUMMARY ***
Total pot $12 | Rake $0.24
Board [Kc As 9h 8s]
Seat 1: stasschi (button) (small blind) folded on the Turn
Seat 4: MTails (big blind) collected ($11.76)


PokerStars Hand #152554352687:  Hold'em Limit ($3/$6 USD) - 2016/04/28 4:37:11 ET
Table 'Wezen II' 6-max Seat #4 is the button
Seat 1: stasschi ($89.61 in chips)
Seat 4: MTails ($197.25 in chips)
MTails: posts small blind $1
stasschi: posts big blind $3
*** HOLE CARDS ***
MTails: raises $3 to $6
stasschi: folds
Uncalled bet ($3) returned to MTails
MTails collected $6 from pot
*** SUMMARY ***
Total pot $6 | Rake $0
Seat 1: stasschi (big blind) folded before Flop
Seat 4: MTails (button) (small blind) collected ($6)


PokerStars Hand #152554348147:  Hold'em Limit ($3/$6 USD) - 2016/04/28 4:36:57 ET
Table 'Wezen II' 6-max Seat #1 is the button
Seat 1: stasschi ($78.09 in chips)
Seat 4: MTails ($209.25 in chips)
stasschi: posts small blind $1
MTails: posts big blind $3
*** HOLE CARDS ***
stasschi: raises $3 to $6
MTails: calls $3
*** FLOP *** [5h Js 8s]
MTails: checks
stasschi: checks
*** TURN *** [5h Js 8s] [Qh]
MTails: bets $6
stasschi: raises $6 to $12
MTails: folds
Uncalled bet ($6) returned to stasschi
stasschi collected $23.52 from pot
*** SUMMARY ***
Total pot $24 | Rake $0.48
Board [5h Js 8s Qh]
Seat 1: stasschi (button) (small blind) collected ($23.52)
Seat 4: MTails (big blind) folded on the Turn


PokerStars Hand #152554379441:  Hold'em Limit ($3/$6 USD) - 2016/04/28 4:38:32 ET
Table 'Wezen II' 6-max Seat #1 is the button
Seat 1: stasschi ($121.37 in chips)
Seat 4: MTails ($164.01 in chips)
stasschi: posts small blind $1
MTails: posts big blind $3
*** HOLE CARDS ***
stasschi: raises $3 to $6
MTails: folds
Uncalled bet ($3) returned to stasschi
stasschi collected $6 from pot
*** SUMMARY ***
Total pot $6 | Rake $0
Seat 1: stasschi (button) (small blind) collected ($6)
Seat 4: MTails (big blind) folded before Flop


PokerStars Hand #152554369200:  Hold'em Limit ($3/$6 USD) - 2016/04/28 4:38:01 ET
Table 'Wezen II' 6-max Seat #4 is the button
Seat 1: stasschi ($106.87 in chips)
Seat 4: MTails ($179.01 in chips)
MTails: posts small blind $1
stasschi: posts big blind $3
*** HOLE CARDS ***
MTails: raises $3 to $6
stasschi: calls $3
*** FLOP *** [8d Ks 7h]
stasschi: checks
MTails: bets $3
stasschi: raises $3 to $6
MTails: raises $3 to $9
stasschi: calls $3
*** TURN *** [8d Ks 7h] [9d]
stasschi: checks
MTails: checks
*** RIVER *** [8d Ks 7h 9d] [Tc]
stasschi: bets $6
MTails: folds
Uncalled bet ($6) returned to stasschi
stasschi collected $29.50 from pot
*** SUMMARY ***
Total pot $30 | Rake $0.50
Board [8d Ks 7h 9d Tc]
Seat 1: stasschi (big blind) collected ($29.50)
Seat 4: MTails (button) (small blind) folded on the River


PokerStars Hand #152554365948:  Hold'em Limit ($3/$6 USD) - 2016/04/28 4:37:51 ET
Table 'Wezen II' 6-max Seat #1 is the button
Seat 1: stasschi ($101.11 in chips)
Seat 4: MTails ($185.01 in chips)
stasschi: posts small blind $1
MTails: posts big blind $3
*** HOLE CARDS ***
stasschi: raises $3 to $6
MTails: calls $3
*** FLOP *** [7d Jc 8d]
MTails: checks
stasschi: bets $3
MTails: folds
Uncalled bet ($3) returned to stasschi
stasschi collected $11.76 from pot
*** SUMMARY ***
Total pot $12 | Rake $0.24
Board [7d Jc 8d]
Seat 1: stasschi (button) (small blind) collected ($11.76)
Seat 4: MTails (big blind) folded on the Flop


PokerStars Hand #152554398216:  Hold'em Limit ($3/$6 USD) - 2016/04/28 4:39:28 ET
Table 'Wezen II' 6-max Seat #1 is the button
Seat 1: stasschi ($114.89 in chips)
Seat 4: MTails ($169.27 in chips)
stasschi: posts small blind $1
MTails: posts big blind $3
*** HOLE CARDS ***
stasschi: raises $3 to $6
MTails: calls $3
*** FLOP *** [9d 4h 5c]
MTails: checks
stasschi: bets $3
MTails: raises $3 to $6
stasschi: calls $3
*** TURN *** [9d 4h 5c] [9c]
MTails: bets $6
stasschi: folds
Uncalled bet ($6) returned to MTails
MTails collected $23.52 from pot
*** SUMMARY ***
Total pot $24 | Rake $0.48
Board [9d 4h 5c 9c]
Seat 1: stasschi (button) (small blind) folded on the Turn
Seat 4: MTails (big blind) collected ($23.52)


PokerStars Hand #152554394747:  Hold'em Limit ($3/$6 USD) - 2016/04/28 4:39:18 ET
Table 'Wezen II' 6-max Seat #4 is the button
Seat 1: stasschi ($120.89 in chips)
Seat 4: MTails ($163.51 in chips)
MTails: posts small blind $1
stasschi: posts big blind $3
*** HOLE CARDS ***
MTails: raises $3 to $6
stasschi: calls $3
*** FLOP *** [Ad 5c 2s]
stasschi: checks
MTails: bets $3
stasschi: folds
Uncalled bet ($3) returned to MTails
MTails collected $11.76 from pot
*** SUMMARY ***
Total pot $12 | Rake $0.24
Board [Ad 5c 2s]
Seat 1: stasschi (big blind) folded on the Flop
Seat 4: MTails (button) (small blind) collected ($11.76)


PokerStars Hand #152554389646:  Hold'em Limit ($3/$6 USD) - 2016/04/28 4:39:03 ET
Table 'Wezen II' 6-max Seat #1 is the button
Seat 1: stasschi ($109.37 in chips)
Seat 4: MTails ($175.51 in chips)
stasschi: posts small blind $1
MTails: posts big blind $3
*** HOLE CARDS ***
stasschi: raises $3 to $6
MTails: raises $3 to $9
stasschi: calls $3
*** FLOP *** [4c Qs 4d]
MTails: bets $3
stasschi: calls $3
*** TURN *** [4c Qs 4d] [Qc]
MTails: checks
stasschi: bets $6
MTails: folds
Uncalled bet ($6) returned to stasschi
stasschi collected $23.52 from pot
*** SUMMARY ***
Total pot $24 | Rake $0.48
Board [4c Qs 4d Qc]
Seat 1: stasschi (button) (small blind) collected ($23.52)
Seat 4: MTails (big blind) folded on the Turn


PokerStars Hand #152554381258:  Hold'em Limit ($3/$6 USD) - 2016/04/28 4:38:37 ET
Table 'Wezen II' 6-max Seat #4 is the button
Seat 1: stasschi ($124.37 in chips)
Seat 4: MTails ($161.01 in chips)
MTails: posts small blind $1
stasschi: posts big blind $3
*** HOLE CARDS ***
MTails: raises $3 to $6
stasschi: calls $3
*** FLOP *** [6s 8c 2c]
stasschi: checks
MTails: bets $3
stasschi: calls $3
*** TURN *** [6s 8c 2c] [3d]
stasschi: checks
MTails: bets $6
stasschi: calls $6
*** RIVER *** [6s 8c 2c 3d] [2h]
stasschi: checks
MTails: bets $6
stasschi: folds
Uncalled bet ($6) returned to MTails
MTails collected $29.50 from pot
MTails: doesn't show hand
*** SUMMARY ***
Total pot $30 | Rake $0.50
Board [6s 8c 2c 3d 2h]
Seat 1: stasschi (big blind) folded on the River
Seat 4: MTails (button) (small blind) collected ($29.50)


PokerStars Hand #152554421312:  Hold'em Limit ($3/$6 USD) - 2016/04/28 4:40:37 ET
Table 'Wezen II' 6-max Seat #1 is the button
Seat 1: stasschi ($48.89 in chips)
Seat 4: MTails ($233.31 in chips)
stasschi: posts small blind $1
MTails: posts big blind $3
*** HOLE CARDS ***
stasschi: raises $3 to $6
MTails: calls $3
*** FLOP *** [4c 2d Js]
MTails: checks
stasschi: bets $3
MTails: raises $3 to $6
stasschi: calls $3
*** TURN *** [4c 2d Js] [8d]
MTails: bets $6
stasschi: folds
Uncalled bet ($6) returned to MTails
MTails collected $23.52 from pot
MTails: doesn't show hand
*** SUMMARY ***
Total pot $24 | Rake $0.48
Board [4c 2d Js 8d]
Seat 1: stasschi (button) (small blind) folded on the Turn
Seat 4: MTails (big blind) collected ($23.52)


PokerStars Hand #152554415968:  Hold'em Limit ($3/$6 USD) - 2016/04/28 4:40:21 ET
Table 'Wezen II' 6-max Seat #4 is the button
Seat 1: stasschi ($66.89 in chips)
Seat 4: MTails ($215.81 in chips)
MTails: posts small blind $1
stasschi: posts big blind $3
*** HOLE CARDS ***
MTails: raises $3 to $6
stasschi: raises $3 to $9
MTails: calls $3
*** FLOP *** [Kd 8s Qh]
stasschi: bets $3
MTails: calls $3
*** TURN *** [Kd 8s Qh] [Qc]
stasschi: bets $6
MTails: raises $6 to $12
stasschi: folds
Uncalled bet ($6) returned to MTails
MTails collected $35.50 from pot
*** SUMMARY ***
Total pot $36 | Rake $0.50
Board [Kd 8s Qh Qc]
Seat 1: stasschi (big blind) folded on the Turn
Seat 4: MTails (button) (small blind) collected ($35.50)


PokerStars Hand #152554409317:  Hold'em Limit ($3/$6 USD) - 2016/04/28 4:40:01 ET
Table 'Wezen II' 6-max Seat #1 is the button
Seat 1: stasschi ($90.89 in chips)
Seat 4: MTails ($192.31 in chips)
stasschi: posts small blind $1
MTails: posts big blind $3
*** HOLE CARDS ***
stasschi: raises $3 to $6
MTails: calls $3
*** FLOP *** [8d 4d Jc]
MTails: checks
stasschi: checks
*** TURN *** [8d 4d Jc] [7s]
MTails: checks
stasschi: bets $6
MTails: raises $6 to $12
stasschi: calls $6
*** RIVER *** [8d 4d Jc 7s] [Qh]
MTails: bets $6
stasschi: calls $6
*** SHOW DOWN ***
MTails: shows [Ac Jd] (a pair of Jacks)
stasschi: mucks hand
MTails collected $47.50 from pot
*** SUMMARY ***
Total pot $48 | Rake $0.50
Board [8d 4d Jc 7s Qh]
Seat 1: stasschi (button) (small blind) mucked
Seat 4: MTails (big blind) showed [Ac Jd] and won ($47.50) with a pair of Jacks


PokerStars Hand #152554403795:  Hold'em Limit ($3/$6 USD) - 2016/04/28 4:39:45 ET
Table 'Wezen II' 6-max Seat #4 is the button
Seat 1: stasschi ($102.89 in chips)
Seat 4: MTails ($180.79 in chips)
MTails: posts small blind $1
stasschi: posts big blind $3
*** HOLE CARDS ***
MTails: raises $3 to $6
stasschi: calls $3
*** FLOP *** [6c 3h 7d]
stasschi: checks
MTails: checks
*** TURN *** [6c 3h 7d] [Qh]
stasschi: checks
MTails: bets $6
stasschi: calls $6
*** RIVER *** [6c 3h 7d Qh] [5d]
stasschi: checks
MTails: checks
*** SHOW DOWN ***
stasschi: shows [As Js] (high card Ace)
MTails: shows [3d Tc] (a pair of Threes)
MTails collected $23.52 from pot
*** SUMMARY ***
Total pot $24 | Rake $0.48
Board [6c 3h 7d Qh 5d]
Seat 1: stasschi (big blind) showed [As Js] and lost with high card Ace
Seat 4: MTails (button) (small blind) showed [3d Tc] and won ($23.52) with a pair of Threes


PokerStars Hand #152554444049:  Hold'em Limit ($3/$6 USD) - 2016/04/28 4:41:46 ET
Table 'Wezen II' 6-max Seat #1 is the button
Seat 1: stasschi ($30.39 in chips)
Seat 4: MTails ($249.97 in chips)
stasschi: posts small blind $1
MTails: posts big blind $3
*** HOLE CARDS ***
stasschi: raises $3 to $6
MTails: calls $3
*** FLOP *** [Qc Tc 5c]
MTails: checks
stasschi: checks
*** TURN *** [Qc Tc 5c] [8d]
MTails: bets $6
stasschi: calls $6
*** RIVER *** [Qc Tc 5c 8d] [Jh]
MTails: bets $6
stasschi: raises $6 to $12
MTails: folds
Uncalled bet ($6) returned to stasschi
stasschi collected $35.50 from pot
*** SUMMARY ***
Total pot $36 | Rake $0.50
Board [Qc Tc 5c 8d Jh]
Seat 1: stasschi (button) (small blind) collected ($35.50)
Seat 4: MTails (big blind) folded on the River


PokerStars Hand #152554455672:  Hold'em Limit ($3/$6 USD) - 2016/04/28 4:42:21 ET
Table 'Wezen II' 6-max Seat #1 is the button
Seat 1: stasschi ($65.39 in chips)
Seat 4: MTails ($213.97 in chips)
stasschi: posts small blind $1
MTails: posts big blind $3
*** HOLE CARDS ***
stasschi: raises $3 to $6
MTails: calls $3
*** FLOP *** [Js 4h 7d]
MTails: checks
stasschi: bets $3
MTails: folds
Uncalled bet ($3) returned to stasschi
stasschi collected $11.76 from pot
*** SUMMARY ***
Total pot $12 | Rake $0.24
Board [Js 4h 7d]
Seat 1: stasschi (button) (small blind) collected ($11.76)
Seat 4: MTails (big blind) folded on the Flop


PokerStars Hand #152554471255:  Hold'em Limit ($3/$6 USD) - 2016/04/28 4:43:08 ET
Table 'Wezen II' 6-max Seat #1 is the button
Seat 1: stasschi ($73.67 in chips)
Seat 4: MTails ($204.73 in chips)
stasschi: posts small blind $1
MTails: posts big blind $3
*** HOLE CARDS ***
stasschi: folds
Uncalled bet ($2) returned to MTails
MTails collected $2 from pot
MTails: doesn't show hand
*** SUMMARY ***
Total pot $2 | Rake $0
Seat 1: stasschi (button) (small blind) folded before Flop
Seat 4: MTails (big blind) collected ($2)


PokerStars Hand #152554467913:  Hold'em Limit ($3/$6 USD) - 2016/04/28 4:42:58 ET
Table 'Wezen II' 6-max Seat #4 is the button
Seat 1: stasschi ($79.67 in chips)
Seat 4: MTails ($198.97 in chips)
MTails: posts small blind $1
stasschi: posts big blind $3
*** HOLE CARDS ***
MTails: raises $3 to $6
stasschi: calls $3
*** FLOP *** [2c As Th]
stasschi: checks
MTails: bets $3
stasschi: folds
Uncalled bet ($3) returned to MTails
MTails collected $11.76 from pot
MTails: doesn't show hand
*** SUMMARY ***
Total pot $12 | Rake $0.24
Board [2c As Th]
Seat 1: stasschi (big blind) folded on the Flop
Seat 4: MTails (button) (small blind) collected ($11.76)


PokerStars Hand #152554460887:  Hold'em Limit ($3/$6 USD) - 2016/04/28 4:42:36 ET
Table 'Wezen II' 6-max Seat #1 is the button
Seat 1: stasschi ($68.15 in chips)
Seat 4: MTails ($210.97 in chips)
stasschi: posts small blind $1
MTails: posts big blind $3
*** HOLE CARDS ***
stasschi: raises $3 to $6
MTails: raises $3 to $9
stasschi: calls $3
*** FLOP *** [7h 4d Tc]
MTails: bets $3
stasschi: calls $3
*** TURN *** [7h 4d Tc] [As]
MTails: checks
stasschi: checks
*** RIVER *** [7h 4d Tc As] [5h]
MTails: checks
stasschi: bets $6
MTails: folds
Uncalled bet ($6) returned to stasschi
stasschi collected $23.52 from pot
*** SUMMARY ***
Total pot $24 | Rake $0.48
Board [7h 4d Tc As 5h]
Seat 1: stasschi (button) (small blind) collected ($23.52)
Seat 4: MTails (big blind) folded on the River


PokerStars Hand #152554449893:  Hold'em Limit ($3/$6 USD) - 2016/04/28 4:42:03 ET
Table 'Wezen II' 6-max Seat #4 is the button
Seat 1: stasschi ($47.89 in chips)
Seat 4: MTails ($231.97 in chips)
MTails: posts small blind $1
stasschi: posts big blind $3
*** HOLE CARDS ***
MTails: raises $3 to $6
stasschi: raises $3 to $9
MTails: calls $3
*** FLOP *** [9d 9s Qd]
stasschi: bets $3
MTails: calls $3
*** TURN *** [9d 9s Qd] [9h]
stasschi: bets $6
MTails: calls $6
*** RIVER *** [9d 9s Qd 9h] [Td]
stasschi: checks
MTails: checks
*** SHOW DOWN ***
stasschi: shows [Kc Ah] (three of a kind, Nines)
MTails: mucks hand
stasschi collected $35.50 from pot
*** SUMMARY ***
Total pot $36 | Rake $0.50
Board [9d 9s Qd 9h Td]
Seat 1: stasschi (big blind) showed [Kc Ah] and won ($35.50) with three of a kind, Nines
Seat 4: MTails (button) (small blind) mucked


PokerStars Hand #152554459094:  Hold'em Limit ($3/$6 USD) - 2016/04/28 4:42:31 ET
Table 'Wezen II' 6-max Seat #4 is the button
Seat 1: stasschi ($71.15 in chips)
Seat 4: MTails ($207.97 in chips)
MTails: posts small blind $1
stasschi: posts big blind $3
*** HOLE CARDS ***
MTails: raises $3 to $6
stasschi: folds
Uncalled bet ($3) returned to MTails
MTails collected $6 from pot
MTails: doesn't show hand
*** SUMMARY ***
Total pot $6 | Rake $0
Seat 1: stasschi (big blind) folded before Flop
Seat 4: MTails (button) (small blind) collected ($6)


PokerStars Hand #152554426605:  Hold'em Limit ($3/$6 USD) - 2016/04/28 4:40:53 ET
Table 'Wezen II' 6-max Seat #4 is the button
Seat 1: stasschi ($36.89 in chips)
Seat 4: MTails ($244.83 in chips)
MTails: posts small blind $1
stasschi: posts big blind $3
*** HOLE CARDS ***
MTails: raises $3 to $6
stasschi: calls $3
*** FLOP *** [8s 2d 8d]
stasschi: checks
MTails: bets $3
stasschi: calls $3
*** TURN *** [8s 2d 8d] [9h]
stasschi: checks
MTails: bets $6
stasschi: calls $6
*** RIVER *** [8s 2d 8d 9h] [Kc]
stasschi: checks
MTails: bets $6
stasschi: calls $6
*** SHOW DOWN ***
MTails: shows [3s Th] (a pair of Eights)
stasschi: shows [9d Tc] (two pair, Nines and Eights)
stasschi collected $41.50 from pot
*** SUMMARY ***
Total pot $42 | Rake $0.50
Board [8s 2d 8d 9h Kc]
Seat 1: stasschi (big blind) showed [9d Tc] and won ($41.50) with two pair, Nines and Eights
Seat 4: MTails (button) (small blind) showed [3s Th] and lost with a pair of Eights


PokerStars Hand #152554433008:  Hold'em Limit ($3/$6 USD) - 2016/04/28 4:41:12 ET
Table 'Wezen II' 6-max Seat #1 is the button
Seat 1: stasschi ($57.39 in chips)
Seat 4: MTails ($223.83 in chips)
stasschi: posts small blind $1
MTails: posts big blind $3
*** HOLE CARDS ***
stasschi: raises $3 to $6
MTails: calls $3
*** FLOP *** [Ac 2h 7c]
MTails: checks
stasschi: bets $3
MTails: calls $3
*** TURN *** [Ac 2h 7c] [Ad]
MTails: checks
stasschi: checks
*** RIVER *** [Ac 2h 7c Ad] [3c]
MTails: bets $6
stasschi: folds
Uncalled bet ($6) returned to MTails
MTails collected $17.64 from pot
*** SUMMARY ***
Total pot $18 | Rake $0.36
Board [Ac 2h 7c Ad 3c]
Seat 1: stasschi (button) (small blind) folded on the River
Seat 4: MTails (big blind) collected ($17.64)


PokerStars Hand #152554472949:  Hold'em Limit ($3/$6 USD) - 2016/04/28 4:43:13 ET
Table 'Wezen II' 6-max Seat #4 is the button
Seat 1: stasschi ($72.67 in chips)
Seat 4: MTails ($205.73 in chips)
MTails: posts small blind $1
stasschi: posts big blind $3
*** HOLE CARDS ***
MTails: raises $3 to $6
stasschi: calls $3
*** FLOP *** [Qc 4h Jh]
stasschi: checks
MTails: bets $3
stasschi: raises $3 to $6
MTails: folds
Uncalled bet ($3) returned to stasschi
stasschi collected $17.64 from pot
*** SUMMARY ***
Total pot $18 | Rake $0.36
Board [Qc 4h Jh]
Seat 1: stasschi (big blind) collected ($17.64)
Seat 4: MTails (button) (small blind) folded on the Flop


PokerStars Hand #152554488896:  Hold'em Limit ($3/$6 USD) - 2016/04/28 4:44:00 ET
Table 'Wezen II' 6-max Seat #1 is the button
Seat 1: stasschi ($110.31 in chips)
Seat 4: MTails ($166.73 in chips)
stasschi: posts small blind $1
MTails: posts big blind $3
*** HOLE CARDS ***
stasschi: folds
Uncalled bet ($2) returned to MTails
MTails collected $2 from pot
MTails: doesn't show hand
*** SUMMARY ***
Total pot $2 | Rake $0
Seat 1: stasschi (button) (small blind) folded before Flop
Seat 4: MTails (big blind) collected ($2)


PokerStars Hand #152554482734:  Hold'em Limit ($3/$6 USD) - 2016/04/28 4:43:42 ET
Table 'Wezen II' 6-max Seat #4 is the button
Seat 1: stasschi ($95.81 in chips)
Seat 4: MTails ($181.73 in chips)
MTails: posts small blind $1
stasschi: posts big blind $3
*** HOLE CARDS ***
MTails: raises $3 to $6
stasschi: calls $3
*** FLOP *** [Ad Kd 5s]
stasschi: checks
MTails: bets $3
stasschi: calls $3
*** TURN *** [Ad Kd 5s] [Ks]
stasschi: checks
MTails: checks
*** RIVER *** [Ad Kd 5s Ks] [3h]
stasschi: bets $6
MTails: calls $6
*** SHOW DOWN ***
stasschi: shows [7h As] (two pair, Aces and Kings)
MTails: mucks hand
stasschi collected $29.50 from pot
*** SUMMARY ***
Total pot $30 | Rake $0.50
Board [Ad Kd 5s Ks 3h]
Seat 1: stasschi (big blind) showed [7h As] and won ($29.50) with two pair, Aces and Kings
Seat 4: MTails (button) (small blind) mucked


PokerStars Hand #152554477028:  Hold'em Limit ($3/$6 USD) - 2016/04/28 4:43:25 ET
Table 'Wezen II' 6-max Seat #1 is the button
Seat 1: stasschi ($81.31 in chips)
Seat 4: MTails ($196.73 in chips)
stasschi: posts small blind $1
MTails: posts big blind $3
*** HOLE CARDS ***
stasschi: raises $3 to $6
MTails: calls $3
*** FLOP *** [6s Ts 3h]
MTails: checks
stasschi: bets $3
MTails: calls $3
*** TURN *** [6s Ts 3h] [Jd]
MTails: checks
stasschi: checks
*** RIVER *** [6s Ts 3h Jd] [9d]
MTails: checks
stasschi: bets $6
MTails: calls $6
*** SHOW DOWN ***
stasschi: shows [Ks Kc] (a pair of Kings)
MTails: mucks hand
stasschi collected $29.50 from pot
*** SUMMARY ***
Total pot $30 | Rake $0.50
Board [6s Ts 3h Jd 9d]
Seat 1: stasschi (button) (small blind) showed [Ks Kc] and won ($29.50) with a pair of Kings
Seat 4: MTails (big blind) mucked


PokerStars Hand #152554498133:  Hold'em Limit ($3/$6 USD) - 2016/04/28 4:44:28 ET
Table 'Wezen II' 6-max Seat #1 is the button
Seat 1: stasschi ($129.81 in chips)
Seat 4: MTails ($146.73 in chips)
stasschi: posts small blind $1
MTails: posts big blind $3
*** HOLE CARDS ***
stasschi: folds
Uncalled bet ($2) returned to MTails
MTails collected $2 from pot
MTails: doesn't show hand
*** SUMMARY ***
Total pot $2 | Rake $0
Seat 1: stasschi (button) (small blind) folded before Flop
Seat 4: MTails (big blind) collected ($2)


PokerStars Hand #152554491528:  Hold'em Limit ($3/$6 USD) - 2016/04/28 4:44:08 ET
Table 'Wezen II' 6-max Seat #4 is the button
Seat 1: stasschi ($109.31 in chips)
Seat 4: MTails ($167.73 in chips)
MTails: posts small blind $1
stasschi: posts big blind $3
*** HOLE CARDS ***
MTails: raises $3 to $6
stasschi: calls $3
*** FLOP *** [Jh 2h As]
stasschi: checks
MTails: bets $3
stasschi: calls $3
*** TURN *** [Jh 2h As] [2s]
stasschi: checks
MTails: bets $6
stasschi: calls $6
*** RIVER *** [Jh 2h As 2s] [3s]
stasschi: checks
MTails: bets $6
stasschi: calls $6
*** SHOW DOWN ***
MTails: shows [9c 8d] (a pair of Deuces)
stasschi: shows [5c Jd] (two pair, Jacks and Deuces)
stasschi collected $41.50 from pot
*** SUMMARY ***
Total pot $42 | Rake $0.50
Board [Jh 2h As 2s 3s]
Seat 1: stasschi (big blind) showed [5c Jd] and won ($41.50) with two pair, Jacks and Deuces
Seat 4: MTails (button) (small blind) showed [9c 8d] and lost with a pair of Deuces


PokerStars Hand #152554505723:  Hold'em Limit ($3/$6 USD) - 2016/04/28 4:44:50 ET
Table 'Wezen II' 6-max Seat #4 is the button
Seat 1: stasschi ($136.45 in chips)
Seat 4: MTails ($139.73 in chips)
MTails: posts small blind $1
stasschi: posts big blind $3
*** HOLE CARDS ***
MTails: raises $3 to $6
stasschi: calls $3
*** FLOP *** [4s 8h Kc]
stasschi: checks
MTails: checks
*** TURN *** [4s 8h Kc] [3d]
stasschi: bets $6
MTails: raises $6 to $12
stasschi: raises $6 to $18
MTails: folds
Uncalled bet ($6) returned to stasschi
stasschi collected $35.50 from pot
*** SUMMARY ***
Total pot $36 | Rake $0.50
Board [4s 8h Kc 3d]
Seat 1: stasschi (big blind) collected ($35.50)
Seat 4: MTails (button) (small blind) folded on the Turn


PokerStars Hand #152554504004:  Hold'em Limit ($3/$6 USD) - 2016/04/28 4:44:45 ET
Table 'Wezen II' 6-max Seat #1 is the button
Seat 1: stasschi ($137.45 in chips)
Seat 4: MTails ($138.73 in chips)
stasschi: posts small blind $1
MTails: posts big blind $3
*** HOLE CARDS ***
stasschi: folds
Uncalled bet ($2) returned to MTails
MTails collected $2 from pot
*** SUMMARY ***
Total pot $2 | Rake $0
Seat 1: stasschi (button) (small blind) folded before Flop
Seat 4: MTails (big blind) collected ($2)


PokerStars Hand #152554500031:  Hold'em Limit ($3/$6 USD) - 2016/04/28 4:44:33 ET
Table 'Wezen II' 6-max Seat #4 is the button
Seat 1: stasschi ($128.81 in chips)
Seat 4: MTails ($147.73 in chips)
MTails: posts small blind $1
stasschi: posts big blind $3
*** HOLE CARDS ***
MTails: raises $3 to $6
stasschi: calls $3
*** FLOP *** [8c 7d 2d]
stasschi: checks
MTails: bets $3
stasschi: raises $3 to $6
MTails: folds
Uncalled bet ($3) returned to stasschi
stasschi collected $17.64 from pot
*** SUMMARY ***
Total pot $18 | Rake $0.36
Board [8c 7d 2d]
Seat 1: stasschi (big blind) collected ($17.64)
Seat 4: MTails (button) (small blind) folded on the Flop


PokerStars Hand #152554524728:  Hold'em Limit ($3/$6 USD) - 2016/04/28 4:45:47 ET
Table 'Wezen II' 6-max Seat #4 is the button
Seat 1: stasschi ($149.45 in chips)
Seat 4: MTails ($185.23 in chips)
MTails: posts small blind $1
stasschi: posts big blind $3
*** HOLE CARDS ***
MTails: raises $3 to $6
stasschi: raises $3 to $9
MTails: calls $3
*** FLOP *** [Qd Kc Th]
stasschi: bets $3
MTails: calls $3
*** TURN *** [Qd Kc Th] [Tc]
stasschi: bets $6
MTails: raises $6 to $12
stasschi: calls $6
*** RIVER *** [Qd Kc Th Tc] [2s]
stasschi: checks
MTails: bets $6
stasschi: calls $6
*** SHOW DOWN ***
MTails: shows [5h 7h] (a pair of Tens)
stasschi: shows [Kd Ad] (two pair, Kings and Tens)
stasschi collected $59.50 from pot
*** SUMMARY ***
Total pot $60 | Rake $0.50
Board [Qd Kc Th Tc 2s]
Seat 1: stasschi (big blind) showed [Kd Ad] and won ($59.50) with two pair, Kings and Tens
Seat 4: MTails (button) (small blind) showed [5h 7h] and lost with a pair of Tens


PokerStars Hand #152554515510:  Hold'em Limit ($3/$6 USD) - 2016/04/28 4:45:19 ET
Table 'Wezen II' 6-max Seat #4 is the button
Seat 1: stasschi ($171.45 in chips)
Seat 4: MTails ($163.73 in chips)
MTails: posts small blind $1
stasschi: posts big blind $3
*** HOLE CARDS ***
MTails: raises $3 to $6
stasschi: calls $3
*** FLOP *** [9c 9d 7h]
stasschi: checks
MTails: bets $3
stasschi: calls $3
*** TURN *** [9c 9d 7h] [7s]
stasschi: checks
MTails: bets $6
stasschi: calls $6
*** RIVER *** [9c 9d 7h 7s] [Ac]
stasschi: checks
MTails: bets $6
stasschi: calls $6
*** SHOW DOWN ***
MTails: shows [9h 5h] (a full house, Nines full of Sevens)
stasschi: mucks hand
MTails collected $41.50 from pot
*** SUMMARY ***
Total pot $42 | Rake $0.50
Board [9c 9d 7h 7s Ac]
Seat 1: stasschi (big blind) mucked
Seat 4: MTails (button) (small blind) showed [9h 5h] and won ($41.50) with a full house, Nines full of Sevens


PokerStars Hand #152554523123:  Hold'em Limit ($3/$6 USD) - 2016/04/28 4:45:42 ET
Table 'Wezen II' 6-max Seat #1 is the button
Seat 1: stasschi ($150.45 in chips)
Seat 4: MTails ($184.23 in chips)
stasschi: posts small blind $1
MTails: posts big blind $3
*** HOLE CARDS ***
stasschi: folds
Uncalled bet ($2) returned to MTails
MTails collected $2 from pot
MTails: doesn't show hand
*** SUMMARY ***
Total pot $2 | Rake $0
Seat 1: stasschi (button) (small blind) folded before Flop
Seat 4: MTails (big blind) collected ($2)


PokerStars Hand #152554510674:  Hold'em Limit ($3/$6 USD) - 2016/04/28 4:45:05 ET
Table 'Wezen II' 6-max Seat #1 is the button
Seat 1: stasschi ($153.95 in chips)
Seat 4: MTails ($121.73 in chips)
stasschi: posts small blind $1
MTails: posts big blind $3
*** HOLE CARDS ***
stasschi: raises $3 to $6
MTails: calls $3
*** FLOP *** [2s Ac 5s]
MTails: checks
stasschi: checks
*** TURN *** [2s Ac 5s] [Ah]
MTails: bets $6
stasschi: calls $6
*** RIVER *** [2s Ac 5s Ah] [3h]
MTails: bets $6
stasschi: calls $6
*** SHOW DOWN ***
MTails: shows [Qh 6c] (a pair of Aces)
stasschi: shows [8d Kh] (a pair of Aces - King kicker)
stasschi collected $35.50 from pot
*** SUMMARY ***
Total pot $36 | Rake $0.50
Board [2s Ac 5s Ah 3h]
Seat 1: stasschi (button) (small blind) showed [8d Kh] and won ($35.50) with a pair of Aces
Seat 4: MTails (big blind) showed [Qh 6c] and lost with a pair of Aces


PokerStars Hand #152554530746:  Hold'em Limit ($3/$6 USD) - 2016/04/28 4:46:05 ET
Table 'Wezen II' 6-max Seat #1 is the button
Seat 1: stasschi ($178.95 in chips)
Seat 4: MTails ($155.23 in chips)
stasschi: posts small blind $1
MTails: posts big blind $3
*** HOLE CARDS ***
stasschi: raises $3 to $6
MTails: calls $3
*** FLOP *** [Qh 8h 4h]
MTails: checks
stasschi: bets $3
MTails: calls $3
*** TURN *** [Qh 8h 4h] [5h]
MTails: checks
stasschi: checks
*** RIVER *** [Qh 8h 4h 5h] [3s]
MTails: bets $6
stasschi: folds
Uncalled bet ($6) returned to MTails
MTails collected $17.64 from pot
MTails: doesn't show hand
*** SUMMARY ***
Total pot $18 | Rake $0.36
Board [Qh 8h 4h 5h 3s]
Seat 1: stasschi (button) (small blind) folded on the River
Seat 4: MTails (big blind) collected ($17.64)


PokerStars Hand #152554544047:  Hold'em Limit ($3/$6 USD) - 2016/04/28 4:46:45 ET
Table 'Wezen II' 6-max Seat #1 is the button
Seat 1: stasschi ($154.95 in chips)
Seat 4: MTails ($178.37 in chips)
stasschi: posts small blind $1
MTails: posts big blind $3
*** HOLE CARDS ***
stasschi: folds
Uncalled bet ($2) returned to MTails
MTails collected $2 from pot
MTails: doesn't show hand
*** SUMMARY ***
Total pot $2 | Rake $0
Seat 1: stasschi (button) (small blind) folded before Flop
Seat 4: MTails (big blind) collected ($2)


PokerStars Hand #152554536309:  Hold'em Limit ($3/$6 USD) - 2016/04/28 4:46:21 ET
Table 'Wezen II' 6-max Seat #4 is the button
Seat 1: stasschi ($169.95 in chips)
Seat 4: MTails ($163.87 in chips)
MTails: posts small blind $1
stasschi: posts big blind $3
*** HOLE CARDS ***
MTails: raises $3 to $6
stasschi: calls $3
*** FLOP *** [Kd 4d 5c]
stasschi: checks
MTails: bets $3
stasschi: calls $3
*** TURN *** [Kd 4d 5c] [Jd]
stasschi: checks
MTails: bets $6
stasschi: calls $6
*** RIVER *** [Kd 4d 5c Jd] [6s]
stasschi: checks
MTails: bets $6
stasschi: folds
Uncalled bet ($6) returned to MTails
MTails collected $29.50 from pot
*** SUMMARY ***
Total pot $30 | Rake $0.50
Board [Kd 4d 5c Jd 6s]
Seat 1: stasschi (big blind) folded on the River
Seat 4: MTails (button) (small blind) collected ($29.50)


PokerStars Hand #152554566812:  Hold'em Limit ($3/$6 USD) - 2016/04/28 4:47:52 ET
Table 'Wezen II' 6-max Seat #4 is the button
Seat 1: stasschi ($200.95 in chips)
Seat 4: MTails ($131.37 in chips)
MTails: posts small blind $1
stasschi: posts big blind $3
*** HOLE CARDS ***
MTails: raises $3 to $6
stasschi: folds
Uncalled bet ($3) returned to MTails
MTails collected $6 from pot
*** SUMMARY ***
Total pot $6 | Rake $0
Seat 1: stasschi (big blind) folded before Flop
Seat 4: MTails (button) (small blind) collected ($6)


PokerStars Hand #152554559104:  Hold'em Limit ($3/$6 USD) - 2016/04/28 4:47:29 ET
Table 'Wezen II' 6-max Seat #4 is the button
Seat 1: stasschi ($176.45 in chips)
Seat 4: MTails ($156.37 in chips)
MTails: posts small blind $1
stasschi: posts big blind $3
*** HOLE CARDS ***
MTails: folds
Uncalled bet ($2) returned to stasschi
stasschi collected $2 from pot
*** SUMMARY ***
Total pot $2 | Rake $0
Seat 1: stasschi (big blind) collected ($2)
Seat 4: MTails (button) (small blind) folded before Flop


PokerStars Hand #152554560790:  Hold'em Limit ($3/$6 USD) - 2016/04/28 4:47:34 ET
Table 'Wezen II' 6-max Seat #1 is the button
Seat 1: stasschi ($177.45 in chips)
Seat 4: MTails ($155.37 in chips)
stasschi: posts small blind $1
MTails: posts big blind $3
*** HOLE CARDS ***
stasschi: raises $3 to $6
MTails: raises $3 to $9
stasschi: calls $3
*** FLOP *** [6h 5c 3h]
MTails: bets $3
stasschi: calls $3
*** TURN *** [6h 5c 3h] [6d]
MTails: bets $6
stasschi: raises $6 to $12
MTails: calls $6
*** RIVER *** [6h 5c 3h 6d] [9s]
MTails: checks
stasschi: checks
*** SHOW DOWN ***
MTails: shows [As Ks] (a pair of Sixes)
stasschi: shows [3c Ac] (two pair, Sixes and Threes)
stasschi collected $47.50 from pot
*** SUMMARY ***
Total pot $48 | Rake $0.50
Board [6h 5c 3h 6d 9s]
Seat 1: stasschi (button) (small blind) showed [3c Ac] and won ($47.50) with two pair, Sixes and Threes
Seat 4: MTails (big blind) showed [As Ks] and lost with a pair of Sixes


PokerStars Hand #152554545882:  Hold'em Limit ($3/$6 USD) - 2016/04/28 4:46:50 ET
Table 'Wezen II' 6-max Seat #4 is the button
Seat 1: stasschi ($153.95 in chips)
Seat 4: MTails ($179.37 in chips)
MTails: posts small blind $1
stasschi: posts big blind $3
*** HOLE CARDS ***
MTails: raises $3 to $6
stasschi: calls $3
*** FLOP *** [Jh 8c 9h]
stasschi: checks
MTails: bets $3
stasschi: raises $3 to $6
MTails: calls $3
*** TURN *** [Jh 8c 9h] [Ad]
stasschi: checks
MTails: bets $6
stasschi: calls $6
*** RIVER *** [Jh 8c 9h Ad] [Kd]
stasschi: checks
MTails: bets $6
stasschi: calls $6
*** SHOW DOWN ***
MTails: shows [Jc 2s] (a pair of Jacks)
stasschi: shows [Th Kh] (a pair of Kings)
stasschi collected $47.50 from pot
*** SUMMARY ***
Total pot $48 | Rake $0.50
Board [Jh 8c 9h Ad Kd]
Seat 1: stasschi (big blind) showed [Th Kh] and won ($47.50) with a pair of Kings
Seat 4: MTails (button) (small blind) showed [Jc 2s] and lost with a pair of Jacks


PokerStars Hand #152554568908:  Hold'em Limit ($3/$6 USD) - 2016/04/28 4:47:58 ET
Table 'Wezen II' 6-max Seat #1 is the button
Seat 1: stasschi ($197.95 in chips)
Seat 4: MTails ($134.37 in chips)
stasschi: posts small blind $1
MTails: posts big blind $3
*** HOLE CARDS ***
stasschi: raises $3 to $6
MTails: calls $3
*** FLOP *** [Qh As 6d]
MTails: checks
stasschi: bets $3
MTails: folds
Uncalled bet ($3) returned to stasschi
stasschi collected $11.76 from pot
*** SUMMARY ***
Total pot $12 | Rake $0.24
Board [Qh As 6d]
Seat 1: stasschi (button) (small blind) collected ($11.76)
Seat 4: MTails (big blind) folded on the Flop


PokerStars Hand #152554555442:  Hold'em Limit ($3/$6 USD) - 2016/04/28 4:47:18 ET
Table 'Wezen II' 6-max Seat #1 is the button
Seat 1: stasschi ($177.45 in chips)
Seat 4: MTails ($155.37 in chips)
stasschi: posts small blind $1
MTails: posts big blind $3
*** HOLE CARDS ***
stasschi: folds
Uncalled bet ($2) returned to MTails
MTails collected $2 from pot
MTails: doesn't show hand
*** SUMMARY ***
Total pot $2 | Rake $0
Seat 1: stasschi (button) (small blind) folded before Flop
Seat 4: MTails (big blind) collected ($2)


PokerStars Hand #152554572050:  Hold'em Limit ($3/$6 USD) - 2016/04/28 4:48:07 ET
Table 'Wezen II' 6-max Seat #4 is the button
Seat 1: stasschi ($203.71 in chips)
Seat 4: MTails ($128.37 in chips)
MTails: posts small blind $1
stasschi: posts big blind $3
*** HOLE CARDS ***
MTails: raises $3 to $6
stasschi: calls $3
*** FLOP *** [7c 5h Qs]
stasschi: checks
MTails: bets $3
stasschi: calls $3
*** TURN *** [7c 5h Qs] [6d]
stasschi: checks
MTails: bets $6
stasschi: calls $6
*** RIVER *** [7c 5h Qs 6d] [4d]
stasschi: checks
MTails: bets $6
stasschi: calls $6
*** SHOW DOWN ***
MTails: shows [Ah 8c] (a straight, Four to Eight)
stasschi: mucks hand
MTails collected $41.50 from pot
*** SUMMARY ***
Total pot $42 | Rake $0.50
Board [7c 5h Qs 6d 4d]
Seat 1: stasschi (big blind) mucked
Seat 4: MTails (button) (small blind) showed [Ah 8c] and won ($41.50) with a straight, Four to Eight


PokerStars Hand #152554581048:  Hold'em Limit ($3/$6 USD) - 2016/04/28 4:48:34 ET
Table 'Wezen II' 6-max Seat #1 is the button
Seat 1: stasschi ($182.71 in chips)
Seat 4: MTails ($148.87 in chips)
stasschi: posts small blind $1
MTails: posts big blind $3
*** HOLE CARDS ***
stasschi: raises $3 to $6
MTails: raises $3 to $9
stasschi: calls $3
*** FLOP *** [4h Ac 7d]
MTails: bets $3
stasschi: calls $3
*** TURN *** [4h Ac 7d] [3s]
MTails: checks
stasschi: bets $6
MTails: calls $6
*** RIVER *** [4h Ac 7d 3s] [Jd]
MTails: checks
stasschi: bets $6
MTails: folds
Uncalled bet ($6) returned to stasschi
stasschi collected $35.50 from pot
*** SUMMARY ***
Total pot $36 | Rake $0.50
Board [4h Ac 7d 3s Jd]
Seat 1: stasschi (button) (small blind) collected ($35.50)
Seat 4: MTails (big blind) folded on the River


PokerStars Hand #152554587402:  Hold'em Limit ($3/$6 USD) - 2016/04/28 4:48:53 ET
Table 'Wezen II' 6-max Seat #4 is the button
Seat 1: stasschi ($200.21 in chips)
Seat 4: MTails ($130.87 in chips)
MTails: posts small blind $1
stasschi: posts big blind $3
*** HOLE CARDS ***
MTails: raises $3 to $6
stasschi: calls $3
*** FLOP *** [As 9c 3d]
stasschi: checks
MTails: bets $3
stasschi: calls $3
*** TURN *** [As 9c 3d] [4c]
stasschi: checks
MTails: checks
*** RIVER *** [As 9c 3d 4c] [7d]
stasschi: checks
MTails: bets $6
stasschi: folds
Uncalled bet ($6) returned to MTails
MTails collected $17.64 from pot
*** SUMMARY ***
Total pot $18 | Rake $0.36
Board [As 9c 3d 4c 7d]
Seat 1: stasschi (big blind) folded on the River
Seat 4: MTails (button) (small blind) collected ($17.64)


PokerStars Hand #152554594603:  Hold'em Limit ($3/$6 USD) - 2016/04/28 4:49:14 ET
Table 'Wezen II' 6-max Seat #1 is the button
Seat 1: stasschi ($191.21 in chips)
Seat 4: MTails ($139.51 in chips)
stasschi: posts small blind $1
MTails: posts big blind $3
*** HOLE CARDS ***
stasschi: raises $3 to $6
MTails: calls $3
*** FLOP *** [Th 2h Jc]
MTails: checks
stasschi: checks
*** TURN *** [Th 2h Jc] [2c]
MTails: checks
stasschi: checks
*** RIVER *** [Th 2h Jc 2c] [3d]
MTails: checks
stasschi: checks
*** SHOW DOWN ***
MTails: shows [8c 7d] (a pair of Deuces)
stasschi: shows [Ac 9d] (a pair of Deuces - Ace kicker)
stasschi collected $11.76 from pot
*** SUMMARY ***
Total pot $12 | Rake $0.24
Board [Th 2h Jc 2c 3d]
Seat 1: stasschi (button) (small blind) showed [Ac 9d] and won ($11.76) with a pair of Deuces
Seat 4: MTails (big blind) showed [8c 7d] and lost with a pair of Deuces


PokerStars Hand #152554606622:  Hold'em Limit ($3/$6 USD) - 2016/04/28 4:49:49 ET
Table 'Wezen II' 6-max Seat #1 is the button
Seat 1: stasschi ($217.47 in chips)
Seat 4: MTails ($112.51 in chips)
stasschi: posts small blind $1
MTails: posts big blind $3
*** HOLE CARDS ***
stasschi: folds
Uncalled bet ($2) returned to MTails
MTails collected $2 from pot
MTails: doesn't show hand
*** SUMMARY ***
Total pot $2 | Rake $0
Seat 1: stasschi (button) (small blind) folded before Flop
Seat 4: MTails (big blind) collected ($2)


PokerStars Hand #152554599338:  Hold'em Limit ($3/$6 USD) - 2016/04/28 4:49:27 ET
Table 'Wezen II' 6-max Seat #4 is the button
Seat 1: stasschi ($196.97 in chips)
Seat 4: MTails ($133.51 in chips)
MTails: posts small blind $1
stasschi: posts big blind $3
*** HOLE CARDS ***
MTails: raises $3 to $6
stasschi: calls $3
*** FLOP *** [Ts Td 3h]
stasschi: checks
MTails: bets $3
stasschi: calls $3
*** TURN *** [Ts Td 3h] [5h]
stasschi: checks
MTails: bets $6
stasschi: calls $6
*** RIVER *** [Ts Td 3h 5h] [4h]
stasschi: checks
MTails: bets $6
stasschi: calls $6
*** SHOW DOWN ***
MTails: shows [7s 8c] (a pair of Tens)
stasschi: shows [Ks 4d] (two pair, Tens and Fours)
stasschi collected $41.50 from pot
*** SUMMARY ***
Total pot $42 | Rake $0.50
Board [Ts Td 3h 5h 4h]
Seat 1: stasschi (big blind) showed [Ks 4d] and won ($41.50) with two pair, Tens and Fours
Seat 4: MTails (button) (small blind) showed [7s 8c] and lost with a pair of Tens


PokerStars Hand #152554608292:  Hold'em Limit ($3/$6 USD) - 2016/04/28 4:49:54 ET
Table 'Wezen II' 6-max Seat #4 is the button
Seat 1: stasschi ($216.47 in chips)
Seat 4: MTails ($113.51 in chips)
MTails: posts small blind $1
stasschi: posts big blind $3
*** HOLE CARDS ***
MTails: raises $3 to $6
stasschi: calls $3
*** FLOP *** [8d 9c Jc]
stasschi: checks
MTails: bets $3
stasschi: calls $3
*** TURN *** [8d 9c Jc] [Ts]
stasschi: checks
MTails: bets $6
stasschi: calls $6
*** RIVER *** [8d 9c Jc Ts] [Kc]
stasschi: checks
MTails: bets $6
stasschi: calls $6
*** SHOW DOWN ***
MTails: shows [Kh 6s] (a pair of Kings)
stasschi: shows [Ks 7h] (a straight, Seven to Jack)
stasschi collected $41.50 from pot
*** SUMMARY ***
Total pot $42 | Rake $0.50
Board [8d 9c Jc Ts Kc]
Seat 1: stasschi (big blind) showed [Ks 7h] and won ($41.50) with a straight, Seven to Jack
Seat 4: MTails (button) (small blind) showed [Kh 6s] and lost with a pair of Kings


PokerStars Hand #152554615132:  Hold'em Limit ($3/$6 USD) - 2016/04/28 4:50:14 ET
Table 'Wezen II' 6-max Seat #1 is the button
Seat 1: stasschi ($236.97 in chips)
Seat 4: MTails ($92.51 in chips)
stasschi: posts small blind $1
MTails: posts big blind $3
*** HOLE CARDS ***
stasschi: folds
Uncalled bet ($2) returned to MTails
MTails collected $2 from pot
MTails: doesn't show hand
*** SUMMARY ***
Total pot $2 | Rake $0
Seat 1: stasschi (button) (small blind) folded before Flop
Seat 4: MTails (big blind) collected ($2)


PokerStars Hand #152554622747:  Hold'em Limit ($3/$6 USD) - 2016/04/28 4:50:36 ET
Table 'Wezen II' 6-max Seat #1 is the button
Seat 1: stasschi ($244.61 in chips)
Seat 4: MTails ($84.51 in chips)
stasschi: posts small blind $1
MTails: posts big blind $3
*** HOLE CARDS ***
stasschi: folds
Uncalled bet ($2) returned to MTails
MTails collected $2 from pot
MTails: doesn't show hand
*** SUMMARY ***
Total pot $2 | Rake $0
Seat 1: stasschi (button) (small blind) folded before Flop
Seat 4: MTails (big blind) collected ($2)


PokerStars Hand #152554616821:  Hold'em Limit ($3/$6 USD) - 2016/04/28 4:50:19 ET
Table 'Wezen II' 6-max Seat #4 is the button
Seat 1: stasschi ($235.97 in chips)
Seat 4: MTails ($93.51 in chips)
MTails: posts small blind $1
stasschi: posts big blind $3
*** HOLE CARDS ***
MTails: raises $3 to $6
stasschi: calls $3
*** FLOP *** [Ad 6d Kc]
stasschi: checks
MTails: bets $3
stasschi: calls $3
*** TURN *** [Ad 6d Kc] [9d]
stasschi: checks
MTails: checks
*** RIVER *** [Ad 6d Kc 9d] [3c]
stasschi: bets $6
MTails: folds
Uncalled bet ($6) returned to stasschi
stasschi collected $17.64 from pot
*** SUMMARY ***
Total pot $18 | Rake $0.36
Board [Ad 6d Kc 9d 3c]
Seat 1: stasschi (big blind) collected ($17.64)
Seat 4: MTails (button) (small blind) folded on the River


PokerStars Hand #152554629325:  Hold'em Limit ($3/$6 USD) - 2016/04/28 4:50:56 ET
Table 'Wezen II' 6-max Seat #1 is the button
Seat 1: stasschi ($255.13 in chips)
Seat 4: MTails ($133.51 in chips)
stasschi: posts small blind $1
MTails: posts big blind $3
*** HOLE CARDS ***
stasschi: raises $3 to $6
MTails: calls $3
*** FLOP *** [Ah 4h Qh]
MTails: checks
stasschi: checks
*** TURN *** [Ah 4h Qh] [7c]
MTails: bets $6
stasschi: folds
Uncalled bet ($6) returned to MTails
MTails collected $11.76 from pot
*** SUMMARY ***
Total pot $12 | Rake $0.24
Board [Ah 4h Qh 7c]
Seat 1: stasschi (button) (small blind) folded on the Turn
Seat 4: MTails (big blind) collected ($11.76)


PokerStars Hand #152554624740:  Hold'em Limit ($3/$6 USD) - 2016/04/28 4:50:42 ET
Table 'Wezen II' 6-max Seat #4 is the button
Seat 1: stasschi ($243.61 in chips)
Seat 4: MTails ($145.51 in chips)
MTails: posts small blind $1
stasschi: posts big blind $3
*** HOLE CARDS ***
MTails: raises $3 to $6
stasschi: calls $3
*** FLOP *** [Qc 7d 9c]
stasschi: checks
MTails: checks
*** TURN *** [Qc 7d 9c] [7h]
stasschi: bets $6
MTails: calls $6
*** RIVER *** [Qc 7d 9c 7h] [Jh]
stasschi: checks
MTails: checks
*** SHOW DOWN ***
stasschi: shows [5h 9d] (two pair, Nines and Sevens)
MTails: mucks hand
stasschi collected $23.52 from pot
*** SUMMARY ***
Total pot $24 | Rake $0.48
Board [Qc 7d 9c 7h Jh]
Seat 1: stasschi (big blind) showed [5h 9d] and won ($23.52) with two pair, Nines and Sevens
Seat 4: MTails (button) (small blind) mucked


PokerStars Hand #152554642965:  Hold'em Limit ($3/$6 USD) - 2016/04/28 4:51:36 ET
Table 'Wezen II' 6-max Seat #4 is the button
Seat 1: stasschi ($257.63 in chips)
Seat 4: MTails ($130.03 in chips)
MTails: posts small blind $1
stasschi: posts big blind $3
*** HOLE CARDS ***
MTails: raises $3 to $6
stasschi: calls $3
*** FLOP *** [Qs Kc 4d]
stasschi: checks
MTails: bets $3
stasschi: raises $3 to $6
MTails: calls $3
*** TURN *** [Qs Kc 4d] [Qc]
stasschi: checks
MTails: checks
*** RIVER *** [Qs Kc 4d Qc] [2c]
stasschi: checks
MTails: bets $6
stasschi: calls $6
*** SHOW DOWN ***
MTails: shows [5s 5d] (two pair, Queens and Fives)
stasschi: mucks hand
MTails collected $35.50 from pot
*** SUMMARY ***
Total pot $36 | Rake $0.50
Board [Qs Kc 4d Qc 2c]
Seat 1: stasschi (big blind) mucked
Seat 4: MTails (button) (small blind) showed [5s 5d] and won ($35.50) with two pair, Queens and Fives


PokerStars Hand #152554633792:  Hold'em Limit ($3/$6 USD) - 2016/04/28 4:51:09 ET
Table 'Wezen II' 6-max Seat #4 is the button
Seat 1: stasschi ($249.13 in chips)
Seat 4: MTails ($139.27 in chips)
MTails: posts small blind $1
stasschi: posts big blind $3
*** HOLE CARDS ***
MTails: raises $3 to $6
stasschi: calls $3
*** FLOP *** [5s Kd 3d]
stasschi: checks
MTails: bets $3
stasschi: folds
Uncalled bet ($3) returned to MTails
MTails collected $11.76 from pot
MTails: doesn't show hand
*** SUMMARY ***
Total pot $12 | Rake $0.24
Board [5s Kd 3d]
Seat 1: stasschi (big blind) folded on the Flop
Seat 4: MTails (button) (small blind) collected ($11.76)


PokerStars Hand #152554637339:  Hold'em Limit ($3/$6 USD) - 2016/04/28 4:51:19 ET
Table 'Wezen II' 6-max Seat #1 is the button
Seat 1: stasschi ($243.13 in chips)
Seat 4: MTails ($145.03 in chips)
stasschi: posts small blind $1
MTails: posts big blind $3
*** HOLE CARDS ***
stasschi: raises $3 to $6
MTails: calls $3
*** FLOP *** [Ks 5h 8d]
MTails: checks
stasschi: bets $3
MTails: calls $3
*** TURN *** [Ks 5h 8d] [2s]
MTails: checks
stasschi: checks
*** RIVER *** [Ks 5h 8d 2s] [5c]
MTails: bets $6
stasschi: calls $6
*** SHOW DOWN ***
MTails: shows [3c Js] (a pair of Fives)
stasschi: shows [Qh Tc] (a pair of Fives - King+Queen kicker)
stasschi collected $29.50 from pot
*** SUMMARY ***
Total pot $30 | Rake $0.50
Board [Ks 5h 8d 2s 5c]
Seat 1: stasschi (button) (small blind) showed [Qh Tc] and won ($29.50) with a pair of Fives
Seat 4: MTails (big blind) showed [3c Js] and lost with a pair of Fives


PokerStars Hand #152554670914:  Hold'em Limit ($3/$6 USD) - 2016/04/28 4:52:58 ET
Table 'Wezen II' 6-max Seat #4 is the button
Seat 1: stasschi ($286.27 in chips)
Seat 4: MTails ($159.53 in chips)
MTails: posts small blind $1
stasschi: posts big blind $3
*** HOLE CARDS ***
MTails: raises $3 to $6
stasschi: calls $3
*** FLOP *** [4d 4s Ad]
stasschi: checks
MTails: bets $3
stasschi: folds
Uncalled bet ($3) returned to MTails
MTails collected $11.76 from pot
*** SUMMARY ***
Total pot $12 | Rake $0.24
Board [4d 4s Ad]
Seat 1: stasschi (big blind) folded on the Flop
Seat 4: MTails (button) (small blind) collected ($11.76)


PokerStars Hand #152554664519:  Hold'em Limit ($3/$6 USD) - 2016/04/28 4:52:40 ET
Table 'Wezen II' 6-max Seat #1 is the button
Seat 1: stasschi ($265.77 in chips)
Seat 4: MTails ($120.53 in chips)
stasschi: posts small blind $1
MTails: posts big blind $3
*** HOLE CARDS ***
stasschi: raises $3 to $6
MTails: calls $3
*** FLOP *** [5c 6d Kh]
MTails: checks
stasschi: bets $3
MTails: calls $3
*** TURN *** [5c 6d Kh] [7c]
MTails: checks
stasschi: bets $6
MTails: calls $6
*** RIVER *** [5c 6d Kh 7c] [Tc]
MTails: checks
stasschi: bets $6
MTails: calls $6
*** SHOW DOWN ***
stasschi: shows [Kc Js] (a pair of Kings)
MTails: mucks hand
stasschi collected $41.50 from pot
*** SUMMARY ***
Total pot $42 | Rake $0.50
Board [5c 6d Kh 7c Tc]
Seat 1: stasschi (button) (small blind) showed [Kc Js] and won ($41.50) with a pair of Kings
Seat 4: MTails (big blind) mucked


PokerStars Hand #152554651785:  Hold'em Limit ($3/$6 USD) - 2016/04/28 4:52:02 ET
Table 'Wezen II' 6-max Seat #1 is the button
Seat 1: stasschi ($239.63 in chips)
Seat 4: MTails ($147.53 in chips)
stasschi: posts small blind $1
MTails: posts big blind $3
*** HOLE CARDS ***
stasschi: raises $3 to $6
MTails: calls $3
*** FLOP *** [9c Qh 4s]
MTails: checks
stasschi: bets $3
MTails: calls $3
*** TURN *** [9c Qh 4s] [7c]
MTails: checks
stasschi: bets $6
MTails: folds
Uncalled bet ($6) returned to stasschi
stasschi collected $17.64 from pot
*** SUMMARY ***
Total pot $18 | Rake $0.36
Board [9c Qh 4s 7c]
Seat 1: stasschi (button) (small blind) collected ($17.64)
Seat 4: MTails (big blind) folded on the Turn


PokerStars Hand #152554656782:  Hold'em Limit ($3/$6 USD) - 2016/04/28 4:52:17 ET
Table 'Wezen II' 6-max Seat #4 is the button
Seat 1: stasschi ($248.27 in chips)
Seat 4: MTails ($138.53 in chips)
MTails: posts small blind $1
stasschi: posts big blind $3
*** HOLE CARDS ***
MTails: raises $3 to $6
stasschi: calls $3
*** FLOP *** [7h Ks Qh]
stasschi: checks
MTails: bets $3
stasschi: raises $3 to $6
MTails: calls $3
*** TURN *** [7h Ks Qh] [6d]
stasschi: checks
MTails: bets $6
stasschi: calls $6
*** RIVER *** [7h Ks Qh 6d] [8h]
stasschi: bets $6
MTails: folds
Uncalled bet ($6) returned to stasschi
stasschi collected $35.50 from pot
*** SUMMARY ***
Total pot $36 | Rake $0.50
Board [7h Ks Qh 6d 8h]
Seat 1: stasschi (big blind) collected ($35.50)
Seat 4: MTails (button) (small blind) folded on the River


PokerStars Hand #152554682896:  Hold'em Limit ($3/$6 USD) - 2016/04/28 4:53:35 ET
Table 'Wezen II' 6-max Seat #1 is the button
Seat 1: stasschi ($265.27 in chips)
Seat 4: MTails ($179.81 in chips)
stasschi: posts small blind $1
MTails: posts big blind $3
*** HOLE CARDS ***
stasschi: raises $3 to $6
MTails: calls $3
*** FLOP *** [9c 4h Qd]
MTails: checks
stasschi: bets $3
MTails: raises $3 to $6
stasschi: calls $3
*** TURN *** [9c 4h Qd] [2d]
MTails: bets $6
stasschi: calls $6
*** RIVER *** [9c 4h Qd 2d] [5d]
MTails: bets $6
stasschi: calls $6
*** SHOW DOWN ***
MTails: shows [5h Ac] (a pair of Fives)
stasschi: shows [5c Ad] (a pair of Fives)
MTails collected $23.75 from pot
stasschi collected $23.75 from pot
*** SUMMARY ***
Total pot $48 | Rake $0.50
Board [9c 4h Qd 2d 5d]
Seat 1: stasschi (button) (small blind) showed [5c Ad] and won ($23.75) with a pair of Fives
Seat 4: MTails (big blind) showed [5h Ac] and won ($23.75) with a pair of Fives


PokerStars Hand #152554681169:  Hold'em Limit ($3/$6 USD) - 2016/04/28 4:53:30 ET
Table 'Wezen II' 6-max Seat #4 is the button
Seat 1: stasschi ($268.27 in chips)
Seat 4: MTails ($176.81 in chips)
MTails: posts small blind $1
stasschi: posts big blind $3
*** HOLE CARDS ***
MTails: raises $3 to $6
stasschi: folds
Uncalled bet ($3) returned to MTails
MTails collected $6 from pot
*** SUMMARY ***
Total pot $6 | Rake $0
Seat 1: stasschi (big blind) folded before Flop
Seat 4: MTails (button) (small blind) collected ($6)


PokerStars Hand #152554674645:  Hold'em Limit ($3/$6 USD) - 2016/04/28 4:53:10 ET
Table 'Wezen II' 6-max Seat #1 is the button
Seat 1: stasschi ($280.27 in chips)
Seat 4: MTails ($165.29 in chips)
stasschi: posts small blind $1
MTails: posts big blind $3
*** HOLE CARDS ***
stasschi: raises $3 to $6
MTails: calls $3
*** FLOP *** [Jd 9h Qd]
MTails: checks
stasschi: checks
*** TURN *** [Jd 9h Qd] [5d]
MTails: bets $6
stasschi: calls $6
*** RIVER *** [Jd 9h Qd 5d] [Qs]
MTails: checks
stasschi: checks
*** SHOW DOWN ***
MTails: shows [Ah 7d] (a pair of Queens)
stasschi: mucks hand
MTails collected $23.52 from pot
*** SUMMARY ***
Total pot $24 | Rake $0.48
Board [Jd 9h Qd 5d Qs]
Seat 1: stasschi (button) (small blind) mucked
Seat 4: MTails (big blind) showed [Ah 7d] and won ($23.52) with a pair of Queens


PokerStars Hand #152554690162:  Hold'em Limit ($3/$6 USD) - 2016/04/28 4:53:57 ET
Table 'Wezen II' 6-max Seat #4 is the button
Seat 1: stasschi ($265.02 in chips)
Seat 4: MTails ($179.56 in chips)
MTails: posts small blind $1
stasschi: posts big blind $3
*** HOLE CARDS ***
MTails: raises $3 to $6
stasschi: calls $3
*** FLOP *** [9h Qd 4h]
stasschi: checks
MTails: bets $3
stasschi: raises $3 to $6
MTails: calls $3
*** TURN *** [9h Qd 4h] [5s]
stasschi: bets $6
MTails: raises $6 to $12
stasschi: calls $6
*** RIVER *** [9h Qd 4h 5s] [2d]
stasschi: checks
MTails: checks
*** SHOW DOWN ***
stasschi: shows [As 9d] (a pair of Nines)
MTails: mucks hand
stasschi collected $47.50 from pot
*** SUMMARY ***
Total pot $48 | Rake $0.50
Board [9h Qd 4h 5s 2d]
Seat 1: stasschi (big blind) showed [As 9d] and won ($47.50) with a pair of Nines
Seat 4: MTails (button) (small blind) mucked


PokerStars Hand #152554700244:  Hold'em Limit ($3/$6 USD) - 2016/04/28 4:54:28 ET
Table 'Wezen II' 6-max Seat #4 is the button
Seat 1: stasschi ($287.52 in chips)
Seat 4: MTails ($156.56 in chips)
MTails: posts small blind $1
stasschi: posts big blind $3
*** HOLE CARDS ***
MTails: raises $3 to $6
stasschi: folds
Uncalled bet ($3) returned to MTails
MTails collected $6 from pot
*** SUMMARY ***
Total pot $6 | Rake $0
Seat 1: stasschi (big blind) folded before Flop
Seat 4: MTails (button) (small blind) collected ($6)


PokerStars Hand #152554697344:  Hold'em Limit ($3/$6 USD) - 2016/04/28 4:54:19 ET
Table 'Wezen II' 6-max Seat #1 is the button
Seat 1: stasschi ($288.52 in chips)
Seat 4: MTails ($155.56 in chips)
stasschi: posts small blind $1
MTails: posts big blind $3
*** HOLE CARDS ***
stasschi: folds
Uncalled bet ($2) returned to MTails
MTails collected $2 from pot
MTails: doesn't show hand
*** SUMMARY ***
Total pot $2 | Rake $0
Seat 1: stasschi (button) (small blind) folded before Flop
Seat 4: MTails (big blind) collected ($2)


PokerStars Hand #152554722808:  Hold'em Limit ($3/$6 USD) - 2016/04/28 4:55:36 ET
Table 'Wezen II' 6-max Seat #1 is the button
Seat 1: stasschi ($265.16 in chips)
Seat 4: MTails ($177.82 in chips)
stasschi: posts small blind $1
MTails: posts big blind $3
*** HOLE CARDS ***
stasschi: raises $3 to $6
MTails: raises $3 to $9
stasschi: calls $3
*** FLOP *** [6h 6d 7d]
MTails: bets $3
stasschi: calls $3
*** TURN *** [6h 6d 7d] [Kd]
MTails: bets $6
stasschi: raises $6 to $12
MTails: calls $6
*** RIVER *** [6h 6d 7d Kd] [3c]
MTails: checks
stasschi: bets $6
MTails: calls $6
*** SHOW DOWN ***
stasschi: shows [6c Jd] (three of a kind, Sixes)
MTails: mucks hand
stasschi collected $59.50 from pot
*** SUMMARY ***
Total pot $60 | Rake $0.50
Board [6h 6d 7d Kd 3c]
Seat 1: stasschi (button) (small blind) showed [6c Jd] and won ($59.50) with three of a kind, Sixes
Seat 4: MTails (big blind) mucked


PokerStars Hand #152554714799:  Hold'em Limit ($3/$6 USD) - 2016/04/28 4:55:11 ET
Table 'Wezen II' 6-max Seat #1 is the button
Seat 1: stasschi ($272.16 in chips)
Seat 4: MTails ($171.06 in chips)
stasschi: posts small blind $1
MTails: posts big blind $3
*** HOLE CARDS ***
stasschi: folds
Uncalled bet ($2) returned to MTails
MTails collected $2 from pot
MTails: doesn't show hand
*** SUMMARY ***
Total pot $2 | Rake $0
Seat 1: stasschi (button) (small blind) folded before Flop
Seat 4: MTails (big blind) collected ($2)


PokerStars Hand #152554721341:  Hold'em Limit ($3/$6 USD) - 2016/04/28 4:55:32 ET
Table 'Wezen II' 6-max Seat #4 is the button
Seat 1: stasschi ($264.16 in chips)
Seat 4: MTails ($178.82 in chips)
MTails: posts small blind $1
stasschi: posts big blind $3
*** HOLE CARDS ***
MTails: folds
Uncalled bet ($2) returned to stasschi
stasschi collected $2 from pot
*** SUMMARY ***
Total pot $2 | Rake $0
Seat 1: stasschi (big blind) collected ($2)
Seat 4: MTails (button) (small blind) folded before Flop


PokerStars Hand #152554719611:  Hold'em Limit ($3/$6 USD) - 2016/04/28 4:55:26 ET
Table 'Wezen II' 6-max Seat #1 is the button
Seat 1: stasschi ($265.16 in chips)
Seat 4: MTails ($177.82 in chips)
stasschi: posts small blind $1
MTails: posts big blind $3
*** HOLE CARDS ***
stasschi: folds
Uncalled bet ($2) returned to MTails
MTails collected $2 from pot
MTails: doesn't show hand
*** SUMMARY ***
Total pot $2 | Rake $0
Seat 1: stasschi (button) (small blind) folded before Flop
Seat 4: MTails (big blind) collected ($2)


PokerStars Hand #152554716361:  Hold'em Limit ($3/$6 USD) - 2016/04/28 4:55:16 ET
Table 'Wezen II' 6-max Seat #4 is the button
Seat 1: stasschi ($271.16 in chips)
Seat 4: MTails ($172.06 in chips)
MTails: posts small blind $1
stasschi: posts big blind $3
*** HOLE CARDS ***
MTails: raises $3 to $6
stasschi: calls $3
*** FLOP *** [2c Td As]
stasschi: checks
MTails: bets $3
stasschi: folds
Uncalled bet ($3) returned to MTails
MTails collected $11.76 from pot
*** SUMMARY ***
Total pot $12 | Rake $0.24
Board [2c Td As]
Seat 1: stasschi (big blind) folded on the Flop
Seat 4: MTails (button) (small blind) collected ($11.76)


PokerStars Hand #152554730533:  Hold'em Limit ($3/$6 USD) - 2016/04/28 4:56:00 ET
Table 'Wezen II' 6-max Seat #4 is the button
Seat 1: stasschi ($294.66 in chips)
Seat 4: MTails ($147.82 in chips)
MTails: posts small blind $1
stasschi: posts big blind $3
*** HOLE CARDS ***
MTails: raises $3 to $6
stasschi: calls $3
*** FLOP *** [8c 9h 4d]
stasschi: checks
MTails: bets $3
stasschi: calls $3
*** TURN *** [8c 9h 4d] [3c]
stasschi: checks
MTails: bets $6
stasschi: calls $6
*** RIVER *** [8c 9h 4d 3c] [Qd]
stasschi: checks
MTails: bets $6
stasschi: calls $6
*** SHOW DOWN ***
MTails: shows [7h Td] (high card Queen)
stasschi: shows [2c 4c] (a pair of Fours)
stasschi collected $41.50 from pot
*** SUMMARY ***
Total pot $42 | Rake $0.50
Board [8c 9h 4d 3c Qd]
Seat 1: stasschi (big blind) showed [2c 4c] and won ($41.50) with a pair of Fours
Seat 4: MTails (button) (small blind) showed [7h Td] and lost with high card Queen


