PokerStars Hand #144886549451:  Hold'em Limit ($3/$6 USD) - 2015/12/05 19:12:25 ET
Table 'Wezen' 2-max Seat #1 is the button
Seat 1: nrJitsu ($185 in chips)
Seat 2: ManuelSikora ($66.48 in chips)
nrJitsu: posts small blind $1
ManuelSikora: posts big blind $3
*** HOLE CARDS ***
nrJitsu: raises $3 to $6
ManuelSikora: raises $3 to $9
nrJitsu: calls $3
*** FLOP *** [6c 5h 2d]
ManuelSikora: bets $3
nrJitsu: calls $3
*** TURN *** [6c 5h 2d] [3c]
ManuelSikora: bets $6
nrJitsu: folds
Uncalled bet ($6) returned to ManuelSikora
ManuelSikora collected $23.52 from pot
ManuelSikora: doesn't show hand
*** SUMMARY ***
Total pot $24 | Rake $0.48
Board [6c 5h 2d 3c]
Seat 1: nrJitsu (button) (small blind) folded on the Turn
Seat 2: ManuelSikora (big blind) collected ($23.52)


PokerStars Hand #144886582517:  Hold'em Limit ($3/$6 USD) - 2015/12/05 19:13:13 ET
Table 'Wezen' 2-max Seat #1 is the button
Seat 1: nrJitsu ($196.50 in chips)
Seat 2: ManuelSikora ($54 in chips)
nrJitsu: posts small blind $1
ManuelSikora: posts big blind $3
*** HOLE CARDS ***
nrJitsu: raises $3 to $6
ManuelSikora: raises $3 to $9
nrJitsu: calls $3
*** FLOP *** [Jd 4s Jh]
ManuelSikora: bets $3
nrJitsu: calls $3
*** TURN *** [Jd 4s Jh] [8c]
ManuelSikora: checks
nrJitsu: bets $6
ManuelSikora: folds
Uncalled bet ($6) returned to nrJitsu
nrJitsu collected $23.52 from pot
nrJitsu: doesn't show hand
*** SUMMARY ***
Total pot $24 | Rake $0.48
Board [Jd 4s Jh 8c]
Seat 1: nrJitsu (button) (small blind) collected ($23.52)
Seat 2: ManuelSikora (big blind) folded on the Turn


PokerStars Hand #144886565547:  Hold'em Limit ($3/$6 USD) - 2015/12/05 19:12:48 ET
Table 'Wezen' 2-max Seat #2 is the button
Seat 1: nrJitsu ($173 in chips)
Seat 2: ManuelSikora ($78 in chips)
ManuelSikora: posts small blind $1
nrJitsu: posts big blind $3
*** HOLE CARDS ***
ManuelSikora: raises $3 to $6
nrJitsu: raises $3 to $9
ManuelSikora: calls $3
*** FLOP *** [9d 3h Jc]
nrJitsu: bets $3
ManuelSikora: calls $3
*** TURN *** [9d 3h Jc] [6h]
nrJitsu: bets $6
ManuelSikora: calls $6
*** RIVER *** [9d 3h Jc 6h] [As]
nrJitsu: bets $6
ManuelSikora: calls $6
*** SHOW DOWN ***
nrJitsu: shows [Qc Ad] (a pair of Aces)
ManuelSikora: mucks hand
nrJitsu collected $47.50 from pot
*** SUMMARY ***
Total pot $48 | Rake $0.50
Board [9d 3h Jc 6h As]
Seat 1: nrJitsu (big blind) showed [Qc Ad] and won ($47.50) with a pair of Aces
Seat 2: ManuelSikora (button) (small blind) mucked


PokerStars Hand #144886639703:  Hold'em Limit ($3/$6 USD) - 2015/12/05 19:14:36 ET
Table 'Wezen' 2-max Seat #1 is the button
Seat 1: nrJitsu ($186.02 in chips)
Seat 2: ManuelSikora ($63.26 in chips)
nrJitsu: posts small blind $1
ManuelSikora: posts big blind $3
*** HOLE CARDS ***
nrJitsu: raises $3 to $6
ManuelSikora: calls $3
*** FLOP *** [Ts Tc 2s]
ManuelSikora: bets $3
nrJitsu: calls $3
*** TURN *** [Ts Tc 2s] [Ah]
ManuelSikora: checks
nrJitsu: bets $6
ManuelSikora: folds
Uncalled bet ($6) returned to nrJitsu
nrJitsu collected $17.64 from pot
nrJitsu: doesn't show hand
*** SUMMARY ***
Total pot $18 | Rake $0.36
Board [Ts Tc 2s Ah]
Seat 1: nrJitsu (button) (small blind) collected ($17.64)
Seat 2: ManuelSikora (big blind) folded on the Turn


PokerStars Hand #144886626652:  Hold'em Limit ($3/$6 USD) - 2015/12/05 19:14:17 ET
Table 'Wezen' 2-max Seat #2 is the button
Seat 1: nrJitsu ($192.02 in chips)
Seat 2: ManuelSikora ($57.50 in chips)
ManuelSikora: posts small blind $1
nrJitsu: posts big blind $3
*** HOLE CARDS ***
ManuelSikora: raises $3 to $6
nrJitsu: calls $3
*** FLOP *** [3h 3c Qd]
nrJitsu: checks
ManuelSikora: bets $3
nrJitsu: folds
Uncalled bet ($3) returned to ManuelSikora
ManuelSikora collected $11.76 from pot
ManuelSikora: doesn't show hand
*** SUMMARY ***
Total pot $12 | Rake $0.24
Board [3h 3c Qd]
Seat 1: nrJitsu (big blind) folded on the Flop
Seat 2: ManuelSikora (button) (small blind) collected ($11.76)


PokerStars Hand #144886623493:  Hold'em Limit ($3/$6 USD) - 2015/12/05 19:14:12 ET
Table 'Wezen' 2-max Seat #1 is the button
Seat 1: nrJitsu ($193.02 in chips)
Seat 2: ManuelSikora ($56.50 in chips)
nrJitsu: posts small blind $1
ManuelSikora: posts big blind $3
*** HOLE CARDS ***
nrJitsu: folds
Uncalled bet ($2) returned to ManuelSikora
ManuelSikora collected $2 from pot
ManuelSikora: doesn't show hand
*** SUMMARY ***
Total pot $2 | Rake $0
Seat 1: nrJitsu (button) (small blind) folded before Flop
Seat 2: ManuelSikora (big blind) collected ($2)


PokerStars Hand #144886607313:  Hold'em Limit ($3/$6 USD) - 2015/12/05 19:13:49 ET
Table 'Wezen' 2-max Seat #2 is the button
Seat 1: nrJitsu ($208.02 in chips)
Seat 2: ManuelSikora ($42 in chips)
ManuelSikora: posts small blind $1
nrJitsu: posts big blind $3
*** HOLE CARDS ***
ManuelSikora: raises $3 to $6
nrJitsu: calls $3
*** FLOP *** [6h Td 5c]
nrJitsu: checks
ManuelSikora: bets $3
nrJitsu: calls $3
*** TURN *** [6h Td 5c] [3h]
nrJitsu: checks
ManuelSikora: bets $6
nrJitsu: calls $6
*** RIVER *** [6h Td 5c 3h] [Qh]
nrJitsu: checks
ManuelSikora: checks
*** SHOW DOWN ***
nrJitsu: shows [9c 7s] (high card Queen)
ManuelSikora: shows [9h Ad] (high card Ace)
ManuelSikora collected $29.50 from pot
*** SUMMARY ***
Total pot $30 | Rake $0.50
Board [6h Td 5c 3h Qh]
Seat 1: nrJitsu (big blind) showed [9c 7s] and lost with high card Queen
Seat 2: ManuelSikora (button) (small blind) showed [9h Ad] and won ($29.50) with high card Ace


PokerStars Hand #144886673182:  Hold'em Limit ($3/$6 USD) - 2015/12/05 19:15:24 ET
Table 'Wezen' 2-max Seat #2 is the button
Seat 1: nrJitsu ($197.30 in chips)
Seat 2: ManuelSikora ($51.02 in chips)
ManuelSikora: posts small blind $1
nrJitsu: posts big blind $3
*** HOLE CARDS ***
ManuelSikora: raises $3 to $6
nrJitsu: calls $3
*** FLOP *** [5s 4s 2d]
nrJitsu: checks
ManuelSikora: bets $3
nrJitsu: folds
Uncalled bet ($3) returned to ManuelSikora
ManuelSikora collected $11.76 from pot
ManuelSikora: doesn't show hand
*** SUMMARY ***
Total pot $12 | Rake $0.24
Board [5s 4s 2d]
Seat 1: nrJitsu (big blind) folded on the Flop
Seat 2: ManuelSikora (button) (small blind) collected ($11.76)


PokerStars Hand #144886665738:  Hold'em Limit ($3/$6 USD) - 2015/12/05 19:15:14 ET
Table 'Wezen' 2-max Seat #1 is the button
Seat 1: nrJitsu ($188.66 in chips)
Seat 2: ManuelSikora ($60.02 in chips)
nrJitsu: posts small blind $1
ManuelSikora: posts big blind $3
*** HOLE CARDS ***
nrJitsu: raises $3 to $6
ManuelSikora: calls $3
*** FLOP *** [Jc 2h Ks]
ManuelSikora: bets $3
nrJitsu: calls $3
*** TURN *** [Jc 2h Ks] [8c]
ManuelSikora: checks
nrJitsu: bets $6
ManuelSikora: folds
Uncalled bet ($6) returned to nrJitsu
nrJitsu collected $17.64 from pot
nrJitsu: doesn't show hand
*** SUMMARY ***
Total pot $18 | Rake $0.36
Board [Jc 2h Ks 8c]
Seat 1: nrJitsu (button) (small blind) collected ($17.64)
Seat 2: ManuelSikora (big blind) folded on the Turn


PokerStars Hand #144886656504:  Hold'em Limit ($3/$6 USD) - 2015/12/05 19:15:00 ET
Table 'Wezen' 2-max Seat #2 is the button
Seat 1: nrJitsu ($194.66 in chips)
Seat 2: ManuelSikora ($54.26 in chips)
ManuelSikora: posts small blind $1
nrJitsu: posts big blind $3
*** HOLE CARDS ***
ManuelSikora: raises $3 to $6
nrJitsu: calls $3
*** FLOP *** [3c Qd 3d]
nrJitsu: checks
ManuelSikora: bets $3
nrJitsu: folds
Uncalled bet ($3) returned to ManuelSikora
ManuelSikora collected $11.76 from pot
ManuelSikora: doesn't show hand
*** SUMMARY ***
Total pot $12 | Rake $0.24
Board [3c Qd 3d]
Seat 1: nrJitsu (big blind) folded on the Flop
Seat 2: ManuelSikora (button) (small blind) collected ($11.76)


PokerStars Hand #144886968707:  Hold'em Limit ($3/$6 USD) - 2015/12/05 19:22:42 ET
Table 'Wezen' 2-max Seat #1 is the button
Seat 1: nrJitsu ($191.30 in chips)
Seat 2: DoctorGonzo7 ($171.48 in chips)
nrJitsu: posts small blind $1
DoctorGonzo7: posts big blind $3
*** HOLE CARDS ***
nrJitsu: raises $3 to $6
DoctorGonzo7: calls $3
*** FLOP *** [7h Ts 9h]
DoctorGonzo7: checks
nrJitsu: bets $3
DoctorGonzo7: folds
Uncalled bet ($3) returned to nrJitsu
nrJitsu collected $11.76 from pot
nrJitsu: doesn't show hand
*** SUMMARY ***
Total pot $12 | Rake $0.24
Board [7h Ts 9h]
Seat 1: nrJitsu (button) (small blind) collected ($11.76)
Seat 2: DoctorGonzo7 (big blind) folded on the Flop


PokerStars Hand #144886983935:  Hold'em Limit ($3/$6 USD) - 2015/12/05 19:23:05 ET
Table 'Wezen' 2-max Seat #2 is the button
Seat 1: nrJitsu ($197.06 in chips)
Seat 2: DoctorGonzo7 ($165.48 in chips)
DoctorGonzo7: posts small blind $1
nrJitsu: posts big blind $3
*** HOLE CARDS ***
DoctorGonzo7: raises $3 to $6
nrJitsu: calls $3
*** FLOP *** [Js Ac Td]
nrJitsu: checks
DoctorGonzo7: bets $3
nrJitsu: raises $3 to $6
DoctorGonzo7: calls $3
*** TURN *** [Js Ac Td] [6h]
nrJitsu: bets $6
DoctorGonzo7: calls $6
*** RIVER *** [Js Ac Td 6h] [2s]
nrJitsu: bets $6
DoctorGonzo7: raises $6 to $12
nrJitsu: calls $6
*** SHOW DOWN ***
DoctorGonzo7: shows [Th 2h] (two pair, Tens and Deuces)
nrJitsu: mucks hand
DoctorGonzo7 collected $59.50 from pot
*** SUMMARY ***
Total pot $60 | Rake $0.50
Board [Js Ac Td 6h 2s]
Seat 1: nrJitsu (big blind) mucked
Seat 2: DoctorGonzo7 (button) (small blind) showed [Th 2h] and won ($59.50) with two pair, Tens and Deuces


PokerStars Hand #144887012436:  Hold'em Limit ($3/$6 USD) - 2015/12/05 19:23:48 ET
Table 'Wezen' 2-max Seat #2 is the button
Seat 1: nrJitsu ($175.70 in chips)
Seat 2: DoctorGonzo7 ($185.98 in chips)
DoctorGonzo7: posts small blind $1
nrJitsu: posts big blind $3
*** HOLE CARDS ***
DoctorGonzo7: folds
Uncalled bet ($2) returned to nrJitsu
nrJitsu collected $2 from pot
nrJitsu: doesn't show hand
*** SUMMARY ***
Total pot $2 | Rake $0
Seat 1: nrJitsu (big blind) collected ($2)
Seat 2: DoctorGonzo7 (button) (small blind) folded before Flop


PokerStars Hand #144886998394:  Hold'em Limit ($3/$6 USD) - 2015/12/05 19:23:27 ET
Table 'Wezen' 2-max Seat #1 is the button
Seat 1: nrJitsu ($167.06 in chips)
Seat 2: DoctorGonzo7 ($194.98 in chips)
nrJitsu: posts small blind $1
DoctorGonzo7: posts big blind $3
*** HOLE CARDS ***
nrJitsu: raises $3 to $6
DoctorGonzo7: calls $3
*** FLOP *** [Ad 4c Td]
DoctorGonzo7: checks
nrJitsu: bets $3
DoctorGonzo7: calls $3
*** TURN *** [Ad 4c Td] [Kh]
DoctorGonzo7: checks
nrJitsu: bets $6
DoctorGonzo7: folds
Uncalled bet ($6) returned to nrJitsu
nrJitsu collected $17.64 from pot
nrJitsu: doesn't show hand
*** SUMMARY ***
Total pot $18 | Rake $0.36
Board [Ad 4c Td Kh]
Seat 1: nrJitsu (button) (small blind) collected ($17.64)
Seat 2: DoctorGonzo7 (big blind) folded on the Turn


PokerStars Hand #144887015267:  Hold'em Limit ($3/$6 USD) - 2015/12/05 19:23:53 ET
Table 'Wezen' 2-max Seat #1 is the button
Seat 1: nrJitsu ($176.70 in chips)
Seat 2: DoctorGonzo7 ($184.98 in chips)
nrJitsu: posts small blind $1
DoctorGonzo7: posts big blind $3
*** HOLE CARDS ***
nrJitsu: raises $3 to $6
DoctorGonzo7: calls $3
*** FLOP *** [4c 3s 9h]
DoctorGonzo7: checks
nrJitsu: bets $3
DoctorGonzo7: folds
Uncalled bet ($3) returned to nrJitsu
nrJitsu collected $11.76 from pot
nrJitsu: doesn't show hand
*** SUMMARY ***
Total pot $12 | Rake $0.24
Board [4c 3s 9h]
Seat 1: nrJitsu (button) (small blind) collected ($11.76)
Seat 2: DoctorGonzo7 (big blind) folded on the Flop


PokerStars Hand #144887022231:  Hold'em Limit ($3/$6 USD) - 2015/12/05 19:24:03 ET
Table 'Wezen' 2-max Seat #2 is the button
Seat 1: nrJitsu ($182.46 in chips)
Seat 2: DoctorGonzo7 ($178.98 in chips)
DoctorGonzo7: posts small blind $1
nrJitsu: posts big blind $3
*** HOLE CARDS ***
DoctorGonzo7: folds
Uncalled bet ($2) returned to nrJitsu
nrJitsu collected $2 from pot
nrJitsu: doesn't show hand
*** SUMMARY ***
Total pot $2 | Rake $0
Seat 1: nrJitsu (big blind) collected ($2)
Seat 2: DoctorGonzo7 (button) (small blind) folded before Flop


PokerStars Hand #144887025459:  Hold'em Limit ($3/$6 USD) - 2015/12/05 19:24:08 ET
Table 'Wezen' 2-max Seat #1 is the button
Seat 1: nrJitsu ($183.46 in chips)
Seat 2: DoctorGonzo7 ($177.98 in chips)
nrJitsu: posts small blind $1
DoctorGonzo7: posts big blind $3
*** HOLE CARDS ***
nrJitsu: raises $3 to $6
DoctorGonzo7: raises $3 to $9
nrJitsu: raises $3 to $12
Betting is capped
DoctorGonzo7: calls $3
*** FLOP *** [Qs 3c 6s]
DoctorGonzo7: bets $3
nrJitsu: calls $3
*** TURN *** [Qs 3c 6s] [Qh]
DoctorGonzo7: bets $6
nrJitsu: calls $6
*** RIVER *** [Qs 3c 6s Qh] [9h]
DoctorGonzo7: bets $6
nrJitsu: calls $6
*** SHOW DOWN ***
DoctorGonzo7: shows [Jc Jh] (two pair, Queens and Jacks)
nrJitsu: shows [Kh Kd] (two pair, Kings and Queens)
nrJitsu collected $53.50 from pot
*** SUMMARY ***
Total pot $54 | Rake $0.50
Board [Qs 3c 6s Qh 9h]
Seat 1: nrJitsu (button) (small blind) showed [Kh Kd] and won ($53.50) with two pair, Kings and Queens
Seat 2: DoctorGonzo7 (big blind) showed [Jc Jh] and lost with two pair, Queens and Jacks


PokerStars Hand #144887041369:  Hold'em Limit ($3/$6 USD) - 2015/12/05 19:24:32 ET
Table 'Wezen' 2-max Seat #2 is the button
Seat 1: nrJitsu ($209.96 in chips)
Seat 2: DoctorGonzo7 ($150.98 in chips)
DoctorGonzo7: posts small blind $1
nrJitsu: posts big blind $3
*** HOLE CARDS ***
DoctorGonzo7: raises $3 to $6
nrJitsu: calls $3
*** FLOP *** [6c Ts 3c]
nrJitsu: checks
DoctorGonzo7: bets $3
nrJitsu: calls $3
*** TURN *** [6c Ts 3c] [Ks]
nrJitsu: checks
DoctorGonzo7: bets $6
nrJitsu: calls $6
*** RIVER *** [6c Ts 3c Ks] [6d]
nrJitsu: checks
DoctorGonzo7: checks
*** SHOW DOWN ***
nrJitsu: shows [6s 8h] (three of a kind, Sixes)
DoctorGonzo7: mucks hand
nrJitsu collected $29.50 from pot
*** SUMMARY ***
Total pot $30 | Rake $0.50
Board [6c Ts 3c Ks 6d]
Seat 1: nrJitsu (big blind) showed [6s 8h] and won ($29.50) with three of a kind, Sixes
Seat 2: DoctorGonzo7 (button) (small blind) mucked


PokerStars Hand #144887065312:  Hold'em Limit ($3/$6 USD) - 2015/12/05 19:25:09 ET
Table 'Wezen' 2-max Seat #2 is the button
Seat 1: nrJitsu ($212.46 in chips)
Seat 2: DoctorGonzo7 ($147.50 in chips)
DoctorGonzo7: posts small blind $1
nrJitsu: posts big blind $3
*** HOLE CARDS ***
DoctorGonzo7: folds
Uncalled bet ($2) returned to nrJitsu
nrJitsu collected $2 from pot
nrJitsu: doesn't show hand
*** SUMMARY ***
Total pot $2 | Rake $0
Seat 1: nrJitsu (big blind) collected ($2)
Seat 2: DoctorGonzo7 (button) (small blind) folded before Flop


PokerStars Hand #144887051387:  Hold'em Limit ($3/$6 USD) - 2015/12/05 19:24:48 ET
Table 'Wezen' 2-max Seat #1 is the button
Seat 1: nrJitsu ($224.46 in chips)
Seat 2: DoctorGonzo7 ($135.98 in chips)
nrJitsu: posts small blind $1
DoctorGonzo7: posts big blind $3
*** HOLE CARDS ***
nrJitsu: raises $3 to $6
DoctorGonzo7: calls $3
*** FLOP *** [Td Ks 9h]
DoctorGonzo7: checks
nrJitsu: bets $3
DoctorGonzo7: raises $3 to $6
nrJitsu: calls $3
*** TURN *** [Td Ks 9h] [3d]
DoctorGonzo7: bets $6
nrJitsu: folds
Uncalled bet ($6) returned to DoctorGonzo7
DoctorGonzo7 collected $23.52 from pot
DoctorGonzo7: doesn't show hand
*** SUMMARY ***
Total pot $24 | Rake $0.48
Board [Td Ks 9h 3d]
Seat 1: nrJitsu (button) (small blind) folded on the Turn
Seat 2: DoctorGonzo7 (big blind) collected ($23.52)


PokerStars Hand #144887068122:  Hold'em Limit ($3/$6 USD) - 2015/12/05 19:25:13 ET
Table 'Wezen' 2-max Seat #1 is the button
Seat 1: nrJitsu ($213.46 in chips)
Seat 2: DoctorGonzo7 ($146.50 in chips)
nrJitsu: posts small blind $1
DoctorGonzo7: posts big blind $3
*** HOLE CARDS ***
nrJitsu: raises $3 to $6
DoctorGonzo7: calls $3
*** FLOP *** [9h 2h 4c]
DoctorGonzo7: checks
nrJitsu: bets $3
DoctorGonzo7: calls $3
*** TURN *** [9h 2h 4c] [8c]
DoctorGonzo7: checks
nrJitsu: bets $6
DoctorGonzo7: folds
Uncalled bet ($6) returned to nrJitsu
nrJitsu collected $17.64 from pot
nrJitsu: doesn't show hand
*** SUMMARY ***
Total pot $18 | Rake $0.36
Board [9h 2h 4c 8c]
Seat 1: nrJitsu (button) (small blind) collected ($17.64)
Seat 2: DoctorGonzo7 (big blind) folded on the Turn


PokerStars Hand #144887078900:  Hold'em Limit ($3/$6 USD) - 2015/12/05 19:25:30 ET
Table 'Wezen' 2-max Seat #2 is the button
Seat 1: nrJitsu ($222.10 in chips)
Seat 2: DoctorGonzo7 ($137.50 in chips)
DoctorGonzo7: posts small blind $1
nrJitsu: posts big blind $3
*** HOLE CARDS ***
DoctorGonzo7: raises $3 to $6
nrJitsu: raises $3 to $9
DoctorGonzo7: calls $3
*** FLOP *** [4s Th 9d]
nrJitsu: bets $3
DoctorGonzo7: calls $3
*** TURN *** [4s Th 9d] [Tc]
nrJitsu: bets $6
DoctorGonzo7: calls $6
*** RIVER *** [4s Th 9d Tc] [9s]
nrJitsu: checks
DoctorGonzo7: checks
*** SHOW DOWN ***
nrJitsu: shows [As 7s] (two pair, Tens and Nines)
DoctorGonzo7: mucks hand
nrJitsu collected $35.50 from pot
*** SUMMARY ***
Total pot $36 | Rake $0.50
Board [4s Th 9d Tc 9s]
Seat 1: nrJitsu (big blind) showed [As 7s] and won ($35.50) with two pair, Tens and Nines
Seat 2: DoctorGonzo7 (button) (small blind) mucked


PokerStars Hand #144887088771:  Hold'em Limit ($3/$6 USD) - 2015/12/05 19:25:45 ET
Table 'Wezen' 2-max Seat #1 is the button
Seat 1: nrJitsu ($239.60 in chips)
Seat 2: DoctorGonzo7 ($119.50 in chips)
nrJitsu: posts small blind $1
DoctorGonzo7: posts big blind $3
*** HOLE CARDS ***
nrJitsu: raises $3 to $6
DoctorGonzo7: calls $3
*** FLOP *** [9h 7s Jc]
DoctorGonzo7: checks
nrJitsu: bets $3
DoctorGonzo7: raises $3 to $6
nrJitsu: calls $3
*** TURN *** [9h 7s Jc] [Td]
DoctorGonzo7: bets $6
nrJitsu: calls $6
*** RIVER *** [9h 7s Jc Td] [3c]
DoctorGonzo7: bets $6
nrJitsu: calls $6
*** SHOW DOWN ***
DoctorGonzo7: shows [Jh 3s] (two pair, Jacks and Threes)
nrJitsu: mucks hand
DoctorGonzo7 collected $47.50 from pot
*** SUMMARY ***
Total pot $48 | Rake $0.50
Board [9h 7s Jc Td 3c]
Seat 1: nrJitsu (button) (small blind) mucked
Seat 2: DoctorGonzo7 (big blind) showed [Jh 3s] and won ($47.50) with two pair, Jacks and Threes


PokerStars Hand #144887104016:  Hold'em Limit ($3/$6 USD) - 2015/12/05 19:26:08 ET
Table 'Wezen' 2-max Seat #1 is the button
Seat 1: nrJitsu ($212.60 in chips)
Seat 2: DoctorGonzo7 ($146 in chips)
nrJitsu: posts small blind $1
DoctorGonzo7: posts big blind $3
*** HOLE CARDS ***
nrJitsu: folds
Uncalled bet ($2) returned to DoctorGonzo7
DoctorGonzo7 collected $2 from pot
DoctorGonzo7: doesn't show hand
*** SUMMARY ***
Total pot $2 | Rake $0
Seat 1: nrJitsu (button) (small blind) folded before Flop
Seat 2: DoctorGonzo7 (big blind) collected ($2)


PokerStars Hand #144887100441:  Hold'em Limit ($3/$6 USD) - 2015/12/05 19:26:03 ET
Table 'Wezen' 2-max Seat #2 is the button
Seat 1: nrJitsu ($215.60 in chips)
Seat 2: DoctorGonzo7 ($143 in chips)
DoctorGonzo7: posts small blind $1
nrJitsu: posts big blind $3
*** HOLE CARDS ***
DoctorGonzo7: raises $3 to $6
nrJitsu: folds
Uncalled bet ($3) returned to DoctorGonzo7
DoctorGonzo7 collected $6 from pot
DoctorGonzo7: doesn't show hand
*** SUMMARY ***
Total pot $6 | Rake $0
Seat 1: nrJitsu (big blind) folded before Flop
Seat 2: DoctorGonzo7 (button) (small blind) collected ($6)


PokerStars Hand #144887107275:  Hold'em Limit ($3/$6 USD) - 2015/12/05 19:26:13 ET
Table 'Wezen' 2-max Seat #2 is the button
Seat 1: nrJitsu ($211.60 in chips)
Seat 2: DoctorGonzo7 ($147 in chips)
DoctorGonzo7: posts small blind $1
nrJitsu: posts big blind $3
*** HOLE CARDS ***
DoctorGonzo7: raises $3 to $6
nrJitsu: raises $3 to $9
DoctorGonzo7: calls $3
*** FLOP *** [Qc Js 4c]
nrJitsu: bets $3
DoctorGonzo7: calls $3
*** TURN *** [Qc Js 4c] [5h]
nrJitsu: bets $6
DoctorGonzo7: calls $6
*** RIVER *** [Qc Js 4c 5h] [Qh]
nrJitsu: bets $6
DoctorGonzo7: calls $6
*** SHOW DOWN ***
nrJitsu: shows [Kd Qd] (three of a kind, Queens)
DoctorGonzo7: mucks hand
nrJitsu collected $47.50 from pot
*** SUMMARY ***
Total pot $48 | Rake $0.50
Board [Qc Js 4c 5h Qh]
Seat 1: nrJitsu (big blind) showed [Kd Qd] and won ($47.50) with three of a kind, Queens
Seat 2: DoctorGonzo7 (button) (small blind) mucked


PokerStars Hand #144887126124:  Hold'em Limit ($3/$6 USD) - 2015/12/05 19:26:42 ET
Table 'Wezen' 2-max Seat #2 is the button
Seat 1: nrJitsu ($243.74 in chips)
Seat 2: DoctorGonzo7 ($114 in chips)
DoctorGonzo7: posts small blind $1
nrJitsu: posts big blind $3
*** HOLE CARDS ***
DoctorGonzo7: raises $3 to $6
nrJitsu: folds
Uncalled bet ($3) returned to DoctorGonzo7
DoctorGonzo7 collected $6 from pot
DoctorGonzo7: doesn't show hand
*** SUMMARY ***
Total pot $6 | Rake $0
Seat 1: nrJitsu (big blind) folded before Flop
Seat 2: DoctorGonzo7 (button) (small blind) collected ($6)


PokerStars Hand #144887116899:  Hold'em Limit ($3/$6 USD) - 2015/12/05 19:26:28 ET
Table 'Wezen' 2-max Seat #1 is the button
Seat 1: nrJitsu ($235.10 in chips)
Seat 2: DoctorGonzo7 ($123 in chips)
nrJitsu: posts small blind $1
DoctorGonzo7: posts big blind $3
*** HOLE CARDS ***
nrJitsu: raises $3 to $6
DoctorGonzo7: calls $3
*** FLOP *** [Jh Ts 7s]
DoctorGonzo7: checks
nrJitsu: bets $3
DoctorGonzo7: calls $3
*** TURN *** [Jh Ts 7s] [3c]
DoctorGonzo7: checks
nrJitsu: bets $6
DoctorGonzo7: folds
Uncalled bet ($6) returned to nrJitsu
nrJitsu collected $17.64 from pot
nrJitsu: doesn't show hand
*** SUMMARY ***
Total pot $18 | Rake $0.36
Board [Jh Ts 7s 3c]
Seat 1: nrJitsu (button) (small blind) collected ($17.64)
Seat 2: DoctorGonzo7 (big blind) folded on the Turn


PokerStars Hand #144887129283:  Hold'em Limit ($3/$6 USD) - 2015/12/05 19:26:47 ET
Table 'Wezen' 2-max Seat #1 is the button
Seat 1: nrJitsu ($240.74 in chips)
Seat 2: DoctorGonzo7 ($117 in chips)
nrJitsu: posts small blind $1
DoctorGonzo7: posts big blind $3
*** HOLE CARDS ***
nrJitsu: raises $3 to $6
DoctorGonzo7: calls $3
*** FLOP *** [5d 4h 5s]
DoctorGonzo7: checks
nrJitsu: bets $3
DoctorGonzo7: calls $3
*** TURN *** [5d 4h 5s] [3h]
DoctorGonzo7: checks
nrJitsu: bets $6
DoctorGonzo7: calls $6
*** RIVER *** [5d 4h 5s 3h] [3s]
DoctorGonzo7: checks
nrJitsu: bets $6
DoctorGonzo7: calls $6
*** SHOW DOWN ***
nrJitsu: shows [Qh As] (two pair, Fives and Threes)
DoctorGonzo7: shows [Th 4d] (two pair, Fives and Fours)
DoctorGonzo7 collected $41.50 from pot
*** SUMMARY ***
Total pot $42 | Rake $0.50
Board [5d 4h 5s 3h 3s]
Seat 1: nrJitsu (button) (small blind) showed [Qh As] and lost with two pair, Fives and Threes
Seat 2: DoctorGonzo7 (big blind) showed [Th 4d] and won ($41.50) with two pair, Fives and Fours


PokerStars Hand #144887140835:  Hold'em Limit ($3/$6 USD) - 2015/12/05 19:27:05 ET
Table 'Wezen' 2-max Seat #2 is the button
Seat 1: nrJitsu ($219.74 in chips)
Seat 2: DoctorGonzo7 ($137.50 in chips)
DoctorGonzo7: posts small blind $1
nrJitsu: posts big blind $3
*** HOLE CARDS ***
DoctorGonzo7: raises $3 to $6
nrJitsu: raises $3 to $9
DoctorGonzo7: calls $3
*** FLOP *** [Th 3c 5h]
nrJitsu: bets $3
DoctorGonzo7: calls $3
*** TURN *** [Th 3c 5h] [Jd]
nrJitsu: bets $6
DoctorGonzo7: folds
Uncalled bet ($6) returned to nrJitsu
nrJitsu collected $23.52 from pot
nrJitsu: doesn't show hand
*** SUMMARY ***
Total pot $24 | Rake $0.48
Board [Th 3c 5h Jd]
Seat 1: nrJitsu (big blind) collected ($23.52)
Seat 2: DoctorGonzo7 (button) (small blind) folded on the Turn


PokerStars Hand #144887148761:  Hold'em Limit ($3/$6 USD) - 2015/12/05 19:27:17 ET
Table 'Wezen' 2-max Seat #1 is the button
Seat 1: nrJitsu ($231.26 in chips)
Seat 2: DoctorGonzo7 ($125.50 in chips)
nrJitsu: posts small blind $1
DoctorGonzo7: posts big blind $3
*** HOLE CARDS ***
nrJitsu: raises $3 to $6
DoctorGonzo7: calls $3
*** FLOP *** [3s Jd 2c]
DoctorGonzo7: checks
nrJitsu: bets $3
DoctorGonzo7: calls $3
*** TURN *** [3s Jd 2c] [6h]
DoctorGonzo7: checks
nrJitsu: bets $6
DoctorGonzo7: calls $6
*** RIVER *** [3s Jd 2c 6h] [6s]
DoctorGonzo7: checks
nrJitsu: bets $6
DoctorGonzo7: calls $6
*** SHOW DOWN ***
nrJitsu: shows [5h 6c] (three of a kind, Sixes)
DoctorGonzo7: mucks hand
nrJitsu collected $41.50 from pot
*** SUMMARY ***
Total pot $42 | Rake $0.50
Board [3s Jd 2c 6h 6s]
Seat 1: nrJitsu (button) (small blind) showed [5h 6c] and won ($41.50) with three of a kind, Sixes
Seat 2: DoctorGonzo7 (big blind) mucked


PokerStars Hand #144887158975:  Hold'em Limit ($3/$6 USD) - 2015/12/05 19:27:33 ET
Table 'Wezen' 2-max Seat #2 is the button
Seat 1: nrJitsu ($251.76 in chips)
Seat 2: DoctorGonzo7 ($104.50 in chips)
DoctorGonzo7: posts small blind $1
nrJitsu: posts big blind $3
*** HOLE CARDS ***
DoctorGonzo7: raises $3 to $6
nrJitsu: raises $3 to $9
DoctorGonzo7: calls $3
*** FLOP *** [3c 2c 7s]
nrJitsu: bets $3
DoctorGonzo7: calls $3
*** TURN *** [3c 2c 7s] [Ad]
nrJitsu: bets $6
DoctorGonzo7: calls $6
*** RIVER *** [3c 2c 7s Ad] [6s]
nrJitsu: checks
DoctorGonzo7: bets $6
nrJitsu: folds
Uncalled bet ($6) returned to DoctorGonzo7
DoctorGonzo7 collected $35.50 from pot
DoctorGonzo7: doesn't show hand
*** SUMMARY ***
Total pot $36 | Rake $0.50
Board [3c 2c 7s Ad 6s]
Seat 1: nrJitsu (big blind) folded on the River
Seat 2: DoctorGonzo7 (button) (small blind) collected ($35.50)


PokerStars Hand #144887169849:  Hold'em Limit ($3/$6 USD) - 2015/12/05 19:27:49 ET
Table 'Wezen' 2-max Seat #1 is the button
Seat 1: nrJitsu ($233.76 in chips)
Seat 2: DoctorGonzo7 ($122 in chips)
nrJitsu: posts small blind $1
DoctorGonzo7: posts big blind $3
*** HOLE CARDS ***
nrJitsu: raises $3 to $6
DoctorGonzo7: calls $3
*** FLOP *** [7h 4s 9h]
DoctorGonzo7: checks
nrJitsu: checks
*** TURN *** [7h 4s 9h] [5s]
DoctorGonzo7: checks
nrJitsu: checks
*** RIVER *** [7h 4s 9h 5s] [Ah]
DoctorGonzo7: checks
nrJitsu: checks
*** SHOW DOWN ***
DoctorGonzo7: shows [4h 2s] (a pair of Fours)
nrJitsu: mucks hand
DoctorGonzo7 collected $11.76 from pot
*** SUMMARY ***
Total pot $12 | Rake $0.24
Board [7h 4s 9h 5s Ah]
Seat 1: nrJitsu (button) (small blind) mucked
Seat 2: DoctorGonzo7 (big blind) showed [4h 2s] and won ($11.76) with a pair of Fours


PokerStars Hand #144887182811:  Hold'em Limit ($3/$6 USD) - 2015/12/05 19:28:09 ET
Table 'Wezen' 2-max Seat #1 is the button
Seat 1: nrJitsu ($228.76 in chips)
Seat 2: DoctorGonzo7 ($126.76 in chips)
nrJitsu: posts small blind $1
DoctorGonzo7: posts big blind $3
*** HOLE CARDS ***
nrJitsu: folds
Uncalled bet ($2) returned to DoctorGonzo7
DoctorGonzo7 collected $2 from pot
DoctorGonzo7: doesn't show hand
*** SUMMARY ***
Total pot $2 | Rake $0
Seat 1: nrJitsu (button) (small blind) folded before Flop
Seat 2: DoctorGonzo7 (big blind) collected ($2)


PokerStars Hand #144887180008:  Hold'em Limit ($3/$6 USD) - 2015/12/05 19:28:05 ET
Table 'Wezen' 2-max Seat #2 is the button
Seat 1: nrJitsu ($227.76 in chips)
Seat 2: DoctorGonzo7 ($127.76 in chips)
DoctorGonzo7: posts small blind $1
nrJitsu: posts big blind $3
*** HOLE CARDS ***
DoctorGonzo7: folds
Uncalled bet ($2) returned to nrJitsu
nrJitsu collected $2 from pot
nrJitsu: doesn't show hand
*** SUMMARY ***
Total pot $2 | Rake $0
Seat 1: nrJitsu (big blind) collected ($2)
Seat 2: DoctorGonzo7 (button) (small blind) folded before Flop


PokerStars Hand #144887188515:  Hold'em Limit ($3/$6 USD) - 2015/12/05 19:28:18 ET
Table 'Wezen' 2-max Seat #1 is the button
Seat 1: nrJitsu ($228.76 in chips)
Seat 2: DoctorGonzo7 ($126.76 in chips)
nrJitsu: posts small blind $1
DoctorGonzo7: posts big blind $3
*** HOLE CARDS ***
nrJitsu: raises $3 to $6
DoctorGonzo7: calls $3
*** FLOP *** [Jc 7c 8s]
DoctorGonzo7: checks
nrJitsu: bets $3
DoctorGonzo7: folds
Uncalled bet ($3) returned to nrJitsu
nrJitsu collected $11.76 from pot
nrJitsu: doesn't show hand
*** SUMMARY ***
Total pot $12 | Rake $0.24
Board [Jc 7c 8s]
Seat 1: nrJitsu (button) (small blind) collected ($11.76)
Seat 2: DoctorGonzo7 (big blind) folded on the Flop


PokerStars Hand #144887185704:  Hold'em Limit ($3/$6 USD) - 2015/12/05 19:28:13 ET
Table 'Wezen' 2-max Seat #2 is the button
Seat 1: nrJitsu ($227.76 in chips)
Seat 2: DoctorGonzo7 ($127.76 in chips)
DoctorGonzo7: posts small blind $1
nrJitsu: posts big blind $3
*** HOLE CARDS ***
DoctorGonzo7: folds
Uncalled bet ($2) returned to nrJitsu
nrJitsu collected $2 from pot
nrJitsu: doesn't show hand
*** SUMMARY ***
Total pot $2 | Rake $0
Seat 1: nrJitsu (big blind) collected ($2)
Seat 2: DoctorGonzo7 (button) (small blind) folded before Flop


PokerStars Hand #144887197357:  Hold'em Limit ($3/$6 USD) - 2015/12/05 19:28:32 ET
Table 'Wezen' 2-max Seat #1 is the button
Seat 1: nrJitsu ($235.52 in chips)
Seat 2: DoctorGonzo7 ($119.76 in chips)
nrJitsu: posts small blind $1
DoctorGonzo7: posts big blind $3
*** HOLE CARDS ***
nrJitsu: folds
Uncalled bet ($2) returned to DoctorGonzo7
DoctorGonzo7 collected $2 from pot
DoctorGonzo7: doesn't show hand
*** SUMMARY ***
Total pot $2 | Rake $0
Seat 1: nrJitsu (button) (small blind) folded before Flop
Seat 2: DoctorGonzo7 (big blind) collected ($2)


PokerStars Hand #144887194279:  Hold'em Limit ($3/$6 USD) - 2015/12/05 19:28:27 ET
Table 'Wezen' 2-max Seat #2 is the button
Seat 1: nrJitsu ($234.52 in chips)
Seat 2: DoctorGonzo7 ($120.76 in chips)
DoctorGonzo7: posts small blind $1
nrJitsu: posts big blind $3
*** HOLE CARDS ***
DoctorGonzo7: folds
Uncalled bet ($2) returned to nrJitsu
nrJitsu collected $2 from pot
nrJitsu: doesn't show hand
*** SUMMARY ***
Total pot $2 | Rake $0
Seat 1: nrJitsu (big blind) collected ($2)
Seat 2: DoctorGonzo7 (button) (small blind) folded before Flop


PokerStars Hand #144887200094:  Hold'em Limit ($3/$6 USD) - 2015/12/05 19:28:36 ET
Table 'Wezen' 2-max Seat #2 is the button
Seat 1: nrJitsu ($234.52 in chips)
Seat 2: DoctorGonzo7 ($120.76 in chips)
DoctorGonzo7: posts small blind $1
nrJitsu: posts big blind $3
*** HOLE CARDS ***
DoctorGonzo7: folds
Uncalled bet ($2) returned to nrJitsu
nrJitsu collected $2 from pot
nrJitsu: doesn't show hand
*** SUMMARY ***
Total pot $2 | Rake $0
Seat 1: nrJitsu (big blind) collected ($2)
Seat 2: DoctorGonzo7 (button) (small blind) folded before Flop


PokerStars Hand #144887215458:  Hold'em Limit ($3/$6 USD) - 2015/12/05 19:29:00 ET
Table 'Wezen' 2-max Seat #2 is the button
Seat 1: nrJitsu ($208.52 in chips)
Seat 2: DoctorGonzo7 ($146.26 in chips)
DoctorGonzo7: posts small blind $1
nrJitsu: posts big blind $3
*** HOLE CARDS ***
DoctorGonzo7: folds
Uncalled bet ($2) returned to nrJitsu
nrJitsu collected $2 from pot
nrJitsu: doesn't show hand
*** SUMMARY ***
Total pot $2 | Rake $0
Seat 1: nrJitsu (big blind) collected ($2)
Seat 2: DoctorGonzo7 (button) (small blind) folded before Flop


PokerStars Hand #144887203514:  Hold'em Limit ($3/$6 USD) - 2015/12/05 19:28:41 ET
Table 'Wezen' 2-max Seat #1 is the button
Seat 1: nrJitsu ($235.52 in chips)
Seat 2: DoctorGonzo7 ($119.76 in chips)
nrJitsu: posts small blind $1
DoctorGonzo7: posts big blind $3
*** HOLE CARDS ***
nrJitsu: raises $3 to $6
DoctorGonzo7: calls $3
*** FLOP *** [5d 4h 4c]
DoctorGonzo7: checks
nrJitsu: bets $3
DoctorGonzo7: calls $3
*** TURN *** [5d 4h 4c] [Kc]
DoctorGonzo7: checks
nrJitsu: bets $6
DoctorGonzo7: raises $6 to $12
nrJitsu: calls $6
*** RIVER *** [5d 4h 4c Kc] [9h]
DoctorGonzo7: bets $6
nrJitsu: calls $6
*** SHOW DOWN ***
DoctorGonzo7: shows [5h 4s] (a full house, Fours full of Fives)
nrJitsu: mucks hand
DoctorGonzo7 collected $53.50 from pot
*** SUMMARY ***
Total pot $54 | Rake $0.50
Board [5d 4h 4c Kc 9h]
Seat 1: nrJitsu (button) (small blind) mucked
Seat 2: DoctorGonzo7 (big blind) showed [5h 4s] and won ($53.50) with a full house, Fours full of Fives


PokerStars Hand #144889228530:  Hold'em Limit ($3/$6 USD) - 2015/12/05 20:27:27 ET
Table 'Wezen' 2-max Seat #2 is the button
Seat 1: nrJitsu ($230.02 in chips)
Seat 2: DoctorGonzo7 ($158.14 in chips)
DoctorGonzo7: posts small blind $1
nrJitsu: posts big blind $3
*** HOLE CARDS ***
DoctorGonzo7: raises $3 to $6
nrJitsu: raises $3 to $9
DoctorGonzo7: calls $3
*** FLOP *** [3d 7h 3h]
nrJitsu: bets $3
DoctorGonzo7: calls $3
*** TURN *** [3d 7h 3h] [Qc]
nrJitsu: bets $6
DoctorGonzo7: calls $6
*** RIVER *** [3d 7h 3h Qc] [5c]
nrJitsu: bets $6
DoctorGonzo7: calls $6
*** SHOW DOWN ***
nrJitsu: shows [Jh Th] (a pair of Threes)
DoctorGonzo7: shows [6h 6s] (two pair, Sixes and Threes)
DoctorGonzo7 collected $47.50 from pot
*** SUMMARY ***
Total pot $48 | Rake $0.50
Board [3d 7h 3h Qc 5c]
Seat 1: nrJitsu (big blind) showed [Jh Th] and lost with a pair of Threes
Seat 2: DoctorGonzo7 (button) (small blind) showed [6h 6s] and won ($47.50) with two pair, Sixes and Threes


PokerStars Hand #144889235651:  Hold'em Limit ($3/$6 USD) - 2015/12/05 20:27:40 ET
Table 'Wezen' 2-max Seat #1 is the button
Seat 1: nrJitsu ($206.02 in chips)
Seat 2: DoctorGonzo7 ($181.64 in chips)
nrJitsu: posts small blind $1
DoctorGonzo7: posts big blind $3
*** HOLE CARDS ***
nrJitsu: raises $3 to $6
DoctorGonzo7: calls $3
*** FLOP *** [2d 6h Jh]
DoctorGonzo7: checks
nrJitsu: bets $3
DoctorGonzo7: calls $3
*** TURN *** [2d 6h Jh] [4d]
DoctorGonzo7: checks
nrJitsu: bets $6
DoctorGonzo7: calls $6
*** RIVER *** [2d 6h Jh 4d] [8d]
DoctorGonzo7: checks
nrJitsu: bets $6
DoctorGonzo7: calls $6
*** SHOW DOWN ***
nrJitsu: shows [Kc Jc] (a pair of Jacks)
DoctorGonzo7: mucks hand
nrJitsu collected $41.50 from pot
*** SUMMARY ***
Total pot $42 | Rake $0.50
Board [2d 6h Jh 4d 8d]
Seat 1: nrJitsu (button) (small blind) showed [Kc Jc] and won ($41.50) with a pair of Jacks
Seat 2: DoctorGonzo7 (big blind) mucked


PokerStars Hand #144889243546:  Hold'em Limit ($3/$6 USD) - 2015/12/05 20:27:55 ET
Table 'Wezen' 2-max Seat #2 is the button
Seat 1: nrJitsu ($226.52 in chips)
Seat 2: DoctorGonzo7 ($160.64 in chips)
DoctorGonzo7: posts small blind $1
nrJitsu: posts big blind $3
*** HOLE CARDS ***
DoctorGonzo7: raises $3 to $6
nrJitsu: calls $3
*** FLOP *** [Jh 5h 9s]
nrJitsu: checks
DoctorGonzo7: bets $3
nrJitsu: folds
Uncalled bet ($3) returned to DoctorGonzo7
DoctorGonzo7 collected $11.76 from pot
DoctorGonzo7: doesn't show hand
*** SUMMARY ***
Total pot $12 | Rake $0.24
Board [Jh 5h 9s]
Seat 1: nrJitsu (big blind) folded on the Flop
Seat 2: DoctorGonzo7 (button) (small blind) collected ($11.76)


PokerStars Hand #144889259409:  Hold'em Limit ($3/$6 USD) - 2015/12/05 20:28:25 ET
Table 'Wezen' 2-max Seat #1 is the button
Seat 1: nrJitsu ($230.16 in chips)
Seat 2: DoctorGonzo7 ($156.40 in chips)
nrJitsu: posts small blind $1
DoctorGonzo7: posts big blind $3
*** HOLE CARDS ***
nrJitsu: folds
Uncalled bet ($2) returned to DoctorGonzo7
DoctorGonzo7 collected $2 from pot
DoctorGonzo7: doesn't show hand
*** SUMMARY ***
Total pot $2 | Rake $0
Seat 1: nrJitsu (button) (small blind) folded before Flop
Seat 2: DoctorGonzo7 (big blind) collected ($2)


PokerStars Hand #144889256805:  Hold'em Limit ($3/$6 USD) - 2015/12/05 20:28:20 ET
Table 'Wezen' 2-max Seat #2 is the button
Seat 1: nrJitsu ($229.16 in chips)
Seat 2: DoctorGonzo7 ($157.40 in chips)
DoctorGonzo7: posts small blind $1
nrJitsu: posts big blind $3
*** HOLE CARDS ***
DoctorGonzo7: folds
Uncalled bet ($2) returned to nrJitsu
nrJitsu collected $2 from pot
nrJitsu: doesn't show hand
*** SUMMARY ***
Total pot $2 | Rake $0
Seat 1: nrJitsu (big blind) collected ($2)
Seat 2: DoctorGonzo7 (button) (small blind) folded before Flop


PokerStars Hand #144889262735:  Hold'em Limit ($3/$6 USD) - 2015/12/05 20:28:31 ET
Table 'Wezen' 2-max Seat #2 is the button
Seat 1: nrJitsu ($229.16 in chips)
Seat 2: DoctorGonzo7 ($157.40 in chips)
DoctorGonzo7: posts small blind $1
nrJitsu: posts big blind $3
*** HOLE CARDS ***
DoctorGonzo7: raises $3 to $6
nrJitsu: folds
Uncalled bet ($3) returned to DoctorGonzo7
DoctorGonzo7 collected $6 from pot
DoctorGonzo7: doesn't show hand
*** SUMMARY ***
Total pot $6 | Rake $0
Seat 1: nrJitsu (big blind) folded before Flop
Seat 2: DoctorGonzo7 (button) (small blind) collected ($6)


PokerStars Hand #144889266526:  Hold'em Limit ($3/$6 USD) - 2015/12/05 20:28:39 ET
Table 'Wezen' 2-max Seat #1 is the button
Seat 1: nrJitsu ($226.16 in chips)
Seat 2: DoctorGonzo7 ($160.40 in chips)
nrJitsu: posts small blind $1
DoctorGonzo7: posts big blind $3
*** HOLE CARDS ***
nrJitsu: folds
Uncalled bet ($2) returned to DoctorGonzo7
DoctorGonzo7 collected $2 from pot
DoctorGonzo7: doesn't show hand
*** SUMMARY ***
Total pot $2 | Rake $0
Seat 1: nrJitsu (button) (small blind) folded before Flop
Seat 2: DoctorGonzo7 (big blind) collected ($2)


PokerStars Hand #144889269167:  Hold'em Limit ($3/$6 USD) - 2015/12/05 20:28:44 ET
Table 'Wezen' 2-max Seat #2 is the button
Seat 1: nrJitsu ($225.16 in chips)
Seat 2: DoctorGonzo7 ($161.40 in chips)
DoctorGonzo7: posts small blind $1
nrJitsu: posts big blind $3
*** HOLE CARDS ***
DoctorGonzo7: raises $3 to $6
nrJitsu: raises $3 to $9
DoctorGonzo7: calls $3
*** FLOP *** [8c 5d Tc]
nrJitsu: bets $3
DoctorGonzo7: calls $3
*** TURN *** [8c 5d Tc] [8h]
nrJitsu: checks
DoctorGonzo7: bets $6
nrJitsu: calls $6
*** RIVER *** [8c 5d Tc 8h] [Ac]
nrJitsu: checks
DoctorGonzo7: bets $6
nrJitsu: folds
Uncalled bet ($6) returned to DoctorGonzo7
DoctorGonzo7 collected $35.50 from pot
DoctorGonzo7: doesn't show hand
*** SUMMARY ***
Total pot $36 | Rake $0.50
Board [8c 5d Tc 8h Ac]
Seat 1: nrJitsu (big blind) folded on the River
Seat 2: DoctorGonzo7 (button) (small blind) collected ($35.50)


PokerStars Hand #144889249955:  Hold'em Limit ($3/$6 USD) - 2015/12/05 20:28:07 ET
Table 'Wezen' 2-max Seat #1 is the button
Seat 1: nrJitsu ($220.52 in chips)
Seat 2: DoctorGonzo7 ($166.40 in chips)
nrJitsu: posts small blind $1
DoctorGonzo7: posts big blind $3
*** HOLE CARDS ***
nrJitsu: raises $3 to $6
DoctorGonzo7: calls $3
*** FLOP *** [Td 9d Kh]
DoctorGonzo7: checks
nrJitsu: bets $3
DoctorGonzo7: calls $3
*** TURN *** [Td 9d Kh] [2h]
DoctorGonzo7: checks
nrJitsu: bets $6
DoctorGonzo7: folds
Uncalled bet ($6) returned to nrJitsu
nrJitsu collected $17.64 from pot
nrJitsu: doesn't show hand
*** SUMMARY ***
Total pot $18 | Rake $0.36
Board [Td 9d Kh 2h]
Seat 1: nrJitsu (button) (small blind) collected ($17.64)
Seat 2: DoctorGonzo7 (big blind) folded on the Turn


PokerStars Hand #144889302587:  Hold'em Limit ($3/$6 USD) - 2015/12/05 20:29:47 ET
Table 'Wezen' 2-max Seat #2 is the button
Seat 1: nrJitsu ($206.56 in chips)
Seat 2: DoctorGonzo7 ($178.40 in chips)
DoctorGonzo7: posts small blind $1
nrJitsu: posts big blind $3
*** HOLE CARDS ***
DoctorGonzo7: raises $3 to $6
nrJitsu: folds
Uncalled bet ($3) returned to DoctorGonzo7
DoctorGonzo7 collected $6 from pot
DoctorGonzo7: doesn't show hand
*** SUMMARY ***
Total pot $6 | Rake $0
Seat 1: nrJitsu (big blind) folded before Flop
Seat 2: DoctorGonzo7 (button) (small blind) collected ($6)


PokerStars Hand #144889289856:  Hold'em Limit ($3/$6 USD) - 2015/12/05 20:29:23 ET
Table 'Wezen' 2-max Seat #1 is the button
Seat 1: nrJitsu ($221.56 in chips)
Seat 2: DoctorGonzo7 ($163.90 in chips)
nrJitsu: posts small blind $1
DoctorGonzo7: posts big blind $3
*** HOLE CARDS ***
nrJitsu: raises $3 to $6
DoctorGonzo7: calls $3
*** FLOP *** [3h 6d Ks]
DoctorGonzo7: checks
nrJitsu: bets $3
DoctorGonzo7: calls $3
*** TURN *** [3h 6d Ks] [Ah]
DoctorGonzo7: checks
nrJitsu: bets $6
DoctorGonzo7: calls $6
*** RIVER *** [3h 6d Ks Ah] [4c]
DoctorGonzo7: checks
nrJitsu: checks
*** SHOW DOWN ***
DoctorGonzo7: shows [Qh Qs] (a pair of Queens)
nrJitsu: mucks hand
DoctorGonzo7 collected $29.50 from pot
*** SUMMARY ***
Total pot $30 | Rake $0.50
Board [3h 6d Ks Ah 4c]
Seat 1: nrJitsu (button) (small blind) mucked
Seat 2: DoctorGonzo7 (big blind) showed [Qh Qs] and won ($29.50) with a pair of Queens


PokerStars Hand #144889284423:  Hold'em Limit ($3/$6 USD) - 2015/12/05 20:29:13 ET
Table 'Wezen' 2-max Seat #2 is the button
Seat 1: nrJitsu ($210.04 in chips)
Seat 2: DoctorGonzo7 ($175.90 in chips)
DoctorGonzo7: posts small blind $1
nrJitsu: posts big blind $3
*** HOLE CARDS ***
DoctorGonzo7: raises $3 to $6
nrJitsu: raises $3 to $9
DoctorGonzo7: calls $3
*** FLOP *** [3h Ts 3c]
nrJitsu: bets $3
DoctorGonzo7: calls $3
*** TURN *** [3h Ts 3c] [5d]
nrJitsu: bets $6
DoctorGonzo7: folds
Uncalled bet ($6) returned to nrJitsu
nrJitsu collected $23.52 from pot
nrJitsu: doesn't show hand
*** SUMMARY ***
Total pot $24 | Rake $0.48
Board [3h Ts 3c 5d]
Seat 1: nrJitsu (big blind) collected ($23.52)
Seat 2: DoctorGonzo7 (button) (small blind) folded on the Turn


PokerStars Hand #144889279695:  Hold'em Limit ($3/$6 USD) - 2015/12/05 20:29:04 ET
Table 'Wezen' 2-max Seat #1 is the button
Seat 1: nrJitsu ($207.16 in chips)
Seat 2: DoctorGonzo7 ($178.90 in chips)
nrJitsu: posts small blind $1
DoctorGonzo7: posts big blind $3
*** HOLE CARDS ***
nrJitsu: calls $2
DoctorGonzo7: checks
*** FLOP *** [2d Kc 2h]
DoctorGonzo7: checks
nrJitsu: bets $3
DoctorGonzo7: folds
Uncalled bet ($3) returned to nrJitsu
nrJitsu collected $5.88 from pot
nrJitsu: doesn't show hand
*** SUMMARY ***
Total pot $6 | Rake $0.12
Board [2d Kc 2h]
Seat 1: nrJitsu (button) (small blind) collected ($5.88)
Seat 2: DoctorGonzo7 (big blind) folded on the Flop


