PokerStars Hand #162437609950:  Hold'em Limit ($3/$6 USD) - 2016/12/05 1:03:13 ET
Table 'Wezen' 6-max Seat #2 is the button
Seat 2: jl45259071 ($140.36 in chips)
Seat 4: Agrotait ($71.76 in chips)
jl45259071: posts small blind $1
Agrotait: posts big blind $3
*** HOLE CARDS ***
jl45259071: calls $2
Agrotait: raises $3 to $6
jl45259071: calls $3
*** FLOP *** [2c 8s 8c]
Agrotait: bets $3
jl45259071: raises $3 to $6
Agrotait: calls $3
*** TURN *** [2c 8s 8c] [Kh]
Agrotait: bets $6
jl45259071: calls $6
*** RIVER *** [2c 8s 8c Kh] [Jc]
Agrotait: checks
jl45259071: checks
*** SHOW DOWN ***
Agrotait: shows [4s 4h] (two pair, Eights and Fours)
jl45259071: mucks hand
Agrotait collected $35.50 from pot
*** SUMMARY ***
Total pot $36 | Rake $0.50
Board [2c 8s 8c Kh Jc]
Seat 2: jl45259071 (button) (small blind) mucked
Seat 4: Agrotait (big blind) showed [4s 4h] and won ($35.50) with two pair, Eights and Fours


PokerStars Hand #162437606455:  Hold'em Limit ($3/$6 USD) - 2016/12/05 1:02:59 ET
Table 'Wezen' 6-max Seat #4 is the button
Seat 2: jl45259071 ($146.36 in chips)
Seat 4: Agrotait ($66 in chips)
Agrotait: posts small blind $1
jl45259071: posts big blind $3
*** HOLE CARDS ***
Agrotait: raises $3 to $6
jl45259071: calls $3
*** FLOP *** [Kh 7s Th]
jl45259071: checks
Agrotait: bets $3
jl45259071: folds
Uncalled bet ($3) returned to Agrotait
Agrotait collected $11.76 from pot
Agrotait: doesn't show hand
*** SUMMARY ***
Total pot $12 | Rake $0.24
Board [Kh 7s Th]
Seat 2: jl45259071 (big blind) folded on the Flop
Seat 4: Agrotait (button) (small blind) collected ($11.76)


PokerStars Hand #162437617758:  Hold'em Limit ($3/$6 USD) - 2016/12/05 1:03:45 ET
Table 'Wezen' 6-max Seat #4 is the button
Seat 2: jl45259071 ($122.36 in chips)
Seat 4: Agrotait ($89.26 in chips)
Agrotait: posts small blind $1
jl45259071: posts big blind $3
*** HOLE CARDS ***
Agrotait: raises $3 to $6
jl45259071: calls $3
*** FLOP *** [2h 4c As]
jl45259071: checks
Agrotait: bets $3
jl45259071: calls $3
*** TURN *** [2h 4c As] [8h]
jl45259071: checks
Agrotait: bets $6
jl45259071: raises $6 to $12
Agrotait: raises $6 to $18
jl45259071: calls $6
*** RIVER *** [2h 4c As 8h] [Kd]
jl45259071: bets $6
Agrotait: raises $6 to $12
jl45259071: calls $6
*** SHOW DOWN ***
Agrotait: shows [4h 4s] (three of a kind, Fours)
jl45259071: mucks hand
Agrotait collected $77.50 from pot
*** SUMMARY ***
Total pot $78 | Rake $0.50
Board [2h 4c As 8h Kd]
Seat 2: jl45259071 (big blind) mucked
Seat 4: Agrotait (button) (small blind) showed [4h 4s] and won ($77.50) with three of a kind, Fours


PokerStars Hand #162437626446:  Hold'em Limit ($3/$6 USD) - 2016/12/05 1:04:19 ET
Table 'Wezen' 6-max Seat #2 is the button
Seat 2: jl45259071 ($83.36 in chips)
Seat 4: Agrotait ($127.76 in chips)
jl45259071: posts small blind $1
Agrotait: posts big blind $3
*** HOLE CARDS ***
jl45259071: calls $2
Agrotait: checks
*** FLOP *** [Qh Kh Ac]
Agrotait: checks
ToDaFelt joins the table at seat #3
jl45259071: bets $3
Agrotait: calls $3
*** TURN *** [Qh Kh Ac] [9c]
Agrotait: checks
jl45259071: bets $6
Agrotait: calls $6
*** RIVER *** [Qh Kh Ac 9c] [4h]
Agrotait: checks
jl45259071: checks
*** SHOW DOWN ***
Agrotait: shows [Ks 8d] (a pair of Kings)
jl45259071: mucks hand
Agrotait collected $23.52 from pot
*** SUMMARY ***
Total pot $24 | Rake $0.48
Board [Qh Kh Ac 9c 4h]
Seat 2: jl45259071 (button) (small blind) mucked
Seat 4: Agrotait (big blind) showed [Ks 8d] and won ($23.52) with a pair of Kings


PokerStars Hand #162437644842:  Hold'em Limit ($3/$6 USD) - 2016/12/05 1:05:22 ET
Table 'Wezen' 6-max Seat #4 is the button
Seat 2: jl45259071 ($71.36 in chips)
Seat 4: Agrotait ($139.28 in chips)
Agrotait: posts small blind $1
jl45259071: posts big blind $3
*** HOLE CARDS ***
Agrotait: raises $3 to $6
jl45259071: calls $3
*** FLOP *** [3h 8c 3s]
jl45259071: checks
Agrotait: bets $3
jl45259071: calls $3
*** TURN *** [3h 8c 3s] [4s]
jl45259071: checks
Agrotait: bets $6
jl45259071: folds
Uncalled bet ($6) returned to Agrotait
Agrotait collected $17.64 from pot
Agrotait: doesn't show hand
*** SUMMARY ***
Total pot $18 | Rake $0.36
Board [3h 8c 3s 4s]
Seat 2: jl45259071 (big blind) folded on the Turn
Seat 4: Agrotait (button) (small blind) collected ($17.64)


