PokerStars Hand #155924233859:  Hold'em Limit ($3/$6 USD) - 2016/07/13 13:12:43 ET
Table 'Whipple' 6-max Seat #2 is the button
Seat 1: Ego 8 ($120 in chips)
Seat 2: kolaz03 ($72 in chips)
kolaz03: posts small blind $1
VolkovDmitri: is sitting out
Ego 8: posts big blind $3
*** HOLE CARDS ***
civi1717 joins the table at seat #6
VolkovDmitri leaves the table
kolaz03: folds
Uncalled bet ($2) returned to Ego 8
Ego 8 collected $2 from pot
*** SUMMARY ***
Total pot $2 | Rake $0
Seat 1: Ego 8 (big blind) collected ($2)
Seat 2: kolaz03 (button) (small blind) folded before Flop


PokerStars Hand #155924242825:  Hold'em Limit ($3/$6 USD) - 2016/07/13 13:12:56 ET
Table 'Whipple' 6-max Seat #1 is the button
Seat 1: Ego 8 ($121 in chips)
Seat 2: kolaz03 ($72 in chips)
Ego 8: posts small blind $1
kolaz03: posts big blind $3
*** HOLE CARDS ***
Ego 8: raises $3 to $6
kolaz03: calls $3
*** FLOP *** [7d 2c 9d]
Pelurile joins the table at seat #3
kolaz03: checks
Ego 8: bets $3
kolaz03: calls $3
*** TURN *** [7d 2c 9d] [5h]
kolaz03: checks
Ego 8: bets $6
kolaz03: calls $6
*** RIVER *** [7d 2c 9d 5h] [Qh]
kolaz03: checks
Ego 8: bets $6
kolaz03: folds
Uncalled bet ($6) returned to Ego 8
Ego 8 collected $29.50 from pot
*** SUMMARY ***
Total pot $30 | Rake $0.50
Board [7d 2c 9d 5h Qh]
Seat 1: Ego 8 (button) (small blind) collected ($29.50)
Seat 2: kolaz03 (big blind) folded on the River


PokerStars Hand #155926137606:  Hold'em Limit ($3/$6 USD) - 2016/07/13 13:58:55 ET
Table 'Whipple' 6-max Seat #1 is the button
Seat 1: jackRizzar ($158.55 in chips)
Seat 5: Tryptamean ($126.53 in chips)
jackRizzar: posts small blind $1
Pelurile: is sitting out
Tryptamean: posts big blind $3
*** HOLE CARDS ***
jackRizzar: raises $3 to $6
Pelurile leaves the table
Tryptamean: calls $3
*** FLOP *** [4d 3d 9s]
Tryptamean: checks
jackRizzar: bets $3
Tryptamean: raises $3 to $6
jackRizzar: calls $3
*** TURN *** [4d 3d 9s] [Js]
Tryptamean: bets $6
jackRizzar: raises $6 to $12
Tryptamean: folds
Uncalled bet ($6) returned to jackRizzar
jackRizzar collected $35.50 from pot
*** SUMMARY ***
Total pot $36 | Rake $0.50
Board [4d 3d 9s Js]
Seat 1: jackRizzar (button) (small blind) collected ($35.50)
Seat 5: Tryptamean (big blind) folded on the Turn


PokerStars Hand #155926354652:  Hold'em Limit ($3/$6 USD) - 2016/07/13 14:04:11 ET
Table 'Whipple' 6-max Seat #5 is the button
Seat 5: TinaTurner72 ($120 in chips)
Seat 6: zizonmusang ($92.31 in chips)
TinaTurner72: posts small blind $1
zizonmusang: posts big blind $3
*** HOLE CARDS ***
TinaTurner72: raises $3 to $6
zizonmusang: calls $3
*** FLOP *** [8s 4c 2d]
zizonmusang: checks
TinaTurner72: bets $3
zizonmusang: folds
Uncalled bet ($3) returned to TinaTurner72
Tryptamean joins the table at seat #1
TinaTurner72 collected $11.76 from pot
TinaTurner72: doesn't show hand
*** SUMMARY ***
Total pot $12 | Rake $0.24
Board [8s 4c 2d]
Seat 5: TinaTurner72 (button) (small blind) collected ($11.76)
Seat 6: zizonmusang (big blind) folded on the Flop


PokerStars Hand #155926470951:  Hold'em Limit ($3/$6 USD) - 2016/07/13 14:06:46 ET
Table 'Whipple' 6-max Seat #6 is the button
Seat 1: Tryptamean ($116.74 in chips)
Seat 6: zizonmusang ($91.87 in chips)
zizonmusang: posts small blind $1
Tryptamean: posts big blind $3
*** HOLE CARDS ***
zizonmusang: folds
Uncalled bet ($2) returned to Tryptamean
Tryptamean collected $2 from pot
Tryptamean: doesn't show hand
*** SUMMARY ***
Total pot $2 | Rake $0
Seat 1: Tryptamean (big blind) collected ($2)
Seat 6: zizonmusang (button) (small blind) folded before Flop


PokerStars Hand #155926464706:  Hold'em Limit ($3/$6 USD) - 2016/07/13 14:06:38 ET
Table 'Whipple' 6-max Seat #1 is the button
Seat 1: Tryptamean ($117.74 in chips)
Seat 6: zizonmusang ($90.87 in chips)
Tryptamean: posts small blind $1
TinaTurner72: is sitting out
zizonmusang: posts big blind $3
*** HOLE CARDS ***
TinaTurner72 leaves the table
Tryptamean: folds
Uncalled bet ($2) returned to zizonmusang
zizonmusang collected $2 from pot
zizonmusang: doesn't show hand
*** SUMMARY ***
Total pot $2 | Rake $0
Seat 1: Tryptamean (button) (small blind) folded before Flop
Seat 6: zizonmusang (big blind) collected ($2)


PokerStars Hand #155926475727:  Hold'em Limit ($3/$6 USD) - 2016/07/13 14:06:52 ET
Table 'Whipple' 6-max Seat #1 is the button
Seat 1: Tryptamean ($117.74 in chips)
Seat 6: zizonmusang ($90.87 in chips)
Tryptamean: posts small blind $1
zizonmusang: posts big blind $3
*** HOLE CARDS ***
Tryptamean: raises $3 to $6
zizonmusang: folds
Uncalled bet ($3) returned to Tryptamean
Tryptamean collected $6 from pot
Tryptamean: doesn't show hand
*** SUMMARY ***
Total pot $6 | Rake $0
Seat 1: Tryptamean (button) (small blind) collected ($6)
Seat 6: zizonmusang (big blind) folded before Flop


PokerStars Hand #155926481451:  Hold'em Limit ($3/$6 USD) - 2016/07/13 14:07:00 ET
Table 'Whipple' 6-max Seat #6 is the button
Seat 1: Tryptamean ($120.74 in chips)
Seat 6: zizonmusang ($87.87 in chips)
zizonmusang: posts small blind $1
Tryptamean: posts big blind $3
*** HOLE CARDS ***
zizonmusang: raises $3 to $6
Tryptamean: calls $3
*** FLOP *** [Th Jh 2d]
Tryptamean: checks
zizonmusang: bets $3
Tryptamean: raises $3 to $6
zizonmusang: calls $3
*** TURN *** [Th Jh 2d] [Ks]
Tryptamean: bets $6
zizonmusang: raises $6 to $12
Tryptamean: calls $6
*** RIVER *** [Th Jh 2d Ks] [5d]
Tryptamean: checks
zizonmusang: bets $6
Tryptamean: calls $6
*** SHOW DOWN ***
zizonmusang: shows [7c Kh] (a pair of Kings)
Tryptamean: mucks hand
zizonmusang collected $59.50 from pot
*** SUMMARY ***
Total pot $60 | Rake $0.50
Board [Th Jh 2d Ks 5d]
Seat 1: Tryptamean (big blind) mucked
Seat 6: zizonmusang (button) (small blind) showed [7c Kh] and won ($59.50) with a pair of Kings


PokerStars Hand #155926502896:  Hold'em Limit ($3/$6 USD) - 2016/07/13 14:07:28 ET
Table 'Whipple' 6-max Seat #1 is the button
Seat 1: Tryptamean ($90.74 in chips)
Seat 6: zizonmusang ($117.37 in chips)
Tryptamean: posts small blind $1
zizonmusang: posts big blind $3
*** HOLE CARDS ***
Tryptamean: raises $3 to $6
zizonmusang: calls $3
*** FLOP *** [Ac Ts 5s]
zizonmusang: checks
Tryptamean: bets $3
zizonmusang: raises $3 to $6
Tryptamean: calls $3
*** TURN *** [Ac Ts 5s] [9d]
zizonmusang: bets $6
Tryptamean: calls $6
*** RIVER *** [Ac Ts 5s 9d] [4h]
zizonmusang: bets $6
Tryptamean: folds
Uncalled bet ($6) returned to zizonmusang
zizonmusang collected $35.50 from pot
zizonmusang: doesn't show hand
*** SUMMARY ***
Total pot $36 | Rake $0.50
Board [Ac Ts 5s 9d 4h]
Seat 1: Tryptamean (button) (small blind) folded on the River
Seat 6: zizonmusang (big blind) collected ($35.50)


PokerStars Hand #155926550403:  Hold'em Limit ($3/$6 USD) - 2016/07/13 14:08:32 ET
Table 'Whipple' 6-max Seat #1 is the button
Seat 1: Tryptamean ($62.74 in chips)
Seat 6: zizonmusang ($144.63 in chips)
Tryptamean: posts small blind $1
zizonmusang: posts big blind $3
*** HOLE CARDS ***
Tryptamean: folds
Uncalled bet ($2) returned to zizonmusang
zizonmusang collected $2 from pot
zizonmusang: doesn't show hand
*** SUMMARY ***
Total pot $2 | Rake $0
Seat 1: Tryptamean (button) (small blind) folded before Flop
Seat 6: zizonmusang (big blind) collected ($2)


PokerStars Hand #155926525436:  Hold'em Limit ($3/$6 USD) - 2016/07/13 14:07:58 ET
Table 'Whipple' 6-max Seat #6 is the button
Seat 1: Tryptamean ($72.74 in chips)
Seat 6: zizonmusang ($134.87 in chips)
zizonmusang: posts small blind $1
Tryptamean: posts big blind $3
*** HOLE CARDS ***
zizonmusang: raises $3 to $6
Tryptamean: calls $3
*** FLOP *** [5s Tc 7h]
Tryptamean: checks
zizonmusang: bets $3
Tryptamean: folds
Uncalled bet ($3) returned to zizonmusang
zizonmusang collected $11.76 from pot
zizonmusang: doesn't show hand
*** SUMMARY ***
Total pot $12 | Rake $0.24
Board [5s Tc 7h]
Seat 1: Tryptamean (big blind) folded on the Flop
Seat 6: zizonmusang (button) (small blind) collected ($11.76)


PokerStars Hand #155926545799:  Hold'em Limit ($3/$6 USD) - 2016/07/13 14:08:25 ET
Table 'Whipple' 6-max Seat #6 is the button
Seat 1: Tryptamean ($65.74 in chips)
Seat 6: zizonmusang ($141.63 in chips)
zizonmusang: posts small blind $1
Tryptamean: posts big blind $3
*** HOLE CARDS ***
zizonmusang: raises $3 to $6
Tryptamean: folds
Uncalled bet ($3) returned to zizonmusang
zizonmusang collected $6 from pot
zizonmusang: doesn't show hand
*** SUMMARY ***
Total pot $6 | Rake $0
Seat 1: Tryptamean (big blind) folded before Flop
Seat 6: zizonmusang (button) (small blind) collected ($6)


PokerStars Hand #155926540934:  Hold'em Limit ($3/$6 USD) - 2016/07/13 14:08:19 ET
Table 'Whipple' 6-max Seat #1 is the button
Seat 1: Tryptamean ($66.74 in chips)
Seat 6: zizonmusang ($140.63 in chips)
Tryptamean: posts small blind $1
zizonmusang: posts big blind $3
*** HOLE CARDS ***
Tryptamean: folds
Uncalled bet ($2) returned to zizonmusang
zizonmusang collected $2 from pot
zizonmusang: doesn't show hand
*** SUMMARY ***
Total pot $2 | Rake $0
Seat 1: Tryptamean (button) (small blind) folded before Flop
Seat 6: zizonmusang (big blind) collected ($2)


PokerStars Hand #155926554232:  Hold'em Limit ($3/$6 USD) - 2016/07/13 14:08:37 ET
Table 'Whipple' 6-max Seat #6 is the button
Seat 1: Tryptamean ($61.74 in chips)
Seat 6: zizonmusang ($145.63 in chips)
zizonmusang: posts small blind $1
Tryptamean: posts big blind $3
*** HOLE CARDS ***
zizonmusang: folds
Uncalled bet ($2) returned to Tryptamean
Tryptamean collected $2 from pot
Tryptamean: doesn't show hand
*** SUMMARY ***
Total pot $2 | Rake $0
Seat 1: Tryptamean (big blind) collected ($2)
Seat 6: zizonmusang (button) (small blind) folded before Flop


PokerStars Hand #155926559294:  Hold'em Limit ($3/$6 USD) - 2016/07/13 14:08:44 ET
Table 'Whipple' 6-max Seat #1 is the button
Seat 1: Tryptamean ($62.74 in chips)
Seat 6: zizonmusang ($144.63 in chips)
Tryptamean: posts small blind $1
zizonmusang: posts big blind $3
*** HOLE CARDS ***
Tryptamean: raises $3 to $6
zizonmusang: raises $3 to $9
Tryptamean: calls $3
*** FLOP *** [6h Jh 5c]
zizonmusang: bets $3
Tryptamean: calls $3
*** TURN *** [6h Jh 5c] [6d]
zizonmusang: bets $6
Tryptamean: calls $6
*** RIVER *** [6h Jh 5c 6d] [8s]
zizonmusang: bets $6
Tryptamean: calls $6
*** SHOW DOWN ***
zizonmusang: shows [9h 9d] (two pair, Nines and Sixes)
Tryptamean: mucks hand
zizonmusang collected $47.50 from pot
*** SUMMARY ***
Total pot $48 | Rake $0.50
Board [6h Jh 5c 6d 8s]
Seat 1: Tryptamean (button) (small blind) mucked
Seat 6: zizonmusang (big blind) showed [9h 9d] and won ($47.50) with two pair, Nines and Sixes


PokerStars Hand #155926587900:  Hold'em Limit ($3/$6 USD) - 2016/07/13 14:09:22 ET
Table 'Whipple' 6-max Seat #6 is the button
Seat 1: Tryptamean ($120 in chips)
Seat 6: zizonmusang ($168.13 in chips)
zizonmusang: posts small blind $1
Tryptamean: posts big blind $3
*** HOLE CARDS ***
zizonmusang: raises $3 to $6
Tryptamean: calls $3
*** FLOP *** [8s 5s Qh]
Tryptamean: checks
zizonmusang: bets $3
Tryptamean: raises $3 to $6
zizonmusang: folds
Uncalled bet ($3) returned to Tryptamean
Tryptamean collected $17.64 from pot
Tryptamean: doesn't show hand
*** SUMMARY ***
Total pot $18 | Rake $0.36
Board [8s 5s Qh]
Seat 1: Tryptamean (big blind) collected ($17.64)
Seat 6: zizonmusang (button) (small blind) folded on the Flop


PokerStars Hand #155926604355:  Hold'em Limit ($3/$6 USD) - 2016/07/13 14:09:44 ET
Table 'Whipple' 6-max Seat #1 is the button
Seat 1: Tryptamean ($128.64 in chips)
Seat 6: zizonmusang ($159.13 in chips)
Tryptamean: posts small blind $1
zizonmusang: posts big blind $3
*** HOLE CARDS ***
Tryptamean: raises $3 to $6
zizonmusang: calls $3
*** FLOP *** [5d Qh 6s]
zizonmusang: checks
Tryptamean: bets $3
zizonmusang: raises $3 to $6
Tryptamean: calls $3
*** TURN *** [5d Qh 6s] [3c]
zizonmusang: bets $6
Tryptamean: calls $6
*** RIVER *** [5d Qh 6s 3c] [9c]
zizonmusang: bets $6
Tryptamean: folds
Uncalled bet ($6) returned to zizonmusang
zizonmusang collected $35.50 from pot
zizonmusang: doesn't show hand
*** SUMMARY ***
Total pot $36 | Rake $0.50
Board [5d Qh 6s 3c 9c]
Seat 1: Tryptamean (button) (small blind) folded on the River
Seat 6: zizonmusang (big blind) collected ($35.50)


PokerStars Hand #155926684900:  Hold'em Limit ($3/$6 USD) - 2016/07/13 14:11:32 ET
Table 'Whipple' 6-max Seat #1 is the button
Seat 1: Tryptamean ($137.14 in chips)
Seat 6: zizonmusang ($149.63 in chips)
Tryptamean: posts small blind $1
zizonmusang: posts big blind $3
*** HOLE CARDS ***
Tryptamean: raises $3 to $6
zizonmusang: folds
Uncalled bet ($3) returned to Tryptamean
Tryptamean collected $6 from pot
Tryptamean: doesn't show hand
*** SUMMARY ***
Total pot $6 | Rake $0
Seat 1: Tryptamean (button) (small blind) collected ($6)
Seat 6: zizonmusang (big blind) folded before Flop


PokerStars Hand #155926722565:  Hold'em Limit ($3/$6 USD) - 2016/07/13 14:12:23 ET
Table 'Whipple' 6-max Seat #1 is the button
Seat 1: Tryptamean ($120.14 in chips)
Seat 6: zizonmusang ($166.13 in chips)
Tryptamean: posts small blind $1
zizonmusang: posts big blind $3
*** HOLE CARDS ***
Tryptamean: raises $3 to $6
zizonmusang: calls $3
*** FLOP *** [2h Tc Qs]
zizonmusang: checks
Tryptamean: bets $3
zizonmusang: folds
Uncalled bet ($3) returned to Tryptamean
Tryptamean collected $11.76 from pot
Tryptamean: doesn't show hand
*** SUMMARY ***
Total pot $12 | Rake $0.24
Board [2h Tc Qs]
Seat 1: Tryptamean (button) (small blind) collected ($11.76)
Seat 6: zizonmusang (big blind) folded on the Flop


PokerStars Hand #155926718572:  Hold'em Limit ($3/$6 USD) - 2016/07/13 14:12:18 ET
Table 'Whipple' 6-max Seat #6 is the button
Seat 1: Tryptamean ($119.14 in chips)
Seat 6: zizonmusang ($167.13 in chips)
zizonmusang: posts small blind $1
Tryptamean: posts big blind $3
*** HOLE CARDS ***
zizonmusang: folds
Uncalled bet ($2) returned to Tryptamean
Tryptamean collected $2 from pot
Tryptamean: doesn't show hand
*** SUMMARY ***
Total pot $2 | Rake $0
Seat 1: Tryptamean (big blind) collected ($2)
Seat 6: zizonmusang (button) (small blind) folded before Flop


PokerStars Hand #155926712302:  Hold'em Limit ($3/$6 USD) - 2016/07/13 14:12:09 ET
Table 'Whipple' 6-max Seat #1 is the button
Seat 1: Tryptamean ($116.14 in chips)
Seat 6: zizonmusang ($170.13 in chips)
Tryptamean: posts small blind $1
zizonmusang: posts big blind $3
*** HOLE CARDS ***
Tryptamean: raises $3 to $6
zizonmusang: folds
Uncalled bet ($3) returned to Tryptamean
Tryptamean collected $6 from pot
Tryptamean: doesn't show hand
*** SUMMARY ***
Total pot $6 | Rake $0
Seat 1: Tryptamean (button) (small blind) collected ($6)
Seat 6: zizonmusang (big blind) folded before Flop


PokerStars Hand #155926690840:  Hold'em Limit ($3/$6 USD) - 2016/07/13 14:11:40 ET
Table 'Whipple' 6-max Seat #6 is the button
Seat 1: Tryptamean ($140.14 in chips)
Seat 6: zizonmusang ($146.63 in chips)
zizonmusang: posts small blind $1
Tryptamean: posts big blind $3
*** HOLE CARDS ***
zizonmusang: raises $3 to $6
Tryptamean: raises $3 to $9
zizonmusang: calls $3
*** FLOP *** [8d 3d 8c]
Tryptamean: bets $3
zizonmusang: calls $3
*** TURN *** [8d 3d 8c] [Kh]
Tryptamean: bets $6
zizonmusang: raises $6 to $12
Tryptamean: calls $6
*** RIVER *** [8d 3d 8c Kh] [2s]
Tryptamean: checks
zizonmusang: bets $6
Tryptamean: folds
Uncalled bet ($6) returned to zizonmusang
zizonmusang collected $47.50 from pot
zizonmusang: doesn't show hand
*** SUMMARY ***
Total pot $48 | Rake $0.50
Board [8d 3d 8c Kh 2s]
Seat 1: Tryptamean (big blind) folded on the River
Seat 6: zizonmusang (button) (small blind) collected ($47.50)


PokerStars Hand #155926732560:  Hold'em Limit ($3/$6 USD) - 2016/07/13 14:12:37 ET
Table 'Whipple' 6-max Seat #6 is the button
Seat 1: Tryptamean ($125.90 in chips)
Seat 6: zizonmusang ($160.13 in chips)
zizonmusang: posts small blind $1
Tryptamean: posts big blind $3
*** HOLE CARDS ***
zizonmusang: folds
Uncalled bet ($2) returned to Tryptamean
Tryptamean collected $2 from pot
Tryptamean: doesn't show hand
*** SUMMARY ***
Total pot $2 | Rake $0
Seat 1: Tryptamean (big blind) collected ($2)
Seat 6: zizonmusang (button) (small blind) folded before Flop


PokerStars Hand #155926761531:  Hold'em Limit ($3/$6 USD) - 2016/07/13 14:13:16 ET
Table 'Whipple' 6-max Seat #6 is the button
Seat 1: Tryptamean ($108.90 in chips)
Seat 6: zizonmusang ($176.63 in chips)
zizonmusang: posts small blind $1
Tryptamean: posts big blind $3
*** HOLE CARDS ***
zizonmusang: folds
Uncalled bet ($2) returned to Tryptamean
Tryptamean collected $2 from pot
Tryptamean: doesn't show hand
*** SUMMARY ***
Total pot $2 | Rake $0
Seat 1: Tryptamean (big blind) collected ($2)
Seat 6: zizonmusang (button) (small blind) folded before Flop


PokerStars Hand #155926814833:  Hold'em Limit ($3/$6 USD) - 2016/07/13 14:14:28 ET
Table 'Whipple' 6-max Seat #6 is the button
Seat 1: Tryptamean ($130.40 in chips)
Seat 6: zizonmusang ($154.39 in chips)
zizonmusang: posts small blind $1
Tryptamean: posts big blind $3
*** HOLE CARDS ***
zizonmusang: raises $3 to $6
Tryptamean: raises $3 to $9
zizonmusang: calls $3
*** FLOP *** [Qd 9h 5d]
Tryptamean: bets $3
zizonmusang: calls $3
*** TURN *** [Qd 9h 5d] [Jh]
Tryptamean: bets $6
zizonmusang: calls $6
*** RIVER *** [Qd 9h 5d Jh] [Jc]
Tryptamean: bets $6
zizonmusang: calls $6
*** SHOW DOWN ***
Tryptamean: shows [Th Kh] (a straight, Nine to King)
zizonmusang: mucks hand
Tryptamean collected $47.50 from pot
*** SUMMARY ***
Total pot $48 | Rake $0.50
Board [Qd 9h 5d Jh Jc]
Seat 1: Tryptamean (big blind) showed [Th Kh] and won ($47.50) with a straight, Nine to King
Seat 6: zizonmusang (button) (small blind) mucked


PokerStars Hand #155926766264:  Hold'em Limit ($3/$6 USD) - 2016/07/13 14:13:23 ET
Table 'Whipple' 6-max Seat #1 is the button
Seat 1: Tryptamean ($109.90 in chips)
Seat 6: zizonmusang ($175.63 in chips)
Tryptamean: posts small blind $1
zizonmusang: posts big blind $3
*** HOLE CARDS ***
Tryptamean: raises $3 to $6
zizonmusang: calls $3
*** FLOP *** [Js 5h 4d]
zizonmusang: checks
Tryptamean: bets $3
zizonmusang: raises $3 to $6
Tryptamean: calls $3
*** TURN *** [Js 5h 4d] [6c]
zizonmusang: bets $6
Tryptamean: calls $6
*** RIVER *** [Js 5h 4d 6c] [Td]
zizonmusang: bets $6
Tryptamean: calls $6
*** SHOW DOWN ***
zizonmusang: shows [3c Kh] (high card King)
Tryptamean: shows [9c 6d] (a pair of Sixes)
Tryptamean collected $47.50 from pot
*** SUMMARY ***
Total pot $48 | Rake $0.50
Board [Js 5h 4d 6c Td]
Seat 1: Tryptamean (button) (small blind) showed [9c 6d] and won ($47.50) with a pair of Sixes
Seat 6: zizonmusang (big blind) showed [3c Kh] and lost with high card King


PokerStars Hand #155926808835:  Hold'em Limit ($3/$6 USD) - 2016/07/13 14:14:20 ET
Table 'Whipple' 6-max Seat #1 is the button
Seat 1: Tryptamean ($127.40 in chips)
Seat 6: zizonmusang ($157.39 in chips)
Tryptamean: posts small blind $1
zizonmusang: posts big blind $3
*** HOLE CARDS ***
Tryptamean: raises $3 to $6
zizonmusang: folds
Uncalled bet ($3) returned to Tryptamean
Tryptamean collected $6 from pot
Tryptamean: doesn't show hand
*** SUMMARY ***
Total pot $6 | Rake $0
Seat 1: Tryptamean (button) (small blind) collected ($6)
Seat 6: zizonmusang (big blind) folded before Flop


PokerStars Hand #155926798113:  Hold'em Limit ($3/$6 USD) - 2016/07/13 14:14:06 ET
Table 'Whipple' 6-max Seat #6 is the button
Seat 1: Tryptamean ($133.40 in chips)
Seat 6: zizonmusang ($151.63 in chips)
zizonmusang: posts small blind $1
Tryptamean: posts big blind $3
*** HOLE CARDS ***
zizonmusang: raises $3 to $6
Tryptamean: calls $3
*** FLOP *** [As 5h 7d]
Tryptamean: checks
zizonmusang: bets $3
Tryptamean: folds
Uncalled bet ($3) returned to zizonmusang
zizonmusang collected $11.76 from pot
zizonmusang: doesn't show hand
*** SUMMARY ***
Total pot $12 | Rake $0.24
Board [As 5h 7d]
Seat 1: Tryptamean (big blind) folded on the Flop
Seat 6: zizonmusang (button) (small blind) collected ($11.76)


PokerStars Hand #155926845919:  Hold'em Limit ($3/$6 USD) - 2016/07/13 14:15:10 ET
Table 'Whipple' 6-max Seat #6 is the button
Seat 1: Tryptamean ($156.90 in chips)
Seat 6: zizonmusang ($127.39 in chips)
zizonmusang: posts small blind $1
Tryptamean: posts big blind $3
*** HOLE CARDS ***
zizonmusang: raises $3 to $6
Tryptamean: calls $3
*** FLOP *** [9h 2c 2d]
Tryptamean: checks
zizonmusang: bets $3
Tryptamean: calls $3
*** TURN *** [9h 2c 2d] [Ad]
Tryptamean: checks
zizonmusang: bets $6
Tryptamean: calls $6
*** RIVER *** [9h 2c 2d Ad] [Kc]
Tryptamean: checks
zizonmusang: checks
*** SHOW DOWN ***
Tryptamean: shows [Kd 7h] (two pair, Kings and Deuces)
zizonmusang: mucks hand
Tryptamean collected $29.50 from pot
*** SUMMARY ***
Total pot $30 | Rake $0.50
Board [9h 2c 2d Ad Kc]
Seat 1: Tryptamean (big blind) showed [Kd 7h] and won ($29.50) with two pair, Kings and Deuces
Seat 6: zizonmusang (button) (small blind) mucked


PokerStars Hand #155926838915:  Hold'em Limit ($3/$6 USD) - 2016/07/13 14:15:01 ET
Table 'Whipple' 6-max Seat #1 is the button
Seat 1: Tryptamean ($153.90 in chips)
Seat 6: zizonmusang ($130.39 in chips)
Tryptamean: posts small blind $1
zizonmusang: posts big blind $3
*** HOLE CARDS ***
Tryptamean: raises $3 to $6
zizonmusang: folds
Uncalled bet ($3) returned to Tryptamean
Tryptamean collected $6 from pot
Tryptamean: doesn't show hand
*** SUMMARY ***
Total pot $6 | Rake $0
Seat 1: Tryptamean (button) (small blind) collected ($6)
Seat 6: zizonmusang (big blind) folded before Flop


PokerStars Hand #155926901570:  Hold'em Limit ($3/$6 USD) - 2016/07/13 14:16:26 ET
Table 'Whipple' 6-max Seat #1 is the button
Seat 1: Tryptamean ($156.04 in chips)
Seat 6: zizonmusang ($126.89 in chips)
Tryptamean: posts small blind $1
zizonmusang: posts big blind $3
*** HOLE CARDS ***
Tryptamean: raises $3 to $6
zizonmusang: calls $3
*** FLOP *** [Qc 3c 2s]
zizonmusang: checks
Tryptamean: bets $3
zizonmusang: raises $3 to $6
Tryptamean: calls $3
*** TURN *** [Qc 3c 2s] [As]
zizonmusang: bets $6
Tryptamean: folds
Uncalled bet ($6) returned to zizonmusang
zizonmusang collected $23.52 from pot
zizonmusang: doesn't show hand
*** SUMMARY ***
Total pot $24 | Rake $0.48
Board [Qc 3c 2s As]
Seat 1: Tryptamean (button) (small blind) folded on the Turn
Seat 6: zizonmusang (big blind) collected ($23.52)


PokerStars Hand #155926890502:  Hold'em Limit ($3/$6 USD) - 2016/07/13 14:16:11 ET
Table 'Whipple' 6-max Seat #6 is the button
Seat 1: Tryptamean ($147.40 in chips)
Seat 6: zizonmusang ($135.89 in chips)
zizonmusang: posts small blind $1
Tryptamean: posts big blind $3
*** HOLE CARDS ***
zizonmusang: raises $3 to $6
Tryptamean: calls $3
*** FLOP *** [3c 4c Kd]
Tryptamean: checks
zizonmusang: bets $3
Tryptamean: raises $3 to $6
zizonmusang: folds
Uncalled bet ($3) returned to Tryptamean
Tryptamean collected $17.64 from pot
Tryptamean: doesn't show hand
*** SUMMARY ***
Total pot $18 | Rake $0.36
Board [3c 4c Kd]
Seat 1: Tryptamean (big blind) collected ($17.64)
Seat 6: zizonmusang (button) (small blind) folded on the Flop


PokerStars Hand #155926875049:  Hold'em Limit ($3/$6 USD) - 2016/07/13 14:15:50 ET
Table 'Whipple' 6-max Seat #1 is the button
Seat 1: Tryptamean ($171.40 in chips)
Seat 6: zizonmusang ($112.39 in chips)
Tryptamean: posts small blind $1
zizonmusang: posts big blind $3
*** HOLE CARDS ***
Tryptamean: raises $3 to $6
zizonmusang: raises $3 to $9
Tryptamean: calls $3
*** FLOP *** [Jc 5d Ks]
zizonmusang: bets $3
Tryptamean: calls $3
*** TURN *** [Jc 5d Ks] [9s]
zizonmusang: bets $6
Tryptamean: calls $6
*** RIVER *** [Jc 5d Ks 9s] [Kc]
zizonmusang: bets $6
Tryptamean: calls $6
*** SHOW DOWN ***
zizonmusang: shows [Js Ah] (two pair, Kings and Jacks)
Tryptamean: mucks hand
zizonmusang collected $47.50 from pot
*** SUMMARY ***
Total pot $48 | Rake $0.50
Board [Jc 5d Ks 9s Kc]
Seat 1: Tryptamean (button) (small blind) mucked
Seat 6: zizonmusang (big blind) showed [Js Ah] and won ($47.50) with two pair, Kings and Jacks


PokerStars Hand #155926929390:  Hold'em Limit ($3/$6 USD) - 2016/07/13 14:17:04 ET
Table 'Whipple' 6-max Seat #6 is the button
Seat 1: Tryptamean ($144.04 in chips)
Seat 6: zizonmusang ($138.41 in chips)
zizonmusang: posts small blind $1
Tryptamean: posts big blind $3
*** HOLE CARDS ***
zizonmusang: raises $3 to $6
Tryptamean: calls $3
*** FLOP *** [Jc 8h 7d]
Tryptamean: checks
zizonmusang: bets $3
Tryptamean: raises $3 to $6
zizonmusang: raises $3 to $9
Tryptamean: calls $3
*** TURN *** [Jc 8h 7d] [Jh]
Tryptamean: checks
zizonmusang: bets $6
Tryptamean: folds
Uncalled bet ($6) returned to zizonmusang
zizonmusang collected $29.50 from pot
zizonmusang: doesn't show hand
*** SUMMARY ***
Total pot $30 | Rake $0.50
Board [Jc 8h 7d Jh]
Seat 1: Tryptamean (big blind) folded on the Turn
Seat 6: zizonmusang (button) (small blind) collected ($29.50)


PokerStars Hand #155926955750:  Hold'em Limit ($3/$6 USD) - 2016/07/13 14:17:39 ET
Table 'Whipple' 6-max Seat #1 is the button
Seat 1: Tryptamean ($129.04 in chips)
Seat 6: zizonmusang ($152.91 in chips)
Tryptamean: posts small blind $1
zizonmusang: posts big blind $3
*** HOLE CARDS ***
Tryptamean: raises $3 to $6
zizonmusang: raises $3 to $9
Tryptamean: calls $3
*** FLOP *** [Ts 7h 3c]
zizonmusang: bets $3
Tryptamean: calls $3
*** TURN *** [Ts 7h 3c] [Ad]
zizonmusang: bets $6
Tryptamean: calls $6
*** RIVER *** [Ts 7h 3c Ad] [2s]
zizonmusang: checks
Tryptamean: bets $6
zizonmusang: raises $6 to $12
Tryptamean: calls $6
*** SHOW DOWN ***
zizonmusang: shows [As Jd] (a pair of Aces)
Tryptamean: mucks hand
zizonmusang collected $59.50 from pot
*** SUMMARY ***
Total pot $60 | Rake $0.50
Board [Ts 7h 3c Ad 2s]
Seat 1: Tryptamean (button) (small blind) mucked
Seat 6: zizonmusang (big blind) showed [As Jd] and won ($59.50) with a pair of Aces


PokerStars Hand #155927009203:  Hold'em Limit ($3/$6 USD) - 2016/07/13 14:18:52 ET
Table 'Whipple' 6-max Seat #6 is the button
Seat 1: Tryptamean ($105.80 in chips)
Seat 6: zizonmusang ($175.41 in chips)
zizonmusang: posts small blind $1
Tryptamean: posts big blind $3
*** HOLE CARDS ***
zizonmusang: raises $3 to $6
Tryptamean: folds
Uncalled bet ($3) returned to zizonmusang
zizonmusang collected $6 from pot
zizonmusang: doesn't show hand
*** SUMMARY ***
Total pot $6 | Rake $0
Seat 1: Tryptamean (big blind) folded before Flop
Seat 6: zizonmusang (button) (small blind) collected ($6)


PokerStars Hand #155926992734:  Hold'em Limit ($3/$6 USD) - 2016/07/13 14:18:30 ET
Table 'Whipple' 6-max Seat #1 is the button
Seat 1: Tryptamean ($100.04 in chips)
Seat 6: zizonmusang ($181.41 in chips)
Tryptamean: posts small blind $1
zizonmusang: posts big blind $3
*** HOLE CARDS ***
Tryptamean: raises $3 to $6
zizonmusang: calls $3
*** FLOP *** [5c 9h Kd]
zizonmusang: checks
Tryptamean: bets $3
zizonmusang: folds
Uncalled bet ($3) returned to Tryptamean
Tryptamean collected $11.76 from pot
Tryptamean: doesn't show hand
*** SUMMARY ***
Total pot $12 | Rake $0.24
Board [5c 9h Kd]
Seat 1: Tryptamean (button) (small blind) collected ($11.76)
Seat 6: zizonmusang (big blind) folded on the Flop


PokerStars Hand #155926986766:  Hold'em Limit ($3/$6 USD) - 2016/07/13 14:18:21 ET
Table 'Whipple' 6-max Seat #6 is the button
Seat 1: Tryptamean ($99.04 in chips)
Seat 6: zizonmusang ($182.41 in chips)
zizonmusang: posts small blind $1
Tryptamean: posts big blind $3
*** HOLE CARDS ***
zizonmusang: folds
Uncalled bet ($2) returned to Tryptamean
Tryptamean collected $2 from pot
Tryptamean: doesn't show hand
*** SUMMARY ***
Total pot $2 | Rake $0
Seat 1: Tryptamean (big blind) collected ($2)
Seat 6: zizonmusang (button) (small blind) folded before Flop


PokerStars Hand #155927016075:  Hold'em Limit ($3/$6 USD) - 2016/07/13 14:19:01 ET
Table 'Whipple' 6-max Seat #1 is the button
Seat 1: Tryptamean ($102.80 in chips)
Seat 6: zizonmusang ($178.41 in chips)
Tryptamean: posts small blind $1
zizonmusang: posts big blind $3
*** HOLE CARDS ***
Tryptamean: raises $3 to $6
zizonmusang: raises $3 to $9
Tryptamean: calls $3
*** FLOP *** [5h Ad 3h]
zizonmusang: bets $3
Tryptamean: calls $3
*** TURN *** [5h Ad 3h] [Td]
zizonmusang: checks
Tryptamean: bets $6
zizonmusang: folds
Uncalled bet ($6) returned to Tryptamean
Tryptamean collected $23.52 from pot
Tryptamean: doesn't show hand
*** SUMMARY ***
Total pot $24 | Rake $0.48
Board [5h Ad 3h Td]
Seat 1: Tryptamean (button) (small blind) collected ($23.52)
Seat 6: zizonmusang (big blind) folded on the Turn


PokerStars Hand #155927037650:  Hold'em Limit ($3/$6 USD) - 2016/07/13 14:19:30 ET
Table 'Whipple' 6-max Seat #1 is the button
Seat 1: Tryptamean ($115.32 in chips)
Seat 6: zizonmusang ($165.41 in chips)
Tryptamean: posts small blind $1
zizonmusang: posts big blind $3
*** HOLE CARDS ***
Tryptamean: raises $3 to $6
zizonmusang: raises $3 to $9
Tryptamean: calls $3
*** FLOP *** [9h 6c 7d]
zizonmusang: bets $3
Tryptamean: calls $3
*** TURN *** [9h 6c 7d] [9s]
zizonmusang: bets $6
Tryptamean: calls $6
*** RIVER *** [9h 6c 7d 9s] [2d]
zizonmusang: bets $6
Tryptamean: calls $6
*** SHOW DOWN ***
zizonmusang: shows [Ac Ks] (a pair of Nines)
Tryptamean: shows [2h Th] (two pair, Nines and Deuces)
Tryptamean collected $47.50 from pot
*** SUMMARY ***
Total pot $48 | Rake $0.50
Board [9h 6c 7d 9s 2d]
Seat 1: Tryptamean (button) (small blind) showed [2h Th] and won ($47.50) with two pair, Nines and Deuces
Seat 6: zizonmusang (big blind) showed [Ac Ks] and lost with a pair of Nines


PokerStars Hand #155927033780:  Hold'em Limit ($3/$6 USD) - 2016/07/13 14:19:25 ET
Table 'Whipple' 6-max Seat #6 is the button
Seat 1: Tryptamean ($114.32 in chips)
Seat 6: zizonmusang ($166.41 in chips)
zizonmusang: posts small blind $1
Tryptamean: posts big blind $3
*** HOLE CARDS ***
zizonmusang: folds
Uncalled bet ($2) returned to Tryptamean
Tryptamean collected $2 from pot
Tryptamean: doesn't show hand
*** SUMMARY ***
Total pot $2 | Rake $0
Seat 1: Tryptamean (big blind) collected ($2)
Seat 6: zizonmusang (button) (small blind) folded before Flop


PokerStars Hand #155927052761:  Hold'em Limit ($3/$6 USD) - 2016/07/13 14:19:51 ET
Table 'Whipple' 6-max Seat #6 is the button
Seat 1: Tryptamean ($138.82 in chips)
Seat 6: zizonmusang ($141.41 in chips)
zizonmusang: posts small blind $1
Tryptamean: posts big blind $3
*** HOLE CARDS ***
zizonmusang: raises $3 to $6
Tryptamean: raises $3 to $9
zizonmusang: calls $3
*** FLOP *** [Qs 2c 6d]
Tryptamean: bets $3
zizonmusang: calls $3
*** TURN *** [Qs 2c 6d] [8c]
Tryptamean: bets $6
zizonmusang: raises $6 to $12
Tryptamean: raises $6 to $18
zizonmusang: calls $6
*** RIVER *** [Qs 2c 6d 8c] [Th]
Tryptamean: bets $6
zizonmusang: calls $6
*** SHOW DOWN ***
Tryptamean: shows [Ah Qd] (a pair of Queens)
zizonmusang: mucks hand
Tryptamean collected $71.50 from pot
*** SUMMARY ***
Total pot $72 | Rake $0.50
Board [Qs 2c 6d 8c Th]
Seat 1: Tryptamean (big blind) showed [Ah Qd] and won ($71.50) with a pair of Queens
Seat 6: zizonmusang (button) (small blind) mucked


PokerStars Hand #155927075516:  Hold'em Limit ($3/$6 USD) - 2016/07/13 14:20:21 ET
Table 'Whipple' 6-max Seat #1 is the button
Seat 1: Tryptamean ($174.32 in chips)
Seat 6: zizonmusang ($105.41 in chips)
Tryptamean: posts small blind $1
zizonmusang: posts big blind $3
*** HOLE CARDS ***
Tryptamean: raises $3 to $6
zizonmusang: raises $3 to $9
Tryptamean: calls $3
*** FLOP *** [6s Qc 7s]
zizonmusang: bets $3
Tryptamean: calls $3
*** TURN *** [6s Qc 7s] [3d]
zizonmusang: bets $6
Tryptamean: calls $6
*** RIVER *** [6s Qc 7s 3d] [Qs]
zizonmusang: bets $6
Tryptamean: calls $6
*** SHOW DOWN ***
zizonmusang: shows [Tc Ts] (two pair, Queens and Tens)
Tryptamean: mucks hand
zizonmusang collected $47.50 from pot
*** SUMMARY ***
Total pot $48 | Rake $0.50
Board [6s Qc 7s 3d Qs]
Seat 1: Tryptamean (button) (small blind) mucked
Seat 6: zizonmusang (big blind) showed [Tc Ts] and won ($47.50) with two pair, Queens and Tens


PokerStars Hand #155927096111:  Hold'em Limit ($3/$6 USD) - 2016/07/13 14:20:50 ET
Table 'Whipple' 6-max Seat #6 is the button
Seat 1: Tryptamean ($150.32 in chips)
Seat 6: zizonmusang ($128.91 in chips)
zizonmusang: posts small blind $1
Tryptamean: posts big blind $3
*** HOLE CARDS ***
zizonmusang: raises $3 to $6
BábaPapa joins the table at seat #3
Tryptamean: calls $3
*** FLOP *** [Kh 5s Qh]
Tryptamean: checks
zizonmusang: bets $3
Tryptamean: folds
Uncalled bet ($3) returned to zizonmusang
zizonmusang collected $11.76 from pot
zizonmusang: doesn't show hand
*** SUMMARY ***
Total pot $12 | Rake $0.24
Board [Kh 5s Qh]
Seat 1: Tryptamean (big blind) folded on the Flop
Seat 6: zizonmusang (button) (small blind) collected ($11.76)


PokerStars Hand #155930687022:  Hold'em Limit ($3/$6 USD) - 2016/07/13 15:38:38 ET
Table 'Whipple' 6-max Seat #1 is the button
Seat 1: Tryptamean ($322.63 in chips)
Seat 2: Cuxy ($30 in chips)
Tryptamean: posts small blind $1
Cuxy: posts big blind $3
*** HOLE CARDS ***
Tryptamean: folds
Uncalled bet ($2) returned to Cuxy
Cuxy collected $2 from pot
Cuxy: doesn't show hand
*** SUMMARY ***
Total pot $2 | Rake $0
Seat 1: Tryptamean (button) (small blind) folded before Flop
Seat 2: Cuxy (big blind) collected ($2)


PokerStars Hand #155930714704:  Hold'em Limit ($3/$6 USD) - 2016/07/13 15:39:12 ET
Table 'Whipple' 6-max Seat #1 is the button
Seat 1: Tryptamean ($309.63 in chips)
Seat 2: Cuxy ($42.52 in chips)
Tryptamean: posts small blind $1
Cuxy: posts big blind $3
*** HOLE CARDS ***
Tryptamean: raises $3 to $6
Cuxy: folds
Uncalled bet ($3) returned to Tryptamean
Tryptamean collected $6 from pot
Tryptamean: doesn't show hand
*** SUMMARY ***
Total pot $6 | Rake $0
Seat 1: Tryptamean (button) (small blind) collected ($6)
Seat 2: Cuxy (big blind) folded before Flop


PokerStars Hand #155930692146:  Hold'em Limit ($3/$6 USD) - 2016/07/13 15:38:45 ET
Table 'Whipple' 6-max Seat #2 is the button
Seat 1: Tryptamean ($321.63 in chips)
Seat 2: Cuxy ($31 in chips)
Cuxy: posts small blind $1
Tryptamean: posts big blind $3
*** HOLE CARDS ***
Cuxy: raises $3 to $6
Tryptamean: calls $3
*** FLOP *** [Kc Kh 4d]
Tryptamean: checks
Cuxy: checks
*** TURN *** [Kc Kh 4d] [6d]
Tryptamean: bets $6
Cuxy: calls $6
*** RIVER *** [Kc Kh 4d 6d] [9h]
Tryptamean: checks
Cuxy: bets $6
Tryptamean: folds
Uncalled bet ($6) returned to Cuxy
Cuxy collected $23.52 from pot
Cuxy: doesn't show hand
*** SUMMARY ***
Total pot $24 | Rake $0.48
Board [Kc Kh 4d 6d 9h]
Seat 1: Tryptamean (big blind) folded on the River
Seat 2: Cuxy (button) (small blind) collected ($23.52)


PokerStars Hand #155930734721:  Hold'em Limit ($3/$6 USD) - 2016/07/13 15:39:37 ET
Table 'Whipple' 6-max Seat #1 is the button
Seat 1: Tryptamean ($321.27 in chips)
Seat 2: Cuxy ($30.52 in chips)
Tryptamean: posts small blind $1
Cuxy: posts big blind $3
*** HOLE CARDS ***
Tryptamean: raises $3 to $6
Cuxy: calls $3
*** FLOP *** [Th 7c 6c]
Cuxy: checks
Tryptamean: bets $3
Cuxy: calls $3
*** TURN *** [Th 7c 6c] [Ad]
Cuxy: checks
Tryptamean: bets $6
Cuxy: raises $6 to $12
Tryptamean: folds
Uncalled bet ($6) returned to Cuxy
Cuxy collected $29.50 from pot
Cuxy: doesn't show hand
*** SUMMARY ***
Total pot $30 | Rake $0.50
Board [Th 7c 6c Ad]
Seat 1: Tryptamean (button) (small blind) folded on the Turn
Seat 2: Cuxy (big blind) collected ($29.50)


PokerStars Hand #155930720905:  Hold'em Limit ($3/$6 USD) - 2016/07/13 15:39:20 ET
Table 'Whipple' 6-max Seat #2 is the button
Seat 1: Tryptamean ($312.63 in chips)
Seat 2: Cuxy ($39.52 in chips)
Cuxy: posts small blind $1
Tryptamean: posts big blind $3
*** HOLE CARDS ***
Cuxy: calls $2
Tryptamean: raises $3 to $6
Cuxy: calls $3
*** FLOP *** [2h 3h 2c]
Tryptamean: bets $3
Cuxy: calls $3
*** TURN *** [2h 3h 2c] [6d]
Tryptamean: bets $6
Cuxy: folds
Uncalled bet ($6) returned to Tryptamean
Tryptamean collected $17.64 from pot
Tryptamean: doesn't show hand
*** SUMMARY ***
Total pot $18 | Rake $0.36
Board [2h 3h 2c 6d]
Seat 1: Tryptamean (big blind) collected ($17.64)
Seat 2: Cuxy (button) (small blind) folded on the Turn


PokerStars Hand #155930786317:  Hold'em Limit ($3/$6 USD) - 2016/07/13 15:40:41 ET
Table 'Whipple' 6-max Seat #1 is the button
Seat 1: Tryptamean ($291.27 in chips)
Seat 2: Cuxy ($59.52 in chips)
Tryptamean: posts small blind $1
Cuxy: posts big blind $3
*** HOLE CARDS ***
Tryptamean: raises $3 to $6
Cuxy: calls $3
*** FLOP *** [6h 8c 2s]
Cuxy: checks
Tryptamean: bets $3
Cuxy: calls $3
*** TURN *** [6h 8c 2s] [6c]
Cuxy: checks
Tryptamean: bets $6
Cuxy: folds
Uncalled bet ($6) returned to Tryptamean
Tryptamean collected $17.64 from pot
Tryptamean: doesn't show hand
*** SUMMARY ***
Total pot $18 | Rake $0.36
Board [6h 8c 2s 6c]
Seat 1: Tryptamean (button) (small blind) collected ($17.64)
Seat 2: Cuxy (big blind) folded on the Turn


PokerStars Hand #155930811179:  Hold'em Limit ($3/$6 USD) - 2016/07/13 15:41:11 ET
Table 'Whipple' 6-max Seat #2 is the button
Seat 1: Tryptamean ($299.91 in chips)
Seat 2: Cuxy ($50.52 in chips)
Cuxy: posts small blind $1
Tryptamean: posts big blind $3
*** HOLE CARDS ***
Cuxy: folds
Uncalled bet ($2) returned to Tryptamean
Tryptamean collected $2 from pot
Tryptamean: doesn't show hand
*** SUMMARY ***
Total pot $2 | Rake $0
Seat 1: Tryptamean (big blind) collected ($2)
Seat 2: Cuxy (button) (small blind) folded before Flop


PokerStars Hand #155930758203:  Hold'em Limit ($3/$6 USD) - 2016/07/13 15:40:06 ET
Table 'Whipple' 6-max Seat #2 is the button
Seat 1: Tryptamean ($306.27 in chips)
Seat 2: Cuxy ($45.02 in chips)
Cuxy: posts small blind $1
Tryptamean: posts big blind $3
*** HOLE CARDS ***
Cuxy: calls $2
Tryptamean: raises $3 to $6
Cuxy: calls $3
*** FLOP *** [3s 9h 6s]
Tryptamean: bets $3
Cuxy: calls $3
*** TURN *** [3s 9h 6s] [2c]
Tryptamean: checks
Cuxy: checks
*** RIVER *** [3s 9h 6s 2c] [Ts]
Tryptamean: checks
Cuxy: bets $6
Tryptamean: calls $6
*** SHOW DOWN ***
Cuxy: shows [Tc Qd] (a pair of Tens)
Tryptamean: mucks hand
Cuxy collected $29.50 from pot
*** SUMMARY ***
Total pot $30 | Rake $0.50
Board [3s 9h 6s 2c Ts]
Seat 1: Tryptamean (big blind) mucked
Seat 2: Cuxy (button) (small blind) showed [Tc Qd] and won ($29.50) with a pair of Tens


PokerStars Hand #155930854819:  Hold'em Limit ($3/$6 USD) - 2016/07/13 15:42:05 ET
Table 'Whipple' 6-max Seat #2 is the button
Seat 1: Tryptamean ($300.66 in chips)
Seat 2: Cuxy ($49.27 in chips)
Cuxy: posts small blind $1
Tryptamean: posts big blind $3
*** HOLE CARDS ***
Cuxy: folds
Uncalled bet ($2) returned to Tryptamean
Tryptamean collected $2 from pot
Tryptamean: doesn't show hand
*** SUMMARY ***
Total pot $2 | Rake $0
Seat 1: Tryptamean (big blind) collected ($2)
Seat 2: Cuxy (button) (small blind) folded before Flop


PokerStars Hand #155930850509:  Hold'em Limit ($3/$6 USD) - 2016/07/13 15:42:00 ET
Table 'Whipple' 6-max Seat #1 is the button
Seat 1: Tryptamean ($301.66 in chips)
Seat 2: Cuxy ($48.27 in chips)
Tryptamean: posts small blind $1
Cuxy: posts big blind $3
*** HOLE CARDS ***
Tryptamean: folds
Uncalled bet ($2) returned to Cuxy
Cuxy collected $2 from pot
Cuxy: doesn't show hand
*** SUMMARY ***
Total pot $2 | Rake $0
Seat 1: Tryptamean (button) (small blind) folded before Flop
Seat 2: Cuxy (big blind) collected ($2)


PokerStars Hand #155930845632:  Hold'em Limit ($3/$6 USD) - 2016/07/13 15:41:54 ET
Table 'Whipple' 6-max Seat #2 is the button
Seat 1: Tryptamean ($300.66 in chips)
Seat 2: Cuxy ($49.27 in chips)
Cuxy: posts small blind $1
Tryptamean: posts big blind $3
*** HOLE CARDS ***
Cuxy: folds
Uncalled bet ($2) returned to Tryptamean
Tryptamean collected $2 from pot
Tryptamean: doesn't show hand
*** SUMMARY ***
Total pot $2 | Rake $0
Seat 1: Tryptamean (big blind) collected ($2)
Seat 2: Cuxy (button) (small blind) folded before Flop


PokerStars Hand #155930815514:  Hold'em Limit ($3/$6 USD) - 2016/07/13 15:41:17 ET
Table 'Whipple' 6-max Seat #1 is the button
Seat 1: Tryptamean ($300.91 in chips)
Seat 2: Cuxy ($49.52 in chips)
Tryptamean: posts small blind $1
Cuxy: posts big blind $3
*** HOLE CARDS ***
Tryptamean: raises $3 to $6
Cuxy: calls $3
*** FLOP *** [4d Qs 5d]
Cuxy: checks
Tryptamean: bets $3
Cuxy: raises $3 to $6
Tryptamean: calls $3
*** TURN *** [4d Qs 5d] [As]
Cuxy: bets $6
Tryptamean: raises $6 to $12
Cuxy: calls $6
*** RIVER *** [4d Qs 5d As] [5c]
Cuxy: checks
Tryptamean: checks
*** SHOW DOWN ***
Cuxy: shows [Jc Qd] (two pair, Queens and Fives)
Tryptamean: shows [Qh Th] (two pair, Queens and Fives)
Cuxy collected $23.75 from pot
Tryptamean collected $23.75 from pot
*** SUMMARY ***
Total pot $48 | Rake $0.50
Board [4d Qs 5d As 5c]
Seat 1: Tryptamean (button) (small blind) showed [Qh Th] and won ($23.75) with two pair, Queens and Fives
Seat 2: Cuxy (big blind) showed [Jc Qd] and won ($23.75) with two pair, Queens and Fives


PokerStars Hand #155930859015:  Hold'em Limit ($3/$6 USD) - 2016/07/13 15:42:10 ET
Table 'Whipple' 6-max Seat #1 is the button
Seat 1: Tryptamean ($301.66 in chips)
Seat 2: Cuxy ($48.27 in chips)
Tryptamean: posts small blind $1
Cuxy: posts big blind $3
*** HOLE CARDS ***
Tryptamean: raises $3 to $6
Cuxy: raises $3 to $9
Tryptamean: calls $3
*** FLOP *** [Th 4s 4d]
Cuxy: bets $3
Tryptamean: calls $3
*** TURN *** [Th 4s 4d] [3c]
Cuxy: bets $6
Tryptamean: calls $6
*** RIVER *** [Th 4s 4d 3c] [Tc]
Cuxy: bets $6
Tryptamean: calls $6
*** SHOW DOWN ***
Cuxy: shows [Kd Qs] (two pair, Tens and Fours)
Tryptamean: shows [Ac 7h] (two pair, Tens and Fours - Ace kicker)
Tryptamean collected $47.50 from pot
*** SUMMARY ***
Total pot $48 | Rake $0.50
Board [Th 4s 4d 3c Tc]
Seat 1: Tryptamean (button) (small blind) showed [Ac 7h] and won ($47.50) with two pair, Tens and Fours
Seat 2: Cuxy (big blind) showed [Kd Qs] and lost with two pair, Tens and Fours


PokerStars Hand #155930878149:  Hold'em Limit ($3/$6 USD) - 2016/07/13 15:42:34 ET
Table 'Whipple' 6-max Seat #2 is the button
Seat 1: Tryptamean ($325.16 in chips)
Seat 2: Cuxy ($24.27 in chips)
Cuxy: posts small blind $1
Tryptamean: posts big blind $3
*** HOLE CARDS ***
Cuxy: calls $2
Tryptamean: checks
*** FLOP *** [Ks 2h 9h]
Tryptamean: checks
Cuxy: bets $3
Tryptamean: calls $3
*** TURN *** [Ks 2h 9h] [3c]
Tryptamean: checks
Cuxy: bets $6
Tryptamean: raises $6 to $12
Cuxy: calls $6
*** RIVER *** [Ks 2h 9h 3c] [Jc]
Tryptamean: bets $6
Cuxy: folds
Uncalled bet ($6) returned to Tryptamean
Tryptamean collected $35.50 from pot
Tryptamean: doesn't show hand
*** SUMMARY ***
Total pot $36 | Rake $0.50
Board [Ks 2h 9h 3c Jc]
Seat 1: Tryptamean (big blind) collected ($35.50)
Seat 2: Cuxy (button) (small blind) folded on the River


PokerStars Hand #155930899840:  Hold'em Limit ($3/$6 USD) - 2016/07/13 15:43:00 ET
Table 'Whipple' 6-max Seat #1 is the button
Seat 1: Tryptamean ($342.66 in chips)
Seat 2: Cuxy ($6.27 in chips)
Tryptamean: posts small blind $1
Cuxy: posts big blind $3
*** HOLE CARDS ***
Tryptamean: raises $3 to $6
Cuxy: calls $3
*** FLOP *** [5c 5s 8c]
Cuxy: checks
Tryptamean: bets $3
Cuxy: calls $0.27 and is all-in
Uncalled bet ($2.73) returned to Tryptamean
*** TURN *** [5c 5s 8c] [9h]
*** RIVER *** [5c 5s 8c 9h] [Qs]
*** SHOW DOWN ***
Cuxy: shows [Jh 8h] (two pair, Eights and Fives)
Tryptamean: shows [Tc 7d] (a pair of Fives)
Cuxy collected $12.29 from pot
*** SUMMARY ***
Total pot $12.54 | Rake $0.25
Board [5c 5s 8c 9h Qs]
Seat 1: Tryptamean (button) (small blind) showed [Tc 7d] and lost with a pair of Fives
Seat 2: Cuxy (big blind) showed [Jh 8h] and won ($12.29) with two pair, Eights and Fives


PokerStars Hand #155930919761:  Hold'em Limit ($3/$6 USD) - 2016/07/13 15:43:25 ET
Table 'Whipple' 6-max Seat #1 is the button
Seat 1: Tryptamean ($337.39 in chips)
Seat 2: Cuxy ($11.29 in chips)
Tryptamean: posts small blind $1
Cuxy: posts big blind $3
*** HOLE CARDS ***
Tryptamean: folds
Uncalled bet ($2) returned to Cuxy
Cuxy collected $2 from pot
Cuxy: doesn't show hand
*** SUMMARY ***
Total pot $2 | Rake $0
Seat 1: Tryptamean (button) (small blind) folded before Flop
Seat 2: Cuxy (big blind) collected ($2)


PokerStars Hand #155930915095:  Hold'em Limit ($3/$6 USD) - 2016/07/13 15:43:19 ET
Table 'Whipple' 6-max Seat #2 is the button
Seat 1: Tryptamean ($336.39 in chips)
Seat 2: Cuxy ($12.29 in chips)
Cuxy: posts small blind $1
Tryptamean: posts big blind $3
*** HOLE CARDS ***
Cuxy: folds
Uncalled bet ($2) returned to Tryptamean
Tryptamean collected $2 from pot
Tryptamean: doesn't show hand
*** SUMMARY ***
Total pot $2 | Rake $0
Seat 1: Tryptamean (big blind) collected ($2)
Seat 2: Cuxy (button) (small blind) folded before Flop


PokerStars Hand #155930929447:  Hold'em Limit ($3/$6 USD) - 2016/07/13 15:43:37 ET
Table 'Whipple' 6-max Seat #1 is the button
Seat 1: Tryptamean ($337.39 in chips)
Seat 2: Cuxy ($11.29 in chips)
Tryptamean: posts small blind $1
Cuxy: posts big blind $3
*** HOLE CARDS ***
Tryptamean: folds
Uncalled bet ($2) returned to Cuxy
Cuxy collected $2 from pot
Cuxy: doesn't show hand
*** SUMMARY ***
Total pot $2 | Rake $0
Seat 1: Tryptamean (button) (small blind) folded before Flop
Seat 2: Cuxy (big blind) collected ($2)


PokerStars Hand #155930924106:  Hold'em Limit ($3/$6 USD) - 2016/07/13 15:43:30 ET
Table 'Whipple' 6-max Seat #2 is the button
Seat 1: Tryptamean ($336.39 in chips)
Seat 2: Cuxy ($12.29 in chips)
Cuxy: posts small blind $1
Tryptamean: posts big blind $3
*** HOLE CARDS ***
Cuxy: folds
Uncalled bet ($2) returned to Tryptamean
Tryptamean collected $2 from pot
Tryptamean: doesn't show hand
*** SUMMARY ***
Total pot $2 | Rake $0
Seat 1: Tryptamean (big blind) collected ($2)
Seat 2: Cuxy (button) (small blind) folded before Flop


PokerStars Hand #155930934057:  Hold'em Limit ($3/$6 USD) - 2016/07/13 15:43:42 ET
Table 'Whipple' 6-max Seat #2 is the button
Seat 1: Tryptamean ($336.39 in chips)
Seat 2: Cuxy ($12.29 in chips)
Cuxy: posts small blind $1
Tryptamean: posts big blind $3
*** HOLE CARDS ***
Cuxy: raises $3 to $6
Tryptamean: calls $3
*** FLOP *** [2c Ad 5d]
Tryptamean: checks
Cuxy: bets $3
Tryptamean: raises $3 to $6
Cuxy: folds
Uncalled bet ($3) returned to Tryptamean
Tryptamean collected $17.64 from pot
Tryptamean: doesn't show hand
*** SUMMARY ***
Total pot $18 | Rake $0.36
Board [2c Ad 5d]
Seat 1: Tryptamean (big blind) collected ($17.64)
Seat 2: Cuxy (button) (small blind) folded on the Flop


PokerStars Hand #155930949629:  Hold'em Limit ($3/$6 USD) - 2016/07/13 15:44:02 ET
Table 'Whipple' 6-max Seat #1 is the button
Seat 1: Tryptamean ($345.03 in chips)
Seat 2: Cuxy ($3.29 in chips)
Tryptamean: posts small blind $1
Cuxy: posts big blind $3
*** HOLE CARDS ***
Tryptamean: raises $3 to $6
Cuxy: calls $0.29 and is all-in
Uncalled bet ($2.71) returned to Tryptamean
*** FLOP *** [2c Th Qs]
*** TURN *** [2c Th Qs] [8c]
*** RIVER *** [2c Th Qs 8c] [Kh]
*** SHOW DOWN ***
Cuxy: shows [Js Ah] (a straight, Ten to Ace)
Tryptamean: shows [Kd 4c] (a pair of Kings)
Cuxy collected $6.45 from pot
*** SUMMARY ***
Total pot $6.58 | Rake $0.13
Board [2c Th Qs 8c Kh]
Seat 1: Tryptamean (button) (small blind) showed [Kd 4c] and lost with a pair of Kings
Seat 2: Cuxy (big blind) showed [Js Ah] and won ($6.45) with a straight, Ten to Ace


PokerStars Hand #155930961520:  Hold'em Limit ($3/$6 USD) - 2016/07/13 15:44:16 ET
Table 'Whipple' 6-max Seat #2 is the button
Seat 1: Tryptamean ($341.74 in chips)
Seat 2: Cuxy ($6.45 in chips)
Cuxy: posts small blind $1
Tryptamean: posts big blind $3
*** HOLE CARDS ***
Cuxy: raises $3 to $6
Tryptamean: raises $3 to $9
Cuxy: calls $0.45 and is all-in
Uncalled bet ($2.55) returned to Tryptamean
*** FLOP *** [Ks 3d 3s]
*** TURN *** [Ks 3d 3s] [4h]
*** RIVER *** [Ks 3d 3s 4h] [2d]
*** SHOW DOWN ***
Tryptamean: shows [Qs 5c] (a pair of Threes)
Cuxy: shows [6h Jh] (a pair of Threes - lower kicker)
Tryptamean collected $12.64 from pot
*** SUMMARY ***
Total pot $12.90 | Rake $0.26
Board [Ks 3d 3s 4h 2d]
Seat 1: Tryptamean (big blind) showed [Qs 5c] and won ($12.64) with a pair of Threes
Seat 2: Cuxy (button) (small blind) showed [6h Jh] and lost with a pair of Threes


PokerStars Hand #155931669899:  Hold'em Limit ($3/$6 USD) - 2016/07/13 15:59:47 ET
Table 'Whipple' 6-max Seat #4 is the button
Seat 4: Actionni13 ($176.50 in chips)
Seat 6: dima218686 ($104.52 in chips)
Actionni13: posts small blind $1
dima218686: posts big blind $3
*** HOLE CARDS ***
Actionni13: raises $3 to $6
dima218686: calls $3
*** FLOP *** [3s 2d 3d]
dima218686: bets $3
Actionni13: calls $3
*** TURN *** [3s 2d 3d] [2h]
dima218686: bets $6
Actionni13: calls $6
*** RIVER *** [3s 2d 3d 2h] [3h]
dima218686: bets $6
Actionni13: calls $6
*** SHOW DOWN ***
dima218686: shows [7h 4s] (a full house, Threes full of Deuces)
Actionni13: shows [Js As] (a full house, Threes full of Deuces)
dima218686 collected $20.75 from pot
Actionni13 collected $20.75 from pot
*** SUMMARY ***
Total pot $42 | Rake $0.50
Board [3s 2d 3d 2h 3h]
Seat 4: Actionni13 (button) (small blind) showed [Js As] and won ($20.75) with a full house, Threes full of Deuces
Seat 6: dima218686 (big blind) showed [7h 4s] and won ($20.75) with a full house, Threes full of Deuces


PokerStars Hand #155931657566:  Hold'em Limit ($3/$6 USD) - 2016/07/13 15:59:27 ET
Table 'Whipple' 6-max Seat #6 is the button
Seat 4: Actionni13 ($150 in chips)
Seat 6: dima218686 ($131.52 in chips)
dima218686: posts small blind $1
Actionni13: posts big blind $3
*** HOLE CARDS ***
dima218686: raises $3 to $6
Actionni13: raises $3 to $9
dima218686: raises $3 to $12
Betting is capped
Actionni13: calls $3
*** FLOP *** [8d 8c Kc]
Actionni13: checks
dima218686: bets $3
Actionni13: calls $3
*** TURN *** [8d 8c Kc] [3d]
Actionni13: checks
dima218686: bets $6
Actionni13: calls $6
*** RIVER *** [8d 8c Kc 3d] [6c]
Actionni13: checks
dima218686: bets $6
Actionni13: calls $6
*** SHOW DOWN ***
dima218686: shows [Ad 3c] (two pair, Eights and Threes)
Actionni13: shows [Qs Qc] (two pair, Queens and Eights)
Actionni13 collected $53.50 from pot
*** SUMMARY ***
Total pot $54 | Rake $0.50
Board [8d 8c Kc 3d 6c]
Seat 4: Actionni13 (big blind) showed [Qs Qc] and won ($53.50) with two pair, Queens and Eights
Seat 6: dima218686 (button) (small blind) showed [Ad 3c] and lost with two pair, Eights and Threes


PokerStars Hand #155931647565:  Hold'em Limit ($3/$6 USD) - 2016/07/13 15:59:11 ET
Table 'Whipple' 6-max Seat #4 is the button
Seat 4: Actionni13 ($150 in chips)
Seat 6: dima218686 ($120 in chips)
Actionni13: posts small blind $1
dima218686: posts big blind $3
*** HOLE CARDS ***
Actionni13: raises $3 to $6
dima218686: raises $3 to $9
Actionni13: calls $3
*** FLOP *** [Ad 5c 6d]
dima218686: bets $3
Actionni13: calls $3
*** TURN *** [Ad 5c 6d] [4s]
dima218686: bets $6
Actionni13: folds
Uncalled bet ($6) returned to dima218686
dima218686 collected $23.52 from pot
dima218686: doesn't show hand
*** SUMMARY ***
Total pot $24 | Rake $0.48
Board [Ad 5c 6d 4s]
Seat 4: Actionni13 (button) (small blind) folded on the Turn
Seat 6: dima218686 (big blind) collected ($23.52)


PokerStars Hand #155931700193:  Hold'em Limit ($3/$6 USD) - 2016/07/13 16:00:33 ET
Table 'Whipple' 6-max Seat #4 is the button
Seat 4: Actionni13 ($155.25 in chips)
Seat 6: dima218686 ($124.77 in chips)
Actionni13: posts small blind $1
dima218686: posts big blind $3
*** HOLE CARDS ***
Actionni13: raises $3 to $6
dima218686: calls $3
*** FLOP *** [3d 5h Tc]
Murrrr_@T joins the table at seat #1
dima218686: checks
Actionni13: bets $3
dima218686: folds
Uncalled bet ($3) returned to Actionni13
Actionni13 collected $11.76 from pot
Actionni13: doesn't show hand
*** SUMMARY ***
Total pot $12 | Rake $0.24
Board [3d 5h Tc]
Seat 4: Actionni13 (button) (small blind) collected ($11.76)
Seat 6: dima218686 (big blind) folded on the Flop


PokerStars Hand #155931686553:  Hold'em Limit ($3/$6 USD) - 2016/07/13 16:00:12 ET
Table 'Whipple' 6-max Seat #6 is the button
Seat 4: Actionni13 ($176.25 in chips)
Seat 6: dima218686 ($104.27 in chips)
dima218686: posts small blind $1
Actionni13: posts big blind $3
*** HOLE CARDS ***
dima218686: raises $3 to $6
Actionni13: raises $3 to $9
dima218686: raises $3 to $12
Betting is capped
Actionni13: calls $3
*** FLOP *** [Jc 5s 7s]
Actionni13: checks
dima218686: bets $3
Actionni13: calls $3
*** TURN *** [Jc 5s 7s] [Td]
Actionni13: checks
dima218686: checks
*** RIVER *** [Jc 5s 7s Td] [9d]
Actionni13: checks
dima218686: bets $6
Actionni13: calls $6
*** SHOW DOWN ***
dima218686: shows [7c Tc] (two pair, Tens and Sevens)
Actionni13: mucks hand
dima218686 collected $41.50 from pot
*** SUMMARY ***
Total pot $42 | Rake $0.50
Board [Jc 5s 7s Td 9d]
Seat 4: Actionni13 (big blind) mucked
Seat 6: dima218686 (button) (small blind) showed [7c Tc] and won ($41.50) with two pair, Tens and Sevens


