PokerStars Hand #162833188789:  Hold'em Limit ($3/$6 USD) - 2016/12/12 12:40:53 ET
Table 'Wil' 10-max Seat #10 is the button
Seat 5: xcgxcg2005 ($144.16 in chips)
Seat 10: MTails ($95 in chips)
MTails: posts small blind $1
xcgxcg2005: posts big blind $3
*** HOLE CARDS ***
MTails: raises $3 to $6
xcgxcg2005: folds
Uncalled bet ($3) returned to MTails
MTails collected $6 from pot
*** SUMMARY ***
Total pot $6 | Rake $0
Seat 5: xcgxcg2005 (big blind) folded before Flop
Seat 10: MTails (button) (small blind) collected ($6)


PokerStars Hand #162833177641:  Hold'em Limit ($3/$6 USD) - 2016/12/12 12:40:40 ET
Table 'Wil' 10-max Seat #5 is the button
Seat 5: xcgxcg2005 ($132.64 in chips)
Seat 10: MTails ($107 in chips)
xcgxcg2005: posts small blind $1
MTails: posts big blind $3
*** HOLE CARDS ***
xcgxcg2005: raises $3 to $6
MTails: calls $3
*** FLOP *** [Kd Tc 9c]
MTails: checks
xcgxcg2005: checks
*** TURN *** [Kd Tc 9c] [3h]
MTails: bets $6
xcgxcg2005: raises $6 to $12
MTails: folds
Uncalled bet ($6) returned to xcgxcg2005
xcgxcg2005 collected $23.52 from pot
xcgxcg2005: doesn't show hand
*** SUMMARY ***
Total pot $24 | Rake $0.48
Board [Kd Tc 9c 3h]
Seat 5: xcgxcg2005 (button) (small blind) collected ($23.52)
Seat 10: MTails (big blind) folded on the Turn


