PokerStars Hand #164619889548:  Hold'em Limit ($3/$6 USD) - 2017/01/15 11:53:36 ET
Table 'Wild' 6-max Seat #1 is the button
Seat 1: LifeisagameX ($84 in chips)
Seat 2: rextorex ($108.43 in chips)
LifeisagameX: posts small blind $1
rextorex: posts big blind $3
*** HOLE CARDS ***
LifeisagameX: folds
Uncalled bet ($2) returned to rextorex
rextorex collected $2 from pot
rextorex: doesn't show hand
*** SUMMARY ***
Total pot $2 | Rake $0
Seat 1: LifeisagameX (button) (small blind) folded before Flop
Seat 2: rextorex (big blind) collected ($2)


PokerStars Hand #164619904250:  Hold'em Limit ($3/$6 USD) - 2017/01/15 11:53:51 ET
Table 'Wild' 6-max Seat #2 is the button
Seat 1: LifeisagameX ($84 in chips)
Seat 2: rextorex ($109.43 in chips)
rextorex: posts small blind $1
LifeisagameX: posts big blind $3
*** HOLE CARDS ***
rextorex: raises $3 to $6
LifeisagameX: calls $3
*** FLOP *** [8c Kd Qc]
LifeisagameX: checks
rextorex: checks
*** TURN *** [8c Kd Qc] [2d]
LifeisagameX: bets $6
rextorex: raises $6 to $12
dorina888 joins the table at seat #3
LifeisagameX: calls $6
*** RIVER *** [8c Kd Qc 2d] [9s]
LifeisagameX: checks
rextorex: bets $6
LifeisagameX: calls $6
*** SHOW DOWN ***
rextorex: shows [9d 9c] (three of a kind, Nines)
LifeisagameX: mucks hand
rextorex collected $47.50 from pot
*** SUMMARY ***
Total pot $48 | Rake $0.50
Board [8c Kd Qc 2d 9s]
Seat 1: LifeisagameX (big blind) mucked
Seat 2: rextorex (button) (small blind) showed [9d 9c] and won ($47.50) with three of a kind, Nines


PokerStars Hand #164619965091:  Hold'em Limit ($3/$6 USD) - 2017/01/15 11:54:54 ET
Table 'Wild' 6-max Seat #3 is the button
Seat 2: rextorex ($128.93 in chips)
Seat 3: dorina888 ($31 in chips)
dorina888: posts small blind $1
rextorex: posts big blind $3
*** HOLE CARDS ***
dorina888: folds
Uncalled bet ($2) returned to rextorex
rextorex collected $2 from pot
rextorex: doesn't show hand
*** SUMMARY ***
Total pot $2 | Rake $0
Seat 2: rextorex (big blind) collected ($2)
Seat 3: dorina888 (button) (small blind) folded before Flop


PokerStars Hand #164619959563:  Hold'em Limit ($3/$6 USD) - 2017/01/15 11:54:48 ET
Table 'Wild' 6-max Seat #2 is the button
Seat 2: rextorex ($129.93 in chips)
Seat 3: dorina888 ($30 in chips)
rextorex: posts small blind $1
dorina888: posts big blind $3
*** HOLE CARDS ***
rextorex: folds
Uncalled bet ($2) returned to dorina888
dorina888 collected $2 from pot
dorina888: doesn't show hand
*** SUMMARY ***
Total pot $2 | Rake $0
Seat 2: rextorex (button) (small blind) folded before Flop
Seat 3: dorina888 (big blind) collected ($2)


