PokerStars Hand #173960503510:  Hold'em Limit ($3/$6 USD) - 2017/08/05 15:15:53 ET
Table 'Wild' 6-max Seat #1 is the button
Seat 1: Opal10 ($251.66 in chips)
Seat 2: krossguard ($120 in chips)
Opal10: posts small blind $1
krossguard: posts big blind $3
*** HOLE CARDS ***
Mr_steals joins the table at seat #3
GoliafUa leaves the table
Opal10 has timed out
Opal10: folds
Uncalled bet ($2) returned to krossguard
krossguard collected $2 from pot
krossguard: doesn't show hand
*** SUMMARY ***
Total pot $2 | Rake $0
Seat 1: Opal10 (button) (small blind) folded before Flop
Seat 2: krossguard (big blind) collected ($2)


PokerStars Hand #173966592759:  Hold'em Limit ($3/$6 USD) - 2017/08/05 17:42:49 ET
Table 'Wild' 6-max Seat #4 is the button
Seat 4: sincity999 ($141.94 in chips)
Seat 5: hairy1961 ($241.70 in chips)
sincity999: posts small blind $1
hairy1961: posts big blind $3
*** HOLE CARDS ***
sincity999: folds
Uncalled bet ($2) returned to hairy1961
sincity999 leaves the table
hairy1961 collected $2 from pot
*** SUMMARY ***
Total pot $2 | Rake $0
Seat 4: sincity999 (button) (small blind) folded before Flop
Seat 5: hairy1961 (big blind) collected ($2)


