PokerStars Hand #145243342838:  Hold'em Limit ($3/$6 USD) - 2015/12/12 15:51:57 ET
Table 'Wilhelmina' 6-max Seat #4 is the button
Seat 3: Tibidear ($161.27 in chips)
Seat 4: Actionni13 ($242.50 in chips)
Actionni13: posts small blind $1
SashaYuvelir: is sitting out
Tibidear: posts big blind $3
*** HOLE CARDS ***
Actionni13: folds
Uncalled bet ($2) returned to Tibidear
SashaYuvelir leaves the table
Tibidear collected $2 from pot
*** SUMMARY ***
Total pot $2 | Rake $0
Seat 3: Tibidear (big blind) collected ($2)
Seat 4: Actionni13 (button) (small blind) folded before Flop


PokerStars Hand #145243349033:  Hold'em Limit ($3/$6 USD) - 2015/12/12 15:52:03 ET
Table 'Wilhelmina' 6-max Seat #3 is the button
Seat 3: Tibidear ($162.27 in chips)
Seat 4: Actionni13 ($241.50 in chips)
Tibidear: posts small blind $1
Actionni13: posts big blind $3
*** HOLE CARDS ***
Tibidear: raises $3 to $6
Actionni13: folds
Uncalled bet ($3) returned to Tibidear
Tibidear collected $6 from pot
*** SUMMARY ***
Total pot $6 | Rake $0
Seat 3: Tibidear (button) (small blind) collected ($6)
Seat 4: Actionni13 (big blind) folded before Flop


