PokerStars Hand #151707316384:  Hold'em Limit ($3/$6 USD) - 2016/04/10 8:40:12 ET
Table 'Wilkens' 10-max Seat #4 is the button
Seat 4: xxschoppenxx ($55.68 in chips)
Seat 7: Chefred ($36.85 in chips)
xxschoppenxx: posts small blind $1
Chefred: posts big blind $3
*** HOLE CARDS ***
xxschoppenxx: raises $3 to $6
Chefred: calls $3
*** FLOP *** [Ah 5s Jc]
Chefred: bets $3
xxschoppenxx: raises $3 to $6
Chefred: calls $3
*** TURN *** [Ah 5s Jc] [4c]
Chefred: checks
xxschoppenxx: bets $6
Chefred: calls $6
*** RIVER *** [Ah 5s Jc 4c] [8s]
Chefred: checks
xxschoppenxx: checks
*** SHOW DOWN ***
Chefred: shows [Th Ks] (high card Ace)
xxschoppenxx: shows [Kd Qs] (high card Ace - King+Queen kicker)
xxschoppenxx collected $35.50 from pot
*** SUMMARY ***
Total pot $36 | Rake $0.50
Board [Ah 5s Jc 4c 8s]
Seat 4: xxschoppenxx (button) (small blind) showed [Kd Qs] and won ($35.50) with high card Ace
Seat 7: Chefred (big blind) showed [Th Ks] and lost with high card Ace


PokerStars Hand #151707339783:  Hold'em Limit ($3/$6 USD) - 2016/04/10 8:40:50 ET
Table 'Wilkens' 10-max Seat #7 is the button
Seat 4: xxschoppenxx ($75.94 in chips)
Seat 7: Chefred ($15.85 in chips)
Chefred: posts small blind $1
xxschoppenxx: posts big blind $3
*** HOLE CARDS ***
Chefred: raises $3 to $6
xxschoppenxx: calls $3
*** FLOP *** [3d Kh 5h]
xxschoppenxx: checks
Chefred: bets $3
xxschoppenxx: folds
Uncalled bet ($3) returned to Chefred
Chefred collected $11.76 from pot
Chefred: doesn't show hand
*** SUMMARY ***
Total pot $12 | Rake $0.24
Board [3d Kh 5h]
Seat 4: xxschoppenxx (big blind) folded on the Flop
Seat 7: Chefred (button) (small blind) collected ($11.76)


PokerStars Hand #151707332809:  Hold'em Limit ($3/$6 USD) - 2016/04/10 8:40:39 ET
Table 'Wilkens' 10-max Seat #4 is the button
Seat 4: xxschoppenxx ($70.18 in chips)
Seat 7: Chefred ($21.85 in chips)
xxschoppenxx: posts small blind $1
Chefred: posts big blind $3
*** HOLE CARDS ***
xxschoppenxx: raises $3 to $6
Chefred: calls $3
*** FLOP *** [Qh 8h Ah]
Chefred: checks
xxschoppenxx: bets $3
Chefred: folds
Uncalled bet ($3) returned to xxschoppenxx
xxschoppenxx collected $11.76 from pot
xxschoppenxx: doesn't show hand
*** SUMMARY ***
Total pot $12 | Rake $0.24
Board [Qh 8h Ah]
Seat 4: xxschoppenxx (button) (small blind) collected ($11.76)
Seat 7: Chefred (big blind) folded on the Flop


PokerStars Hand #151707328467:  Hold'em Limit ($3/$6 USD) - 2016/04/10 8:40:31 ET
Table 'Wilkens' 10-max Seat #7 is the button
Seat 4: xxschoppenxx ($73.18 in chips)
Seat 7: Chefred ($18.85 in chips)
Chefred: posts small blind $1
xxschoppenxx: posts big blind $3
*** HOLE CARDS ***
Chefred: raises $3 to $6
xxschoppenxx: folds
Uncalled bet ($3) returned to Chefred
Chefred collected $6 from pot
Chefred: doesn't show hand
*** SUMMARY ***
Total pot $6 | Rake $0
Seat 4: xxschoppenxx (big blind) folded before Flop
Seat 7: Chefred (button) (small blind) collected ($6)


PokerStars Hand #151707365650:  Hold'em Limit ($3/$6 USD) - 2016/04/10 8:41:31 ET
Table 'Wilkens' 10-max Seat #7 is the button
Seat 5: ct-650 ($178.70 in chips)
Seat 7: Chefred ($12.61 in chips)
Chefred: posts small blind $1
ct-650: posts big blind $3
*** HOLE CARDS ***
Chefred: raises $3 to $6
ct-650: raises $3 to $9
Chefred: raises $3 to $12
Betting is capped
ct-650: calls $3
*** FLOP *** [2h Kh 4s]
ct-650: bets $3
Chefred: calls $0.61 and is all-in
Uncalled bet ($2.39) returned to ct-650
*** TURN *** [2h Kh 4s] [9s]
*** RIVER *** [2h Kh 4s 9s] [Ks]
*** SHOW DOWN ***
ct-650: shows [Kc Jc] (three of a kind, Kings)
Chefred: shows [Ah 5h] (a pair of Kings)
ct-650 collected $24.72 from pot
*** SUMMARY ***
Total pot $25.22 | Rake $0.50
Board [2h Kh 4s 9s Ks]
Seat 5: ct-650 (big blind) showed [Kc Jc] and won ($24.72) with three of a kind, Kings
Seat 7: Chefred (button) (small blind) showed [Ah 5h] and lost with a pair of Kings


PokerStars Hand #151707354592:  Hold'em Limit ($3/$6 USD) - 2016/04/10 8:41:14 ET
Table 'Wilkens' 10-max Seat #5 is the button
Seat 5: ct-650 ($170.06 in chips)
Seat 7: Chefred ($21.61 in chips)
ct-650: posts small blind $1
Chefred: posts big blind $3
*** HOLE CARDS ***
ct-650: raises $3 to $6
Chefred: calls $3
*** FLOP *** [7s 6d Ts]
Chefred: checks
ct-650: bets $3
Chefred: calls $3
*** TURN *** [7s 6d Ts] [9s]
Chefred: checks
ct-650: bets $6
Chefred: folds
Uncalled bet ($6) returned to ct-650
ct-650 collected $17.64 from pot
*** SUMMARY ***
Total pot $18 | Rake $0.36
Board [7s 6d Ts 9s]
Seat 5: ct-650 (button) (small blind) collected ($17.64)
Seat 7: Chefred (big blind) folded on the Turn


PokerStars Hand #151707404597:  Hold'em Limit ($3/$6 USD) - 2016/04/10 8:42:18 ET
Table 'Wilkens' 10-max Seat #7 is the button
Seat 5: ct-650 ($181.81 in chips)
Seat 7: Chefred ($96.64 in chips)
Chefred: posts small blind $1
ct-650: posts big blind $3
*** HOLE CARDS ***
Chefred: folds
Uncalled bet ($2) returned to ct-650
ct-650 collected $2 from pot
*** SUMMARY ***
Total pot $2 | Rake $0
Seat 5: ct-650 (big blind) collected ($2)
Seat 7: Chefred (button) (small blind) folded before Flop


PokerStars Hand #151707393549:  Hold'em Limit ($3/$6 USD) - 2016/04/10 8:42:00 ET
Table 'Wilkens' 10-max Seat #5 is the button
Seat 5: ct-650 ($190.81 in chips)
Seat 7: Chefred ($88 in chips)
ct-650: posts small blind $1
Chefred: posts big blind $3
*** HOLE CARDS ***
ct-650: raises $3 to $6
Chefred: calls $3
*** FLOP *** [Ts 7c 6s]
Chefred: bets $3
ct-650: calls $3
*** TURN *** [Ts 7c 6s] [Qc]
Chefred: bets $6
ct-650: folds
Uncalled bet ($6) returned to Chefred
Chefred collected $17.64 from pot
Chefred: doesn't show hand
*** SUMMARY ***
Total pot $18 | Rake $0.36
Board [Ts 7c 6s Qc]
Seat 5: ct-650 (button) (small blind) folded on the Turn
Seat 7: Chefred (big blind) collected ($17.64)


PokerStars Hand #151707418505:  Hold'em Limit ($3/$6 USD) - 2016/04/10 8:42:40 ET
Table 'Wilkens' 10-max Seat #7 is the button
Seat 5: ct-650 ($167.81 in chips)
Seat 7: Chefred ($110.14 in chips)
Chefred: posts small blind $1
ct-650: posts big blind $3
*** HOLE CARDS ***
Chefred: raises $3 to $6
ct-650: calls $3
*** FLOP *** [Kd 2h 7c]
ct-650: checks
Chefred: checks
*** TURN *** [Kd 2h 7c] [3d]
ct-650: checks
Chefred: checks
*** RIVER *** [Kd 2h 7c 3d] [5h]
ct-650: bets $6
Chefred: calls $6
*** SHOW DOWN ***
ct-650: shows [As 4c] (a straight, Ace to Five)
Chefred: mucks hand
ct-650 collected $23.52 from pot
*** SUMMARY ***
Total pot $24 | Rake $0.48
Board [Kd 2h 7c 3d 5h]
Seat 5: ct-650 (big blind) showed [As 4c] and won ($23.52) with a straight, Ace to Five
Seat 7: Chefred (button) (small blind) mucked


PokerStars Hand #151707407879:  Hold'em Limit ($3/$6 USD) - 2016/04/10 8:42:23 ET
Table 'Wilkens' 10-max Seat #5 is the button
Seat 5: ct-650 ($182.81 in chips)
Seat 7: Chefred ($95.64 in chips)
ct-650: posts small blind $1
Chefred: posts big blind $3
*** HOLE CARDS ***
ct-650: raises $3 to $6
Chefred: calls $3
*** FLOP *** [Jc Ks 5c]
Chefred: checks
ct-650: bets $3
Chefred: calls $3
*** TURN *** [Jc Ks 5c] [2h]
Chefred: checks
ct-650: bets $6
Chefred: calls $6
*** RIVER *** [Jc Ks 5c 2h] [Kd]
Chefred: checks
ct-650: checks
*** SHOW DOWN ***
Chefred: shows [Qh 5d] (two pair, Kings and Fives)
ct-650: mucks hand
Chefred collected $29.50 from pot
*** SUMMARY ***
Total pot $30 | Rake $0.50
Board [Jc Ks 5c 2h Kd]
Seat 5: ct-650 (button) (small blind) mucked
Seat 7: Chefred (big blind) showed [Qh 5d] and won ($29.50) with two pair, Kings and Fives


PokerStars Hand #151707428497:  Hold'em Limit ($3/$6 USD) - 2016/04/10 8:42:56 ET
Table 'Wilkens' 10-max Seat #5 is the button
Seat 5: ct-650 ($179.33 in chips)
Seat 7: Chefred ($98.14 in chips)
ct-650: posts small blind $1
Chefred: posts big blind $3
*** HOLE CARDS ***
ct-650: raises $3 to $6
Chefred: calls $3
*** FLOP *** [Jh 3s 5s]
Chefred: bets $3
ct-650: folds
Uncalled bet ($3) returned to Chefred
Chefred collected $11.76 from pot
Chefred: doesn't show hand
*** SUMMARY ***
Total pot $12 | Rake $0.24
Board [Jh 3s 5s]
Seat 5: ct-650 (button) (small blind) folded on the Flop
Seat 7: Chefred (big blind) collected ($11.76)


PokerStars Hand #151707437132:  Hold'em Limit ($3/$6 USD) - 2016/04/10 8:43:10 ET
Table 'Wilkens' 10-max Seat #7 is the button
Seat 5: ct-650 ($173.33 in chips)
Seat 7: Chefred ($103.90 in chips)
Chefred: posts small blind $1
ct-650: posts big blind $3
*** HOLE CARDS ***
Chefred: raises $3 to $6
ct-650: calls $3
*** FLOP *** [As Ac 6d]
ct-650: checks
Chefred: bets $3
ct-650: folds
Uncalled bet ($3) returned to Chefred
Chefred collected $11.76 from pot
Chefred: doesn't show hand
*** SUMMARY ***
Total pot $12 | Rake $0.24
Board [As Ac 6d]
Seat 5: ct-650 (big blind) folded on the Flop
Seat 7: Chefred (button) (small blind) collected ($11.76)


PokerStars Hand #151707470652:  Hold'em Limit ($3/$6 USD) - 2016/04/10 8:44:04 ET
Table 'Wilkens' 10-max Seat #5 is the button
Seat 5: ct-650 ($172.73 in chips)
Seat 7: Chefred ($103.42 in chips)
ct-650: posts small blind $1
Chefred: posts big blind $3
*** HOLE CARDS ***
ct-650: raises $3 to $6
Chefred: calls $3
*** FLOP *** [Ah Tc 9h]
Chefred: bets $3
Necromadx joins the table at seat #8
ct-650: folds
Uncalled bet ($3) returned to Chefred
Chefred collected $11.76 from pot
Chefred: doesn't show hand
*** SUMMARY ***
Total pot $12 | Rake $0.24
Board [Ah Tc 9h]
Seat 5: ct-650 (button) (small blind) folded on the Flop
Seat 7: Chefred (big blind) collected ($11.76)


PokerStars Hand #151707451165:  Hold'em Limit ($3/$6 USD) - 2016/04/10 8:43:33 ET
Table 'Wilkens' 10-max Seat #7 is the button
Seat 5: ct-650 ($161.33 in chips)
Seat 7: Chefred ($115.42 in chips)
Chefred: posts small blind $1
ct-650: posts big blind $3
*** HOLE CARDS ***
Chefred: raises $3 to $6
ct-650: calls $3
*** FLOP *** [8h As 2s]
ct-650: checks
Chefred: bets $3
ct-650: raises $3 to $6
Chefred: folds
Uncalled bet ($3) returned to ct-650
ct-650 collected $17.64 from pot
*** SUMMARY ***
Total pot $18 | Rake $0.36
Board [8h As 2s]
Seat 5: ct-650 (big blind) collected ($17.64)
Seat 7: Chefred (button) (small blind) folded on the Flop


PokerStars Hand #151707442933:  Hold'em Limit ($3/$6 USD) - 2016/04/10 8:43:20 ET
Table 'Wilkens' 10-max Seat #5 is the button
Seat 5: ct-650 ($167.33 in chips)
Seat 7: Chefred ($109.66 in chips)
ct-650: posts small blind $1
Chefred: posts big blind $3
*** HOLE CARDS ***
ct-650: raises $3 to $6
Chefred: calls $3
*** FLOP *** [Tc 9d 4c]
Chefred: checks
ct-650: checks
*** TURN *** [Tc 9d 4c] [Ah]
Chefred: bets $6
ct-650: folds
Uncalled bet ($6) returned to Chefred
Chefred collected $11.76 from pot
Chefred: doesn't show hand
*** SUMMARY ***
Total pot $12 | Rake $0.24
Board [Tc 9d 4c Ah]
Seat 5: ct-650 (button) (small blind) folded on the Turn
Seat 7: Chefred (big blind) collected ($11.76)


PokerStars Hand #151707467741:  Hold'em Limit ($3/$6 USD) - 2016/04/10 8:43:59 ET
Table 'Wilkens' 10-max Seat #7 is the button
Seat 5: ct-650 ($175.73 in chips)
Seat 7: Chefred ($100.42 in chips)
Chefred: posts small blind $1
ct-650: posts big blind $3
*** HOLE CARDS ***
Chefred: raises $3 to $6
ct-650: folds
Uncalled bet ($3) returned to Chefred
Chefred collected $6 from pot
Chefred: doesn't show hand
*** SUMMARY ***
Total pot $6 | Rake $0
Seat 5: ct-650 (big blind) folded before Flop
Seat 7: Chefred (button) (small blind) collected ($6)


PokerStars Hand #151707460734:  Hold'em Limit ($3/$6 USD) - 2016/04/10 8:43:48 ET
Table 'Wilkens' 10-max Seat #5 is the button
Seat 5: ct-650 ($169.97 in chips)
Seat 7: Chefred ($106.42 in chips)
ct-650: posts small blind $1
Chefred: posts big blind $3
*** HOLE CARDS ***
ct-650: raises $3 to $6
Chefred: calls $3
*** FLOP *** [7s 3h Qs]
Chefred: checks
ct-650: bets $3
Chefred: folds
Uncalled bet ($3) returned to ct-650
ct-650 collected $11.76 from pot
*** SUMMARY ***
Total pot $12 | Rake $0.24
Board [7s 3h Qs]
Seat 5: ct-650 (button) (small blind) collected ($11.76)
Seat 7: Chefred (big blind) folded on the Flop


PokerStars Hand #151707800238:  Hold'em Limit ($3/$6 USD) - 2016/04/10 8:52:46 ET
Table 'Wilkens' 10-max Seat #8 is the button
Seat 7: Chefred ($123.80 in chips)
Seat 8: Necromadx ($141.48 in chips)
Necromadx: posts small blind $1
ct-650: is sitting out
Chefred: posts big blind $3
*** HOLE CARDS ***
Necromadx: raises $3 to $6
Chefred: raises $3 to $9
Necromadx: calls $3
*** FLOP *** [Jd Kc 4c]
Chefred: bets $3
Necromadx: calls $3
*** TURN *** [Jd Kc 4c] [9s]
Chefred: bets $6
Necromadx: folds
Uncalled bet ($6) returned to Chefred
Chefred collected $23.52 from pot
Chefred: doesn't show hand
*** SUMMARY ***
Total pot $24 | Rake $0.48
Board [Jd Kc 4c 9s]
Seat 7: Chefred (big blind) collected ($23.52)
Seat 8: Necromadx (button) (small blind) folded on the Turn


