PokerStars Hand #161048548719:  Hold'em Limit ($3/$6 USD) - 2016/11/07 12:52:30 ET
Table 'Wilkens' 6-max Seat #4 is the button
Seat 3: robertass84 ($120 in chips)
Seat 4: Great_Kang ($145.50 in chips)
Great_Kang: posts small blind $1
robertass84: posts big blind $3
*** HOLE CARDS ***
Great_Kang: raises $3 to $6
robertass84: raises $3 to $9
Great_Kang: calls $3
*** FLOP *** [5h 5d Ad]
robertass84: bets $3
Great_Kang: calls $3
*** TURN *** [5h 5d Ad] [9d]
robertass84: checks
Great_Kang: bets $6
robertass84: folds
Uncalled bet ($6) returned to Great_Kang
Great_Kang collected $23.52 from pot
Great_Kang: doesn't show hand
*** SUMMARY ***
Total pot $24 | Rake $0.48
Board [5h 5d Ad 9d]
Seat 3: robertass84 (big blind) folded on the Turn
Seat 4: Great_Kang (button) (small blind) collected ($23.52)


PokerStars Hand #161048544390:  Hold'em Limit ($3/$6 USD) - 2016/11/07 12:52:26 ET
Table 'Wilkens' 6-max Seat #3 is the button
Seat 3: robertass84 ($120 in chips)
Seat 4: Great_Kang ($144.50 in chips)
robertass84: posts small blind $1
Great_Kang: posts big blind $3
*** HOLE CARDS ***
robertass84: folds
Uncalled bet ($2) returned to Great_Kang
Great_Kang collected $2 from pot
Great_Kang: doesn't show hand
*** SUMMARY ***
Total pot $2 | Rake $0
Seat 3: robertass84 (button) (small blind) folded before Flop
Seat 4: Great_Kang (big blind) collected ($2)


PokerStars Hand #161048516301:  Hold'em Limit ($3/$6 USD) - 2016/11/07 12:51:54 ET
Table 'Wilkens' 6-max Seat #4 is the button
Seat 3: robertass84 ($120 in chips)
Seat 4: Great_Kang ($121 in chips)
Great_Kang: posts small blind $1
robertass84: posts big blind $3
*** HOLE CARDS ***
Great_Kang: raises $3 to $6
robertass84: raises $3 to $9
Great_Kang: calls $3
*** FLOP *** [4s Kd 6c]
robertass84: bets $3
Great_Kang: calls $3
*** TURN *** [4s Kd 6c] [Kc]
robertass84: bets $6
Great_Kang: calls $6
*** RIVER *** [4s Kd 6c Kc] [4c]
robertass84: bets $6
Great_Kang: calls $6
*** SHOW DOWN ***
robertass84: shows [Qc Th] (two pair, Kings and Fours)
Great_Kang: shows [9h Ad] (two pair, Kings and Fours - Ace kicker)
Great_Kang collected $47.50 from pot
*** SUMMARY ***
Total pot $48 | Rake $0.50
Board [4s Kd 6c Kc 4c]
Seat 3: robertass84 (big blind) showed [Qc Th] and lost with two pair, Kings and Fours
Seat 4: Great_Kang (button) (small blind) showed [9h Ad] and won ($47.50) with two pair, Kings and Fours


PokerStars Hand #161048584521:  Hold'em Limit ($3/$6 USD) - 2016/11/07 12:53:11 ET
Table 'Wilkens' 6-max Seat #3 is the button
Seat 3: robertass84 ($121 in chips)
Seat 4: Great_Kang ($164.66 in chips)
robertass84: posts small blind $1
Great_Kang: posts big blind $3
*** HOLE CARDS ***
robertass84: raises $3 to $6
Great_Kang: raises $3 to $9
dis-co187 joins the table at seat #2
robertass84: raises $3 to $12
Betting is capped
Great_Kang: calls $3
*** FLOP *** [6s 9d Ks]
Great_Kang: checks
robertass84: checks
*** TURN *** [6s 9d Ks] [7s]
vestimokrec joins the table at seat #1
Great_Kang: bets $6
robertass84: folds
Uncalled bet ($6) returned to Great_Kang
Great_Kang collected $23.52 from pot
*** SUMMARY ***
Total pot $24 | Rake $0.48
Board [6s 9d Ks 7s]
Seat 3: robertass84 (button) (small blind) folded on the Turn
Seat 4: Great_Kang (big blind) collected ($23.52)


PokerStars Hand #161048580484:  Hold'em Limit ($3/$6 USD) - 2016/11/07 12:53:06 ET
Table 'Wilkens' 6-max Seat #4 is the button
Seat 3: robertass84 ($120 in chips)
Seat 4: Great_Kang ($165.66 in chips)
Great_Kang: posts small blind $1
robertass84: posts big blind $3
*** HOLE CARDS ***
Great_Kang: folds
Uncalled bet ($2) returned to robertass84
robertass84 collected $2 from pot
robertass84: doesn't show hand
*** SUMMARY ***
Total pot $2 | Rake $0
Seat 3: robertass84 (big blind) collected ($2)
Seat 4: Great_Kang (button) (small blind) folded before Flop


PokerStars Hand #161048569935:  Hold'em Limit ($3/$6 USD) - 2016/11/07 12:52:54 ET
Table 'Wilkens' 6-max Seat #3 is the button
Seat 3: robertass84 ($120 in chips)
Seat 4: Great_Kang ($157.02 in chips)
robertass84: posts small blind $1
Great_Kang: posts big blind $3
*** HOLE CARDS ***
robertass84: raises $3 to $6
Great_Kang: calls $3
*** FLOP *** [3d 9d 2d]
Great_Kang: checks
robertass84: bets $3
Great_Kang: raises $3 to $6
robertass84: folds
Uncalled bet ($3) returned to Great_Kang
Great_Kang collected $17.64 from pot
Great_Kang: doesn't show hand
*** SUMMARY ***
Total pot $18 | Rake $0.36
Board [3d 9d 2d]
Seat 3: robertass84 (button) (small blind) folded on the Flop
Seat 4: Great_Kang (big blind) collected ($17.64)


PokerStars Hand #161050839159:  Hold'em Limit ($3/$6 USD) - 2016/11/07 13:35:13 ET
Table 'Wilkens' 6-max Seat #5 is the button
Seat 1: vestimokrec ($146.29 in chips)
Seat 5: Zubrik AnD ($114.97 in chips)
Zubrik AnD: posts small blind $1
vestimokrec: posts big blind $3
*** HOLE CARDS ***
Zubrik AnD: folds
Uncalled bet ($2) returned to vestimokrec
vestimokrec collected $2 from pot
vestimokrec: doesn't show hand
*** SUMMARY ***
Total pot $2 | Rake $0
Seat 1: vestimokrec (big blind) collected ($2)
Seat 5: Zubrik AnD (button) (small blind) folded before Flop


PokerStars Hand #161050823438:  Hold'em Limit ($3/$6 USD) - 2016/11/07 13:34:56 ET
Table 'Wilkens' 6-max Seat #1 is the button
Seat 1: vestimokrec ($140.53 in chips)
Seat 5: Zubrik AnD ($120.97 in chips)
vestimokrec: posts small blind $1
ValeryRon: is sitting out
Zubrik AnD: posts big blind $3
*** HOLE CARDS ***
vestimokrec: raises $3 to $6
ValeryRon leaves the table
Zubrik AnD: calls $3
*** FLOP *** [8h 4c 3h]
Zubrik AnD: checks
vestimokrec: bets $3
Zubrik AnD: folds
Uncalled bet ($3) returned to vestimokrec
vestimokrec collected $11.76 from pot
vestimokrec: doesn't show hand
*** SUMMARY ***
Total pot $12 | Rake $0.24
Board [8h 4c 3h]
Seat 1: vestimokrec (button) (small blind) collected ($11.76)
Seat 5: Zubrik AnD (big blind) folded on the Flop


PokerStars Hand #161050846880:  Hold'em Limit ($3/$6 USD) - 2016/11/07 13:35:21 ET
Table 'Wilkens' 6-max Seat #1 is the button
Seat 1: vestimokrec ($147.29 in chips)
Seat 5: Zubrik AnD ($113.97 in chips)
vestimokrec: posts small blind $1
Zubrik AnD: posts big blind $3
Zubasa07 joins the table at seat #2
*** HOLE CARDS ***
vestimokrec: raises $3 to $6
Zubrik AnD: calls $3
*** FLOP *** [2c 7s As]
Zubrik AnD: bets $3
vestimokrec: calls $3
*** TURN *** [2c 7s As] [7c]
Zubrik AnD: checks
kasa575 joins the table at seat #3
vestimokrec: checks
*** RIVER *** [2c 7s As 7c] [3h]
Zubrik AnD: bets $6
vestimokrec: calls $6
*** SHOW DOWN ***
Zubrik AnD: shows [5s 2h] (two pair, Sevens and Deuces)
vestimokrec: shows [Qd Ah] (two pair, Aces and Sevens)
vestimokrec collected $29.50 from pot
*** SUMMARY ***
Total pot $30 | Rake $0.50
Board [2c 7s As 7c 3h]
Seat 1: vestimokrec (button) (small blind) showed [Qd Ah] and won ($29.50) with two pair, Aces and Sevens
Seat 5: Zubrik AnD (big blind) showed [5s 2h] and lost with two pair, Sevens and Deuces


PokerStars Hand #161052528396:  Hold'em Limit ($3/$6 USD) - 2016/11/07 14:06:31 ET
Table 'Wilkens' 6-max Seat #5 is the button
Seat 5: Zubrik AnD ($55.71 in chips)
Seat 6: milen 176 ($82.10 in chips)
Zubrik AnD: posts small blind $1
milen 176: posts big blind $3
*** HOLE CARDS ***
ValeryRon joins the table at seat #1
Zubrik AnD: folds
Uncalled bet ($2) returned to milen 176
milen 176 collected $2 from pot
milen 176: doesn't show hand
*** SUMMARY ***
Total pot $2 | Rake $0
Seat 5: Zubrik AnD (button) (small blind) folded before Flop
Seat 6: milen 176 (big blind) collected ($2)


PokerStars Hand #161058922648:  Hold'em Limit ($3/$6 USD) - 2016/11/07 15:55:01 ET
Table 'Wilkens' 6-max Seat #4 is the button
Seat 3: kasa575 ($19.57 in chips)
Seat 4: Bassie830 ($196.42 in chips)
Bassie830: posts small blind $1
vestimokrec: is sitting out
kasa575: posts big blind $3
*** HOLE CARDS ***
Bassie830: raises $3 to $6
kasa575: raises $3 to $9
vestimokrec leaves the table
Bassie830: raises $3 to $12
Betting is capped
kasa575: calls $3
*** FLOP *** [Ad Kh 6d]
kasa575: bets $3
Bassie830: raises $3 to $6
kasa575: raises $1.57 to $7.57 and is all-in
Bassie830: calls $1.57
*** TURN *** [Ad Kh 6d] [6s]
*** RIVER *** [Ad Kh 6d 6s] [9d]
*** SHOW DOWN ***
kasa575: shows [5c Ac] (two pair, Aces and Sixes)
Bassie830: shows [9s Ah] (two pair, Aces and Nines)
Bassie830 collected $38.64 from pot
*** SUMMARY ***
Total pot $39.14 | Rake $0.50
Board [Ad Kh 6d 6s 9d]
Seat 3: kasa575 (big blind) showed [5c Ac] and lost with two pair, Aces and Sixes
Seat 4: Bassie830 (button) (small blind) showed [9s Ah] and won ($38.64) with two pair, Aces and Nines


PokerStars Hand #161060206029:  Hold'em Limit ($3/$6 USD) - 2016/11/07 16:17:37 ET
Table 'Wilkens' 6-max Seat #3 is the button
Seat 2: AA_ILI ($126.52 in chips)
Seat 3: llmaiconll ($110.08 in chips)
llmaiconll: posts small blind $1
AA_ILI: posts big blind $3
*** HOLE CARDS ***
llmaiconll: raises $3 to $6
AA_ILI: folds
Uncalled bet ($3) returned to llmaiconll
llmaiconll collected $6 from pot
*** SUMMARY ***
Total pot $6 | Rake $0
Seat 2: AA_ILI (big blind) folded before Flop
Seat 3: llmaiconll (button) (small blind) collected ($6)


