PokerStars Hand #173982411925:  Hold'em Limit ($3/$6 USD) - 2017/08/06 5:39:38 ET
Table 'Williams' 6-max Seat #1 is the button
Seat 1: Opal10 ($285.34 in chips)
Seat 4: VolkovDmitri ($120 in chips)
Opal10: posts small blind $1
VolkovDmitri: posts big blind $3
*** HOLE CARDS ***
Opal10: calls $2
VolkovDmitri: raises $3 to $6
Opal10: calls $3
*** FLOP *** [3c Ts Ah]
VolkovDmitri: bets $3
Opal10: folds
Uncalled bet ($3) returned to VolkovDmitri
VolkovDmitri collected $11.76 from pot
VolkovDmitri: doesn't show hand
*** SUMMARY ***
Total pot $12 | Rake $0.24
Board [3c Ts Ah]
Seat 1: Opal10 (button) (small blind) folded on the Flop
Seat 4: VolkovDmitri (big blind) collected ($11.76)


PokerStars Hand #173982423287:  Hold'em Limit ($3/$6 USD) - 2017/08/06 5:40:07 ET
Table 'Williams' 6-max Seat #4 is the button
Seat 1: Opal10 ($279.34 in chips)
Seat 4: VolkovDmitri ($125.76 in chips)
VolkovDmitri: posts small blind $1
Opal10: posts big blind $3
*** HOLE CARDS ***
Truelove13 joins the table at seat #2
VolkovDmitri: raises $3 to $6
Opal10: calls $3
*** FLOP *** [Th 5c 2d]
Opal10: bets $3
VolkovDmitri: raises $3 to $6
Opal10: folds
Uncalled bet ($3) returned to VolkovDmitri
VolkovDmitri collected $17.64 from pot
VolkovDmitri: doesn't show hand
*** SUMMARY ***
Total pot $18 | Rake $0.36
Board [Th 5c 2d]
Seat 1: Opal10 (big blind) folded on the Flop
Seat 4: VolkovDmitri (button) (small blind) collected ($17.64)


PokerStars Hand #173983723989:  Hold'em Limit ($3/$6 USD) - 2017/08/06 6:35:10 ET
Table 'Williams' 6-max Seat #3 is the button
Seat 2: zimin10 ($92.31 in chips)
Seat 3: fluit83 ($44.50 in chips)
fluit83: posts small blind $1
zimin10: posts big blind $3
*** HOLE CARDS ***
fluit83: folds
Uncalled bet ($2) returned to zimin10
zimin10 collected $2 from pot
*** SUMMARY ***
Total pot $2 | Rake $0
Seat 2: zimin10 (big blind) collected ($2)
Seat 3: fluit83 (button) (small blind) folded before Flop


PokerStars Hand #173983716773:  Hold'em Limit ($3/$6 USD) - 2017/08/06 6:34:53 ET
Table 'Williams' 6-max Seat #2 is the button
Seat 2: zimin10 ($107.31 in chips)
Seat 3: fluit83 ($30 in chips)
zimin10: posts small blind $1
fluit83: posts big blind $3
*** HOLE CARDS ***
zimin10: raises $3 to $6
fluit83: calls $3
*** FLOP *** [Qh 5c 8s]
fluit83: checks
zimin10: bets $3
fluit83: calls $3
*** TURN *** [Qh 5c 8s] [7h]
fluit83: checks
zimin10: bets $6
fluit83: calls $6
*** RIVER *** [Qh 5c 8s 7h] [Jd]
fluit83: checks
zimin10: checks
*** SHOW DOWN ***
fluit83: shows [5s Js] (two pair, Jacks and Fives)
zimin10: mucks hand
fluit83 collected $29.50 from pot
*** SUMMARY ***
Total pot $30 | Rake $0.50
Board [Qh 5c 8s 7h Jd]
Seat 2: zimin10 (button) (small blind) mucked
Seat 3: fluit83 (big blind) showed [5s Js] and won ($29.50) with two pair, Jacks and Fives


PokerStars Hand #173983725939:  Hold'em Limit ($3/$6 USD) - 2017/08/06 6:35:15 ET
Table 'Williams' 6-max Seat #2 is the button
Seat 2: zimin10 ($93.31 in chips)
Seat 3: fluit83 ($43.50 in chips)
zimin10: posts small blind $1
fluit83: posts big blind $3
*** HOLE CARDS ***
zimin10: folds
Uncalled bet ($2) returned to fluit83
yamaxerm joins the table at seat #4
fluit83 collected $2 from pot
fluit83: doesn't show hand
*** SUMMARY ***
Total pot $2 | Rake $0
Seat 2: zimin10 (button) (small blind) folded before Flop
Seat 3: fluit83 (big blind) collected ($2)


PokerStars Hand #173983969514:  Hold'em Limit ($3/$6 USD) - 2017/08/06 6:45:02 ET
Table 'Williams' 6-max Seat #3 is the button
Seat 3: fluit83 ($133.35 in chips)
Seat 5: zimin10 ($103.33 in chips)
fluit83: posts small blind $1
yamaxerm: is sitting out
zimin10: posts big blind $3
*** HOLE CARDS ***
fluit83: folds
Uncalled bet ($2) returned to zimin10
yamaxerm leaves the table
zimin10 collected $2 from pot
*** SUMMARY ***
Total pot $2 | Rake $0
Seat 3: fluit83 (button) (small blind) folded before Flop
Seat 5: zimin10 (big blind) collected ($2)


PokerStars Hand #173983971722:  Hold'em Limit ($3/$6 USD) - 2017/08/06 6:45:07 ET
Table 'Williams' 6-max Seat #5 is the button
Seat 3: fluit83 ($132.35 in chips)
Seat 5: zimin10 ($104.33 in chips)
zimin10: posts small blind $1
fluit83: posts big blind $3
*** HOLE CARDS ***
zimin10: raises $3 to $6
fluit83: calls $3
*** FLOP *** [Js Ah Ad]
fluit83: checks
zimin10: bets $3
fluit83: folds
Uncalled bet ($3) returned to zimin10
zimin10 collected $11.76 from pot
*** SUMMARY ***
Total pot $12 | Rake $0.24
Board [Js Ah Ad]
Seat 3: fluit83 (big blind) folded on the Flop
Seat 5: zimin10 (button) (small blind) collected ($11.76)


PokerStars Hand #173983995055:  Hold'em Limit ($3/$6 USD) - 2017/08/06 6:46:03 ET
Table 'Williams' 6-max Seat #3 is the button
Seat 3: fluit83 ($140.85 in chips)
Seat 5: zimin10 ($95.09 in chips)
fluit83: posts small blind $1
zimin10: posts big blind $3
*** HOLE CARDS ***
fluit83: calls $2
zimin10: raises $3 to $6
fluit83: calls $3
*** FLOP *** [Ac Jd Js]
zimin10: bets $3
fluit83: folds
Uncalled bet ($3) returned to zimin10
zimin10 collected $11.76 from pot
*** SUMMARY ***
Total pot $12 | Rake $0.24
Board [Ac Jd Js]
Seat 3: fluit83 (button) (small blind) folded on the Flop
Seat 5: zimin10 (big blind) collected ($11.76)


PokerStars Hand #173983978557:  Hold'em Limit ($3/$6 USD) - 2017/08/06 6:45:23 ET
Table 'Williams' 6-max Seat #3 is the button
Seat 3: fluit83 ($126.35 in chips)
Seat 5: zimin10 ($110.09 in chips)
fluit83: posts small blind $1
zimin10: posts big blind $3
*** HOLE CARDS ***
fluit83: calls $2
zimin10: checks
*** FLOP *** [5d 6s Ad]
zimin10: bets $3
fluit83: calls $3
*** TURN *** [5d 6s Ad] [Qs]
zimin10: bets $6
fluit83: calls $6
*** RIVER *** [5d 6s Ad Qs] [9h]
zimin10: bets $6
fluit83: calls $6
*** SHOW DOWN ***
zimin10: shows [4s 3d] (high card Ace)
fluit83: shows [3s 3h] (a pair of Threes)
fluit83 collected $35.50 from pot
*** SUMMARY ***
Total pot $36 | Rake $0.50
Board [5d 6s Ad Qs 9h]
Seat 3: fluit83 (button) (small blind) showed [3s 3h] and won ($35.50) with a pair of Threes
Seat 5: zimin10 (big blind) showed [4s 3d] and lost with high card Ace


PokerStars Hand #173984003543:  Hold'em Limit ($3/$6 USD) - 2017/08/06 6:46:23 ET
Table 'Williams' 6-max Seat #3 is the button
Seat 3: fluit83 ($131.85 in chips)
Seat 5: zimin10 ($103.85 in chips)
fluit83: posts small blind $1
zimin10: posts big blind $3
*** HOLE CARDS ***
fluit83: calls $2
zimin10: raises $3 to $6
fluit83: calls $3
*** FLOP *** [Kc Js Ts]
zimin10: bets $3
fluit83: calls $3
*** TURN *** [Kc Js Ts] [5c]
zimin10: bets $6
fluit83: calls $6
*** RIVER *** [Kc Js Ts 5c] [5h]
zimin10: checks
fluit83: checks
*** SHOW DOWN ***
zimin10: shows [Th 3h] (two pair, Tens and Fives)
fluit83: mucks hand
zimin10 collected $29.50 from pot
*** SUMMARY ***
Total pot $30 | Rake $0.50
Board [Kc Js Ts 5c 5h]
Seat 3: fluit83 (button) (small blind) mucked
Seat 5: zimin10 (big blind) showed [Th 3h] and won ($29.50) with two pair, Tens and Fives


