PokerStars Hand #149356654274:  Hold'em Limit ($3/$6 USD) - 2016/02/24 15:50:33 ET
Table 'Williams' 6-max Seat #1 is the button
Seat 1: VolkovDmitri ($131.50 in chips)
Seat 4: partyalex92 ($65.50 in chips)
VolkovDmitri: posts small blind $1
partyalex92: posts big blind $3
*** HOLE CARDS ***
VolkovDmitri: raises $3 to $6
partyalex92: folds
Uncalled bet ($3) returned to VolkovDmitri
VolkovDmitri collected $6 from pot
VolkovDmitri: doesn't show hand
*** SUMMARY ***
Total pot $6 | Rake $0
Seat 1: VolkovDmitri (button) (small blind) collected ($6)
Seat 4: partyalex92 (big blind) folded before Flop


PokerStars Hand #149356631092:  Hold'em Limit ($3/$6 USD) - 2016/02/24 15:50:10 ET
Table 'Williams' 6-max Seat #4 is the button
Seat 1: VolkovDmitri ($152.50 in chips)
Seat 4: partyalex92 ($45 in chips)
partyalex92: posts small blind $1
VolkovDmitri: posts big blind $3
*** HOLE CARDS ***
partyalex92: calls $2
VolkovDmitri: raises $3 to $6
partyalex92: calls $3
*** FLOP *** [Ts 3c 8s]
VolkovDmitri: bets $3
partyalex92: calls $3
*** TURN *** [Ts 3c 8s] [Ks]
VolkovDmitri: checks
partyalex92: bets $6
VolkovDmitri: calls $6
*** RIVER *** [Ts 3c 8s Ks] [Kh]
VolkovDmitri: checks
partyalex92: bets $6
VolkovDmitri: calls $6
*** SHOW DOWN ***
partyalex92: shows [9h Kd] (three of a kind, Kings)
VolkovDmitri: mucks hand
partyalex92 collected $41.50 from pot
*** SUMMARY ***
Total pot $42 | Rake $0.50
Board [Ts 3c 8s Ks Kh]
Seat 1: VolkovDmitri (big blind) mucked
Seat 4: partyalex92 (button) (small blind) showed [9h Kd] and won ($41.50) with three of a kind, Kings


PokerStars Hand #149356663558:  Hold'em Limit ($3/$6 USD) - 2016/02/24 15:50:41 ET
Table 'Williams' 6-max Seat #4 is the button
Seat 1: VolkovDmitri ($134.50 in chips)
Seat 4: partyalex92 ($91.83 in chips)
partyalex92: posts small blind $1
VolkovDmitri: posts big blind $3
*** HOLE CARDS ***
partyalex92: raises $3 to $6
VolkovDmitri: calls $3
*** FLOP *** [9d 9s 3h]
VolkovDmitri: checks
partyalex92: checks
*** TURN *** [9d 9s 3h] [Qh]
VolkovDmitri: bets $6
partyalex92: calls $6
*** RIVER *** [9d 9s 3h Qh] [9c]
VolkovDmitri: checks
partyalex92: checks
*** SHOW DOWN ***
VolkovDmitri: shows [5h 6h] (three of a kind, Nines)
partyalex92: shows [Jd Ts] (three of a kind, Nines - Queen+Jack kicker)
partyalex92 collected $23.52 from pot
*** SUMMARY ***
Total pot $24 | Rake $0.48
Board [9d 9s 3h Qh 9c]
Seat 1: VolkovDmitri (big blind) showed [5h 6h] and lost with three of a kind, Nines
Seat 4: partyalex92 (button) (small blind) showed [Jd Ts] and won ($23.52) with three of a kind, Nines


PokerStars Hand #149356699802:  Hold'em Limit ($3/$6 USD) - 2016/02/24 15:51:17 ET
Table 'Williams' 6-max Seat #1 is the button
Seat 1: VolkovDmitri ($122.50 in chips)
Seat 4: partyalex92 ($103.35 in chips)
VolkovDmitri: posts small blind $1
partyalex92: posts big blind $3
*** HOLE CARDS ***
VolkovDmitri: raises $3 to $6
partyalex92: calls $3
*** FLOP *** [Td 6d 6s]
partyalex92: bets $3
VolkovDmitri: raises $3 to $6
partyalex92: folds
Uncalled bet ($3) returned to VolkovDmitri
vestimokrec joins the table at seat #5
VolkovDmitri collected $17.64 from pot
VolkovDmitri: doesn't show hand
*** SUMMARY ***
Total pot $18 | Rake $0.36
Board [Td 6d 6s]
Seat 1: VolkovDmitri (button) (small blind) collected ($17.64)
Seat 4: partyalex92 (big blind) folded on the Flop


PokerStars Hand #149358398556:  Hold'em Limit ($3/$6 USD) - 2016/02/24 16:19:54 ET
Table 'Williams' 6-max Seat #2 is the button
Seat 2: Chessnok ($178.70 in chips)
Seat 6: Diamond999 ($61.67 in chips)
Chessnok: posts small blind $1
Diamond999: posts big blind $3
*** HOLE CARDS ***
Chessnok: raises $3 to $6
Diamond999: calls $3
*** FLOP *** [2s 6c Qh]
Diamond999: checks
Chessnok: bets $3
Diamond999: folds
Uncalled bet ($3) returned to Chessnok
Chessnok collected $11.76 from pot
Chessnok: doesn't show hand
*** SUMMARY ***
Total pot $12 | Rake $0.24
Board [2s 6c Qh]
Seat 2: Chessnok (button) (small blind) collected ($11.76)
Seat 6: Diamond999 (big blind) folded on the Flop


PokerStars Hand #149358444221:  Hold'em Limit ($3/$6 USD) - 2016/02/24 16:20:40 ET
Table 'Williams' 6-max Seat #6 is the button
Seat 2: Chessnok ($202.96 in chips)
Seat 6: Diamond999 ($36.67 in chips)
Diamond999: posts small blind $1
Chessnok: posts big blind $3
*** HOLE CARDS ***
Diamond999: raises $3 to $6
Chessnok: folds
Uncalled bet ($3) returned to Diamond999
Diamond999 collected $6 from pot
*** SUMMARY ***
Total pot $6 | Rake $0
Seat 2: Chessnok (big blind) folded before Flop
Seat 6: Diamond999 (button) (small blind) collected ($6)


PokerStars Hand #149358425293:  Hold'em Limit ($3/$6 USD) - 2016/02/24 16:20:21 ET
Table 'Williams' 6-max Seat #2 is the button
Seat 2: Chessnok ($185.46 in chips)
Seat 6: Diamond999 ($54.67 in chips)
Chessnok: posts small blind $1
Diamond999: posts big blind $3
*** HOLE CARDS ***
Chessnok: raises $3 to $6
Diamond999: calls $3
*** FLOP *** [5h 3s Ah]
Diamond999: checks
Chessnok: checks
*** TURN *** [5h 3s Ah] [As]
Diamond999: bets $6
Chessnok: calls $6
*** RIVER *** [5h 3s Ah As] [Td]
Diamond999: bets $6
Chessnok: calls $6
*** SHOW DOWN ***
Diamond999: shows [6c Qh] (a pair of Aces)
Chessnok: shows [4s Kh] (a pair of Aces - King kicker)
Chessnok collected $35.50 from pot
*** SUMMARY ***
Total pot $36 | Rake $0.50
Board [5h 3s Ah As Td]
Seat 2: Chessnok (button) (small blind) showed [4s Kh] and won ($35.50) with a pair of Aces
Seat 6: Diamond999 (big blind) showed [6c Qh] and lost with a pair of Aces


PokerStars Hand #149358418823:  Hold'em Limit ($3/$6 USD) - 2016/02/24 16:20:14 ET
Table 'Williams' 6-max Seat #6 is the button
Seat 2: Chessnok ($184.46 in chips)
Seat 6: Diamond999 ($55.67 in chips)
Diamond999: posts small blind $1
Chessnok: posts big blind $3
*** HOLE CARDS ***
Diamond999: folds
Uncalled bet ($2) returned to Chessnok
Chessnok collected $2 from pot
Chessnok: doesn't show hand
*** SUMMARY ***
Total pot $2 | Rake $0
Seat 2: Chessnok (big blind) collected ($2)
Seat 6: Diamond999 (button) (small blind) folded before Flop


PokerStars Hand #149358486228:  Hold'em Limit ($3/$6 USD) - 2016/02/24 16:21:23 ET
Table 'Williams' 6-max Seat #6 is the button
Seat 2: Chessnok ($181.96 in chips)
Seat 6: Diamond999 ($57.17 in chips)
Diamond999: posts small blind $1
Chessnok: posts big blind $3
*** HOLE CARDS ***
Diamond999: calls $2
Chessnok: raises $3 to $6
Diamond999: raises $3 to $9
Chessnok: calls $3
*** FLOP *** [Jd Kc 3h]
Chessnok: checks
Diamond999: bets $3
Chessnok: calls $3
*** TURN *** [Jd Kc 3h] [6c]
Chessnok: checks
Diamond999: bets $6
Chessnok: calls $6
*** RIVER *** [Jd Kc 3h 6c] [6d]
Chessnok: checks
Diamond999: checks
*** SHOW DOWN ***
Chessnok: shows [Qc 9h] (a pair of Sixes)
Diamond999: shows [Ts Ac] (a pair of Sixes - Ace kicker)
Diamond999 collected $35.50 from pot
*** SUMMARY ***
Total pot $36 | Rake $0.50
Board [Jd Kc 3h 6c 6d]
Seat 2: Chessnok (big blind) showed [Qc 9h] and lost with a pair of Sixes
Seat 6: Diamond999 (button) (small blind) showed [Ts Ac] and won ($35.50) with a pair of Sixes


PokerStars Hand #149358450505:  Hold'em Limit ($3/$6 USD) - 2016/02/24 16:20:46 ET
Table 'Williams' 6-max Seat #2 is the button
Seat 2: Chessnok ($199.96 in chips)
Seat 6: Diamond999 ($39.67 in chips)
Chessnok: posts small blind $1
Diamond999: posts big blind $3
*** HOLE CARDS ***
Chessnok: raises $3 to $6
Diamond999: raises $3 to $9
Chessnok: calls $3
*** FLOP *** [3h 5h 9s]
Diamond999: bets $3
Chessnok: calls $3
*** TURN *** [3h 5h 9s] [Td]
Diamond999: checks
Chessnok: checks
*** RIVER *** [3h 5h 9s Td] [Js]
Diamond999: checks
Chessnok: bets $6
Diamond999: calls $6
*** SHOW DOWN ***
Chessnok: shows [4s 7s] (high card Jack)
Diamond999: shows [Ad 7d] (high card Ace)
Diamond999 collected $35.50 from pot
*** SUMMARY ***
Total pot $36 | Rake $0.50
Board [3h 5h 9s Td Js]
Seat 2: Chessnok (button) (small blind) showed [4s 7s] and lost with high card Jack
Seat 6: Diamond999 (big blind) showed [Ad 7d] and won ($35.50) with high card Ace


PokerStars Hand #149358564294:  Hold'em Limit ($3/$6 USD) - 2016/02/24 16:22:41 ET
Table 'Williams' 6-max Seat #2 is the button
Seat 2: Chessnok ($149.96 in chips)
Seat 6: Diamond999 ($88.17 in chips)
Chessnok: posts small blind $1
Diamond999: posts big blind $3
*** HOLE CARDS ***
Chessnok: folds
Uncalled bet ($2) returned to Diamond999
Diamond999 collected $2 from pot
*** SUMMARY ***
Total pot $2 | Rake $0
Seat 2: Chessnok (button) (small blind) folded before Flop
Seat 6: Diamond999 (big blind) collected ($2)


PokerStars Hand #149358558813:  Hold'em Limit ($3/$6 USD) - 2016/02/24 16:22:36 ET
Table 'Williams' 6-max Seat #6 is the button
Seat 2: Chessnok ($148.96 in chips)
Seat 6: Diamond999 ($89.17 in chips)
Diamond999: posts small blind $1
Chessnok: posts big blind $3
*** HOLE CARDS ***
Diamond999: folds
Uncalled bet ($2) returned to Chessnok
Chessnok collected $2 from pot
Chessnok: doesn't show hand
*** SUMMARY ***
Total pot $2 | Rake $0
Seat 2: Chessnok (big blind) collected ($2)
Seat 6: Diamond999 (button) (small blind) folded before Flop


PokerStars Hand #149358552041:  Hold'em Limit ($3/$6 USD) - 2016/02/24 16:22:29 ET
Table 'Williams' 6-max Seat #2 is the button
Seat 2: Chessnok ($149.96 in chips)
Seat 6: Diamond999 ($88.17 in chips)
Chessnok: posts small blind $1
Diamond999: posts big blind $3
*** HOLE CARDS ***
Chessnok: folds
Uncalled bet ($2) returned to Diamond999
Diamond999 collected $2 from pot
*** SUMMARY ***
Total pot $2 | Rake $0
Seat 2: Chessnok (button) (small blind) folded before Flop
Seat 6: Diamond999 (big blind) collected ($2)


PokerStars Hand #149358546800:  Hold'em Limit ($3/$6 USD) - 2016/02/24 16:22:24 ET
Table 'Williams' 6-max Seat #6 is the button
Seat 2: Chessnok ($148.96 in chips)
Seat 6: Diamond999 ($89.17 in chips)
Diamond999: posts small blind $1
Chessnok: posts big blind $3
*** HOLE CARDS ***
Diamond999: folds
Uncalled bet ($2) returned to Chessnok
Chessnok collected $2 from pot
Chessnok: doesn't show hand
*** SUMMARY ***
Total pot $2 | Rake $0
Seat 2: Chessnok (big blind) collected ($2)
Seat 6: Diamond999 (button) (small blind) folded before Flop


PokerStars Hand #149358523249:  Hold'em Limit ($3/$6 USD) - 2016/02/24 16:22:00 ET
Table 'Williams' 6-max Seat #2 is the button
Seat 2: Chessnok ($163.96 in chips)
Seat 6: Diamond999 ($74.67 in chips)
Chessnok: posts small blind $1
Diamond999: posts big blind $3
*** HOLE CARDS ***
Chessnok: raises $3 to $6
Diamond999: calls $3
*** FLOP *** [5c Ah Tc]
Diamond999: checks
Chessnok: bets $3
Diamond999: calls $3
*** TURN *** [5c Ah Tc] [Qd]
Diamond999: checks
Chessnok: bets $6
Diamond999: raises $6 to $12
Chessnok: folds
Uncalled bet ($6) returned to Diamond999
Diamond999 collected $29.50 from pot
*** SUMMARY ***
Total pot $30 | Rake $0.50
Board [5c Ah Tc Qd]
Seat 2: Chessnok (button) (small blind) folded on the Turn
Seat 6: Diamond999 (big blind) collected ($29.50)


PokerStars Hand #149358568371:  Hold'em Limit ($3/$6 USD) - 2016/02/24 16:22:45 ET
Table 'Williams' 6-max Seat #6 is the button
Seat 2: Chessnok ($148.96 in chips)
Seat 6: Diamond999 ($89.17 in chips)
Diamond999: posts small blind $1
Chessnok: posts big blind $3
*** HOLE CARDS ***
Diamond999: raises $3 to $6
Chessnok: calls $3
*** FLOP *** [9s Ah Tc]
Chessnok: checks
Diamond999: checks
*** TURN *** [9s Ah Tc] [7d]
Chessnok: bets $6
Diamond999: calls $6
*** RIVER *** [9s Ah Tc 7d] [3d]
Chessnok: bets $6
Diamond999: calls $6
*** SHOW DOWN ***
Chessnok: shows [7c Jh] (a pair of Sevens)
Diamond999: mucks hand
Chessnok collected $35.50 from pot
*** SUMMARY ***
Total pot $36 | Rake $0.50
Board [9s Ah Tc 7d 3d]
Seat 2: Chessnok (big blind) showed [7c Jh] and won ($35.50) with a pair of Sevens
Seat 6: Diamond999 (button) (small blind) mucked


PokerStars Hand #149358614018:  Hold'em Limit ($3/$6 USD) - 2016/02/24 16:23:31 ET
Table 'Williams' 6-max Seat #6 is the button
Seat 2: Chessnok ($151.46 in chips)
Seat 6: Diamond999 ($85.67 in chips)
Diamond999: posts small blind $1
Chessnok: posts big blind $3
*** HOLE CARDS ***
Diamond999: calls $2
Chessnok: raises $3 to $6
Diamond999: raises $3 to $9
Chessnok: calls $3
*** FLOP *** [Qh 7h Qd]
Chessnok: checks
Diamond999: bets $3
Chessnok: raises $3 to $6
Diamond999: raises $3 to $9
Chessnok: raises $3 to $12
Betting is capped
Diamond999: calls $3
*** TURN *** [Qh 7h Qd] [4s]
Chessnok: bets $6
Diamond999: calls $6
*** RIVER *** [Qh 7h Qd 4s] [Ac]
Chessnok: bets $6
Diamond999: calls $6
*** SHOW DOWN ***
Chessnok: shows [7s 7d] (a full house, Sevens full of Queens)
Diamond999: mucks hand
Chessnok collected $65.50 from pot
*** SUMMARY ***
Total pot $66 | Rake $0.50
Board [Qh 7h Qd 4s Ac]
Seat 2: Chessnok (big blind) showed [7s 7d] and won ($65.50) with a full house, Sevens full of Queens
Seat 6: Diamond999 (button) (small blind) mucked


PokerStars Hand #149358589474:  Hold'em Limit ($3/$6 USD) - 2016/02/24 16:23:06 ET
Table 'Williams' 6-max Seat #2 is the button
Seat 2: Chessnok ($166.46 in chips)
Seat 6: Diamond999 ($71.17 in chips)
Chessnok: posts small blind $1
Diamond999: posts big blind $3
*** HOLE CARDS ***
Chessnok: raises $3 to $6
Diamond999: calls $3
*** FLOP *** [Ad 2c 5d]
Diamond999: checks
Chessnok: bets $3
Diamond999: calls $3
*** TURN *** [Ad 2c 5d] [Jc]
Diamond999: checks
Chessnok: bets $6
Diamond999: raises $6 to $12
Chessnok: folds
Uncalled bet ($6) returned to Diamond999
Diamond999 collected $29.50 from pot
*** SUMMARY ***
Total pot $30 | Rake $0.50
Board [Ad 2c 5d Jc]
Seat 2: Chessnok (button) (small blind) folded on the Turn
Seat 6: Diamond999 (big blind) collected ($29.50)


PokerStars Hand #149358687983:  Hold'em Limit ($3/$6 USD) - 2016/02/24 16:24:45 ET
Table 'Williams' 6-max Seat #2 is the button
Seat 2: Chessnok ($219.22 in chips)
Seat 6: Diamond999 ($16.67 in chips)
Chessnok: posts small blind $1
Diamond999: posts big blind $3
*** HOLE CARDS ***
Chessnok: raises $3 to $6
Diamond999: raises $3 to $9
Chessnok: calls $3
*** FLOP *** [3h 4c 3c]
Diamond999: bets $3
Chessnok: calls $3
*** TURN *** [3h 4c 3c] [8d]
Diamond999: bets $4.67 and is all-in
Chessnok: calls $4.67
*** RIVER *** [3h 4c 3c 8d] [4s]
*** SHOW DOWN ***
Diamond999: shows [Qd 9s] (two pair, Fours and Threes)
Chessnok: shows [4h Kh] (a full house, Fours full of Threes)
Chessnok collected $32.84 from pot
*** SUMMARY ***
Total pot $33.34 | Rake $0.50
Board [3h 4c 3c 8d 4s]
Seat 2: Chessnok (button) (small blind) showed [4h Kh] and won ($32.84) with a full house, Fours full of Threes
Seat 6: Diamond999 (big blind) showed [Qd 9s] and lost with two pair, Fours and Threes


PokerStars Hand #149358675871:  Hold'em Limit ($3/$6 USD) - 2016/02/24 16:24:33 ET
Table 'Williams' 6-max Seat #6 is the button
Seat 2: Chessnok ($213.46 in chips)
Seat 6: Diamond999 ($22.67 in chips)
Diamond999: posts small blind $1
Chessnok: posts big blind $3
*** HOLE CARDS ***
Diamond999: calls $2
Chessnok: raises $3 to $6
Diamond999: calls $3
*** FLOP *** [As 3d 8s]
Chessnok: bets $3
Diamond999: folds
Uncalled bet ($3) returned to Chessnok
Chessnok collected $11.76 from pot
Chessnok: doesn't show hand
*** SUMMARY ***
Total pot $12 | Rake $0.24
Board [As 3d 8s]
Seat 2: Chessnok (big blind) collected ($11.76)
Seat 6: Diamond999 (button) (small blind) folded on the Flop


PokerStars Hand #149358649347:  Hold'em Limit ($3/$6 USD) - 2016/02/24 16:24:07 ET
Table 'Williams' 6-max Seat #2 is the button
Seat 2: Chessnok ($183.96 in chips)
Seat 6: Diamond999 ($52.67 in chips)
Chessnok: posts small blind $1
Diamond999: posts big blind $3
*** HOLE CARDS ***
Chessnok: raises $3 to $6
Diamond999: calls $3
*** FLOP *** [Js Qs Kh]
Diamond999: checks
Chessnok: bets $3
Diamond999: raises $3 to $6
Chessnok: calls $3
*** TURN *** [Js Qs Kh] [Tc]
Diamond999: bets $6
Chessnok: raises $6 to $12
Diamond999: raises $6 to $18
Chessnok: calls $6
*** RIVER *** [Js Qs Kh Tc] [Jh]
Diamond999: checks
Chessnok: checks
*** SHOW DOWN ***
Diamond999: shows [5s Ts] (two pair, Jacks and Tens)
Chessnok: shows [9c Jc] (a straight, Nine to King)
Chessnok collected $59.50 from pot
*** SUMMARY ***
Total pot $60 | Rake $0.50
Board [Js Qs Kh Tc Jh]
Seat 2: Chessnok (button) (small blind) showed [9c Jc] and won ($59.50) with a straight, Nine to King
Seat 6: Diamond999 (big blind) showed [5s Ts] and lost with two pair, Jacks and Tens


