PokerStars Hand #158833262698:  Hold'em Limit ($3/$6 USD) - 2016/09/19 18:35:41 ET
Table 'Wingolfia II' 10-max Seat #10 is the button
Seat 1: Zubasa07 ($500 in chips)
Seat 10: biemea ($120 in chips)
biemea: posts small blind $1
vestimokrec joins the table at seat #2
ToDaFelt joins the table at seat #3
Zubasa07: posts big blind $3
*** HOLE CARDS ***
biemea: calls $2
Zubasa07: checks
*** FLOP *** [Kd 8c 4c]
Zubasa07: bets $3
biemea: calls $3
*** TURN *** [Kd 8c 4c] [4d]
Zubasa07: bets $6
biemea: calls $6
*** RIVER *** [Kd 8c 4c 4d] [5s]
Zubasa07: bets $6
biemea: folds
Uncalled bet ($6) returned to Zubasa07
Zubasa07 collected $23.52 from pot
Zubasa07: doesn't show hand
*** SUMMARY ***
Total pot $24 | Rake $0.48
Board [Kd 8c 4c 4d 5s]
Seat 1: Zubasa07 (big blind) collected ($23.52)
Seat 10: biemea (button) (small blind) folded on the River


PokerStars Hand #158834456748:  Hold'em Limit ($3/$6 USD) - 2016/09/19 19:08:00 ET
Table 'Wingolfia II' 10-max Seat #1 is the button
Seat 1: TUBATAA ($60.42 in chips)
Seat 6: Bauzi07 ($102.98 in chips)
TUBATAA: posts small blind $1
Bauzi07: posts big blind $3
*** HOLE CARDS ***
TUBATAA: folds
Uncalled bet ($2) returned to Bauzi07
Bauzi07 collected $2 from pot
Bauzi07: doesn't show hand
*** SUMMARY ***
Total pot $2 | Rake $0
Seat 1: TUBATAA (button) (small blind) folded before Flop
Seat 6: Bauzi07 (big blind) collected ($2)


PokerStars Hand #158834446049:  Hold'em Limit ($3/$6 USD) - 2016/09/19 19:07:42 ET
Table 'Wingolfia II' 10-max Seat #6 is the button
Seat 1: TUBATAA ($45.92 in chips)
Seat 6: Bauzi07 ($117.98 in chips)
Bauzi07: posts small blind $1
TUBATAA: posts big blind $3
*** HOLE CARDS ***
Bauzi07: raises $3 to $6
TUBATAA: calls $3
*** FLOP *** [6h 4c 2s]
TUBATAA: checks
Bauzi07: bets $3
TUBATAA: calls $3
*** TURN *** [6h 4c 2s] [4s]
TUBATAA: checks
Bauzi07: bets $6
TUBATAA: calls $6
*** RIVER *** [6h 4c 2s 4s] [Ac]
TUBATAA: checks
Bauzi07: checks
*** SHOW DOWN ***
TUBATAA: shows [2h Jh] (two pair, Fours and Deuces)
Bauzi07: mucks hand
TUBATAA collected $29.50 from pot
*** SUMMARY ***
Total pot $30 | Rake $0.50
Board [6h 4c 2s 4s Ac]
Seat 1: TUBATAA (big blind) showed [2h Jh] and won ($29.50) with two pair, Fours and Deuces
Seat 6: Bauzi07 (button) (small blind) mucked


PokerStars Hand #158834442785:  Hold'em Limit ($3/$6 USD) - 2016/09/19 19:07:37 ET
Table 'Wingolfia II' 10-max Seat #1 is the button
Seat 1: TUBATAA ($46.92 in chips)
Seat 6: Bauzi07 ($116.98 in chips)
TUBATAA: posts small blind $1
Spades4Fun: is sitting out
Bauzi07: posts big blind $3
*** HOLE CARDS ***
TUBATAA: folds
Uncalled bet ($2) returned to Bauzi07
Spades4Fun leaves the table
Bauzi07 collected $2 from pot
Bauzi07: doesn't show hand
*** SUMMARY ***
Total pot $2 | Rake $0
Seat 1: TUBATAA (button) (small blind) folded before Flop
Seat 6: Bauzi07 (big blind) collected ($2)


PokerStars Hand #158834478982:  Hold'em Limit ($3/$6 USD) - 2016/09/19 19:08:36 ET
Table 'Wingolfia II' 10-max Seat #6 is the button
Seat 1: TUBATAA ($26.42 in chips)
Seat 6: Bauzi07 ($136.12 in chips)
Bauzi07: posts small blind $1
TUBATAA: posts big blind $3
*** HOLE CARDS ***
Bauzi07: raises $3 to $6
TUBATAA: calls $3
*** FLOP *** [4h 3d Td]
TUBATAA: checks
Bauzi07: bets $3
TUBATAA: calls $3
*** TURN *** [4h 3d Td] [Ad]
TUBATAA: checks
Bauzi07: bets $6
TUBATAA: calls $6
*** RIVER *** [4h 3d Td Ad] [4d]
TUBATAA: bets $6
Bauzi07: calls $6
*** SHOW DOWN ***
TUBATAA: shows [9d 7h] (a flush, Ace high)
Bauzi07: mucks hand
TUBATAA collected $41.50 from pot
*** SUMMARY ***
Total pot $42 | Rake $0.50
Board [4h 3d Td Ad 4d]
Seat 1: TUBATAA (big blind) showed [9d 7h] and won ($41.50) with a flush, Ace high
Seat 6: Bauzi07 (button) (small blind) mucked


PokerStars Hand #158834470182:  Hold'em Limit ($3/$6 USD) - 2016/09/19 19:08:22 ET
Table 'Wingolfia II' 10-max Seat #1 is the button
Seat 1: TUBATAA ($50.42 in chips)
Seat 6: Bauzi07 ($112.62 in chips)
TUBATAA: posts small blind $1
Bauzi07: posts big blind $3
*** HOLE CARDS ***
TUBATAA: raises $3 to $6
Bauzi07: raises $3 to $9
TUBATAA: calls $3
*** FLOP *** [Qh 9c Ks]
Bauzi07: bets $3
TUBATAA: calls $3
*** TURN *** [Qh 9c Ks] [4d]
Bauzi07: bets $6
TUBATAA: calls $6
*** RIVER *** [Qh 9c Ks 4d] [2s]
Bauzi07: bets $6
TUBATAA: calls $6
*** SHOW DOWN ***
Bauzi07: shows [Kh 8h] (a pair of Kings)
TUBATAA: mucks hand
Bauzi07 collected $47.50 from pot
*** SUMMARY ***
Total pot $48 | Rake $0.50
Board [Qh 9c Ks 4d 2s]
Seat 1: TUBATAA (button) (small blind) mucked
Seat 6: Bauzi07 (big blind) showed [Kh 8h] and won ($47.50) with a pair of Kings


PokerStars Hand #158834459550:  Hold'em Limit ($3/$6 USD) - 2016/09/19 19:08:04 ET
Table 'Wingolfia II' 10-max Seat #6 is the button
Seat 1: TUBATAA ($59.42 in chips)
Seat 6: Bauzi07 ($103.98 in chips)
Bauzi07: posts small blind $1
TUBATAA: posts big blind $3
*** HOLE CARDS ***
Bauzi07: raises $3 to $6
TUBATAA: calls $3
*** FLOP *** [Th Kd As]
TUBATAA: checks
Bauzi07: bets $3
TUBATAA: calls $3
*** TURN *** [Th Kd As] [Js]
TUBATAA: checks
Bauzi07: checks
*** RIVER *** [Th Kd As Js] [3h]
TUBATAA: checks
Bauzi07: checks
*** SHOW DOWN ***
TUBATAA: shows [7h 9h] (high card Ace)
Bauzi07: shows [Jd 7c] (a pair of Jacks)
Bauzi07 collected $17.64 from pot
*** SUMMARY ***
Total pot $18 | Rake $0.36
Board [Th Kd As Js 3h]
Seat 1: TUBATAA (big blind) showed [7h 9h] and lost with high card Ace
Seat 6: Bauzi07 (button) (small blind) showed [Jd 7c] and won ($17.64) with a pair of Jacks


PokerStars Hand #158834520257:  Hold'em Limit ($3/$6 USD) - 2016/09/19 19:09:44 ET
Table 'Wingolfia II' 10-max Seat #1 is the button
Seat 1: TUBATAA ($21.40 in chips)
Seat 6: Bauzi07 ($139.70 in chips)
TUBATAA: posts small blind $1
Bauzi07: posts big blind $3
*** HOLE CARDS ***
TUBATAA: raises $3 to $6
Bauzi07: raises $3 to $9
TUBATAA: calls $3
*** FLOP *** [5d Ac 3h]
Bauzi07: bets $3
TUBATAA: calls $3
*** TURN *** [5d Ac 3h] [2d]
Bauzi07: bets $6
TUBATAA: raises $3.40 to $9.40 and is all-in
Bauzi07: calls $3.40
*** RIVER *** [5d Ac 3h 2d] [8d]
*** SHOW DOWN ***
Bauzi07: shows [6h Kh] (high card Ace)
TUBATAA: shows [4c Kd] (a straight, Ace to Five)
TUBATAA collected $42.30 from pot
*** SUMMARY ***
Total pot $42.80 | Rake $0.50
Board [5d Ac 3h 2d 8d]
Seat 1: TUBATAA (button) (small blind) showed [4c Kd] and won ($42.30) with a straight, Ace to Five
Seat 6: Bauzi07 (big blind) showed [6h Kh] and lost with high card Ace


PokerStars Hand #158834517445:  Hold'em Limit ($3/$6 USD) - 2016/09/19 19:09:39 ET
Table 'Wingolfia II' 10-max Seat #6 is the button
Seat 1: TUBATAA ($20.40 in chips)
Seat 6: Bauzi07 ($140.70 in chips)
Bauzi07: posts small blind $1
TUBATAA: posts big blind $3
*** HOLE CARDS ***
Bauzi07: folds
Uncalled bet ($2) returned to TUBATAA
TUBATAA collected $2 from pot
TUBATAA: doesn't show hand
*** SUMMARY ***
Total pot $2 | Rake $0
Seat 1: TUBATAA (big blind) collected ($2)
Seat 6: Bauzi07 (button) (small blind) folded before Flop


PokerStars Hand #158834514456:  Hold'em Limit ($3/$6 USD) - 2016/09/19 19:09:35 ET
Table 'Wingolfia II' 10-max Seat #1 is the button
Seat 1: TUBATAA ($21.40 in chips)
Seat 6: Bauzi07 ($139.70 in chips)
TUBATAA: posts small blind $1
Bauzi07: posts big blind $3
*** HOLE CARDS ***
TUBATAA: folds
Uncalled bet ($2) returned to Bauzi07
Bauzi07 collected $2 from pot
Bauzi07: doesn't show hand
*** SUMMARY ***
Total pot $2 | Rake $0
Seat 1: TUBATAA (button) (small blind) folded before Flop
Seat 6: Bauzi07 (big blind) collected ($2)


PokerStars Hand #158834504942:  Hold'em Limit ($3/$6 USD) - 2016/09/19 19:09:19 ET
Table 'Wingolfia II' 10-max Seat #6 is the button
Seat 1: TUBATAA ($10.92 in chips)
Seat 6: Bauzi07 ($150.62 in chips)
Bauzi07: posts small blind $1
TUBATAA: posts big blind $3
*** HOLE CARDS ***
Bauzi07: raises $3 to $6
TUBATAA: raises $3 to $9
Bauzi07: calls $3
*** FLOP *** [9s Ts 6h]
TUBATAA: bets $1.92 and is all-in
Bauzi07: calls $1.92
*** TURN *** [9s Ts 6h] [2d]
*** RIVER *** [9s Ts 6h 2d] [2s]
*** SHOW DOWN ***
TUBATAA: shows [Ah Jc] (a pair of Deuces)
Bauzi07: shows [5d 3h] (a pair of Deuces - lower kicker)
TUBATAA collected $21.40 from pot
*** SUMMARY ***
Total pot $21.84 | Rake $0.44
Board [9s Ts 6h 2d 2s]
Seat 1: TUBATAA (big blind) showed [Ah Jc] and won ($21.40) with a pair of Deuces
Seat 6: Bauzi07 (button) (small blind) showed [5d 3h] and lost with a pair of Deuces


PokerStars Hand #158834494905:  Hold'em Limit ($3/$6 USD) - 2016/09/19 19:09:02 ET
Table 'Wingolfia II' 10-max Seat #1 is the button
Seat 1: TUBATAA ($46.92 in chips)
Seat 6: Bauzi07 ($115.12 in chips)
TUBATAA: posts small blind $1
Bauzi07: posts big blind $3
*** HOLE CARDS ***
TUBATAA: raises $3 to $6
Bauzi07: raises $3 to $9
TUBATAA: calls $3
*** FLOP *** [9h 7d 2s]
Bauzi07: bets $3
TUBATAA: calls $3
*** TURN *** [9h 7d 2s] [6h]
Bauzi07: bets $6
TUBATAA: raises $6 to $12
Bauzi07: raises $6 to $18
TUBATAA: calls $6
*** RIVER *** [9h 7d 2s 6h] [2h]
Bauzi07: bets $6
TUBATAA: calls $6
*** SHOW DOWN ***
Bauzi07: shows [7h Kh] (a flush, King high)
TUBATAA: mucks hand
Bauzi07 collected $71.50 from pot
*** SUMMARY ***
Total pot $72 | Rake $0.50
Board [9h 7d 2s 6h 2h]
Seat 1: TUBATAA (button) (small blind) mucked
Seat 6: Bauzi07 (big blind) showed [7h Kh] and won ($71.50) with a flush, King high


PokerStars Hand #158834541789:  Hold'em Limit ($3/$6 USD) - 2016/09/19 19:10:20 ET
Table 'Wingolfia II' 10-max Seat #1 is the button
Seat 1: TUBATAA ($62.80 in chips)
Seat 6: Bauzi07 ($97.30 in chips)
TUBATAA: posts small blind $1
Bauzi07: posts big blind $3
*** HOLE CARDS ***
TUBATAA: raises $3 to $6
Bauzi07: calls $3
*** FLOP *** [8d Ah 3s]
Bauzi07: checks
TUBATAA: checks
*** TURN *** [8d Ah 3s] [4h]
Bauzi07: checks
TUBATAA: bets $6
Bauzi07: calls $6
*** RIVER *** [8d Ah 3s 4h] [4s]
Bauzi07: checks
TUBATAA: checks
*** SHOW DOWN ***
Bauzi07: shows [Kc 6h] (a pair of Fours)
TUBATAA: mucks hand
Bauzi07 collected $23.52 from pot
*** SUMMARY ***
Total pot $24 | Rake $0.48
Board [8d Ah 3s 4h 4s]
Seat 1: TUBATAA (button) (small blind) mucked
Seat 6: Bauzi07 (big blind) showed [Kc 6h] and won ($23.52) with a pair of Fours


PokerStars Hand #158834530923:  Hold'em Limit ($3/$6 USD) - 2016/09/19 19:10:02 ET
Table 'Wingolfia II' 10-max Seat #6 is the button
Seat 1: TUBATAA ($42.30 in chips)
Seat 6: Bauzi07 ($118.30 in chips)
Bauzi07: posts small blind $1
TUBATAA: posts big blind $3
*** HOLE CARDS ***
Bauzi07: raises $3 to $6
TUBATAA: raises $3 to $9
Bauzi07: raises $3 to $12
Betting is capped
TUBATAA: calls $3
*** FLOP *** [7s Ad 3d]
TUBATAA: checks
Bauzi07: bets $3
TUBATAA: calls $3
*** TURN *** [7s Ad 3d] [6h]
TUBATAA: checks
Psynto joins the table at seat #7
Bauzi07: bets $6
TUBATAA: calls $6
*** RIVER *** [7s Ad 3d 6h] [Td]
TUBATAA: checks
Bauzi07: checks
*** SHOW DOWN ***
TUBATAA: shows [Qh Qd] (a pair of Queens)
Bauzi07: mucks hand
TUBATAA collected $41.50 from pot
*** SUMMARY ***
Total pot $42 | Rake $0.50
Board [7s Ad 3d 6h Td]
Seat 1: TUBATAA (big blind) showed [Qh Qd] and won ($41.50) with a pair of Queens
Seat 6: Bauzi07 (button) (small blind) mucked


PokerStars Hand #158834649381:  Hold'em Limit ($3/$6 USD) - 2016/09/19 19:13:22 ET
Table 'Wingolfia II' 10-max Seat #6 is the button
Seat 6: Bauzi07 ($196.13 in chips)
Seat 7: Psynto ($110.20 in chips)
Bauzi07: posts small blind $1
Psynto: posts big blind $3
*** HOLE CARDS ***
Bauzi07: folds
Uncalled bet ($2) returned to Psynto
Psynto collected $2 from pot
Psynto: doesn't show hand
*** SUMMARY ***
Total pot $2 | Rake $0
Seat 6: Bauzi07 (button) (small blind) folded before Flop
Seat 7: Psynto (big blind) collected ($2)


PokerStars Hand #158834652371:  Hold'em Limit ($3/$6 USD) - 2016/09/19 19:13:27 ET
Table 'Wingolfia II' 10-max Seat #7 is the button
Seat 6: Bauzi07 ($195.13 in chips)
Seat 7: Psynto ($111.20 in chips)
Psynto: posts small blind $1
Bauzi07: posts big blind $3
*** HOLE CARDS ***
Psynto: raises $3 to $6
TUBATAA leaves the table
Bauzi07: calls $3
*** FLOP *** [3h Qd 6h]
Bauzi07: checks
Psynto: bets $3
Bauzi07: folds
Uncalled bet ($3) returned to Psynto
Psynto collected $11.76 from pot
Psynto: doesn't show hand
*** SUMMARY ***
Total pot $12 | Rake $0.24
Board [3h Qd 6h]
Seat 6: Bauzi07 (big blind) folded on the Flop
Seat 7: Psynto (button) (small blind) collected ($11.76)


PokerStars Hand #158834657531:  Hold'em Limit ($3/$6 USD) - 2016/09/19 19:13:36 ET
Table 'Wingolfia II' 10-max Seat #6 is the button
Seat 6: Bauzi07 ($189.13 in chips)
Seat 7: Psynto ($116.96 in chips)
Bauzi07: posts small blind $1
Psynto: posts big blind $3
*** HOLE CARDS ***
Bauzi07: raises $3 to $6
Psynto: calls $3
*** FLOP *** [Ah 2c 3d]
Psynto: checks
Bauzi07: bets $3
Psynto: raises $3 to $6
Bauzi07: raises $3 to $9
Psynto: raises $3 to $12
Betting is capped
Bauzi07: calls $3
*** TURN *** [Ah 2c 3d] [3h]
Psynto: bets $6
Bauzi07: calls $6
*** RIVER *** [Ah 2c 3d 3h] [4h]
Psynto: bets $6
Bauzi07: raises $6 to $12
Psynto: calls $6
*** SHOW DOWN ***
Bauzi07: shows [5h Kc] (a straight, Ace to Five)
Psynto: shows [4c 5d] (a straight, Ace to Five)
Psynto collected $35.75 from pot
Bauzi07 collected $35.75 from pot
*** SUMMARY ***
Total pot $72 | Rake $0.50
Board [Ah 2c 3d 3h 4h]
Seat 6: Bauzi07 (button) (small blind) showed [5h Kc] and won ($35.75) with a straight, Ace to Five
Seat 7: Psynto (big blind) showed [4c 5d] and won ($35.75) with a straight, Ace to Five


PokerStars Hand #158834674027:  Hold'em Limit ($3/$6 USD) - 2016/09/19 19:14:06 ET
Table 'Wingolfia II' 10-max Seat #7 is the button
Seat 6: Bauzi07 ($188.88 in chips)
Seat 7: Psynto ($116.71 in chips)
Psynto: posts small blind $1
Bauzi07: posts big blind $3
*** HOLE CARDS ***
Psynto: raises $3 to $6
Bauzi07: raises $3 to $9
Psynto: calls $3
*** FLOP *** [Kc 3c 9d]
Bauzi07: bets $3
Psynto: folds
Uncalled bet ($3) returned to Bauzi07
Bauzi07 collected $17.64 from pot
Bauzi07: doesn't show hand
*** SUMMARY ***
Total pot $18 | Rake $0.36
Board [Kc 3c 9d]
Seat 6: Bauzi07 (big blind) collected ($17.64)
Seat 7: Psynto (button) (small blind) folded on the Flop


PokerStars Hand #158834681467:  Hold'em Limit ($3/$6 USD) - 2016/09/19 19:14:19 ET
Table 'Wingolfia II' 10-max Seat #6 is the button
Seat 6: Bauzi07 ($197.52 in chips)
Seat 7: Psynto ($107.71 in chips)
Bauzi07: posts small blind $1
Psynto: posts big blind $3
*** HOLE CARDS ***
Bauzi07: raises $3 to $6
Psynto: calls $3
*** FLOP *** [5c 4s Td]
Psynto: checks
Bauzi07: checks
*** TURN *** [5c 4s Td] [6s]
Psynto: checks
Bauzi07: checks
*** RIVER *** [5c 4s Td 6s] [Kd]
Psynto: checks
Bauzi07: bets $6
Psynto: folds
Uncalled bet ($6) returned to Bauzi07
Bauzi07 collected $11.76 from pot
Bauzi07: doesn't show hand
*** SUMMARY ***
Total pot $12 | Rake $0.24
Board [5c 4s Td 6s Kd]
Seat 6: Bauzi07 (button) (small blind) collected ($11.76)
Seat 7: Psynto (big blind) folded on the River


PokerStars Hand #158834700137:  Hold'em Limit ($3/$6 USD) - 2016/09/19 19:14:50 ET
Table 'Wingolfia II' 10-max Seat #6 is the button
Seat 6: Bauzi07 ($211.92 in chips)
Seat 7: Psynto ($92.71 in chips)
Bauzi07: posts small blind $1
Psynto: posts big blind $3
*** HOLE CARDS ***
Bauzi07: raises $3 to $6
Psynto: folds
Uncalled bet ($3) returned to Bauzi07
Bauzi07 collected $6 from pot
Bauzi07: doesn't show hand
*** SUMMARY ***
Total pot $6 | Rake $0
Seat 6: Bauzi07 (button) (small blind) collected ($6)
Seat 7: Psynto (big blind) folded before Flop


PokerStars Hand #158834691277:  Hold'em Limit ($3/$6 USD) - 2016/09/19 19:14:36 ET
Table 'Wingolfia II' 10-max Seat #7 is the button
Seat 6: Bauzi07 ($203.28 in chips)
Seat 7: Psynto ($101.71 in chips)
Psynto: posts small blind $1
Bauzi07: posts big blind $3
*** HOLE CARDS ***
Psynto: raises $3 to $6
Bauzi07: calls $3
*** FLOP *** [5h 6s Jd]
Bauzi07: bets $3
Psynto: calls $3
*** TURN *** [5h 6s Jd] [Jc]
Bauzi07: bets $6
Psynto: folds
Uncalled bet ($6) returned to Bauzi07
Bauzi07 collected $17.64 from pot
Bauzi07: doesn't show hand
*** SUMMARY ***
Total pot $18 | Rake $0.36
Board [5h 6s Jd Jc]
Seat 6: Bauzi07 (big blind) collected ($17.64)
Seat 7: Psynto (button) (small blind) folded on the Turn


PokerStars Hand #158834703246:  Hold'em Limit ($3/$6 USD) - 2016/09/19 19:14:56 ET
Table 'Wingolfia II' 10-max Seat #7 is the button
Seat 6: Bauzi07 ($214.92 in chips)
Seat 7: Psynto ($89.71 in chips)
Psynto: posts small blind $1
Bauzi07: posts big blind $3
*** HOLE CARDS ***
Psynto: raises $3 to $6
Bauzi07: calls $3
*** FLOP *** [Qc Qs 5s]
Bauzi07: checks
Psynto: bets $3
Bauzi07: raises $3 to $6
Psynto: calls $3
*** TURN *** [Qc Qs 5s] [4h]
Bauzi07: bets $6
Psynto: folds
Uncalled bet ($6) returned to Bauzi07
Bauzi07 collected $23.52 from pot
Bauzi07: doesn't show hand
*** SUMMARY ***
Total pot $24 | Rake $0.48
Board [Qc Qs 5s 4h]
Seat 6: Bauzi07 (big blind) collected ($23.52)
Seat 7: Psynto (button) (small blind) folded on the Turn


PokerStars Hand #158834718841:  Hold'em Limit ($3/$6 USD) - 2016/09/19 19:15:22 ET
Table 'Wingolfia II' 10-max Seat #7 is the button
Seat 6: Bauzi07 ($243.94 in chips)
Seat 7: Psynto ($72 in chips)
Psynto: posts small blind $1
Bauzi07: posts big blind $3
*** HOLE CARDS ***
Psynto: raises $3 to $6
Bauzi07: folds
Uncalled bet ($3) returned to Psynto
Psynto collected $6 from pot
Psynto: doesn't show hand
*** SUMMARY ***
Total pot $6 | Rake $0
Seat 6: Bauzi07 (big blind) folded before Flop
Seat 7: Psynto (button) (small blind) collected ($6)


PokerStars Hand #158834710577:  Hold'em Limit ($3/$6 USD) - 2016/09/19 19:15:08 ET
Table 'Wingolfia II' 10-max Seat #6 is the button
Seat 6: Bauzi07 ($226.44 in chips)
Seat 7: Psynto ($77.71 in chips)
Bauzi07: posts small blind $1
Psynto: posts big blind $3
*** HOLE CARDS ***
Bauzi07: raises $3 to $6
Psynto: calls $3
*** FLOP *** [3h 2s 6d]
Psynto: checks
Bauzi07: bets $3
Psynto: raises $3 to $6
Bauzi07: calls $3
*** TURN *** [3h 2s 6d] [As]
Psynto: bets $6
Bauzi07: calls $6
*** RIVER *** [3h 2s 6d As] [Jd]
Psynto: checks
Bauzi07: checks
*** SHOW DOWN ***
Psynto: shows [Qd 5s] (high card Ace)
Bauzi07: shows [Tc 2d] (a pair of Deuces)
Bauzi07 collected $35.50 from pot
*** SUMMARY ***
Total pot $36 | Rake $0.50
Board [3h 2s 6d As Jd]
Seat 6: Bauzi07 (button) (small blind) showed [Tc 2d] and won ($35.50) with a pair of Deuces
Seat 7: Psynto (big blind) showed [Qd 5s] and lost with high card Ace


PokerStars Hand #158834721882:  Hold'em Limit ($3/$6 USD) - 2016/09/19 19:15:27 ET
Table 'Wingolfia II' 10-max Seat #6 is the button
Seat 6: Bauzi07 ($240.94 in chips)
Seat 7: Psynto ($75 in chips)
Bauzi07: posts small blind $1
Psynto: posts big blind $3
*** HOLE CARDS ***
Bauzi07: raises $3 to $6
Psynto: calls $3
*** FLOP *** [Qs 4c 7h]
Psynto: checks
Bauzi07: checks
*** TURN *** [Qs 4c 7h] [6s]
Psynto: checks
Bauzi07: checks
*** RIVER *** [Qs 4c 7h 6s] [8d]
Psynto: checks
Bauzi07: checks
*** SHOW DOWN ***
Psynto: shows [Kc 2d] (high card King)
Bauzi07: mucks hand
Psynto collected $11.76 from pot
*** SUMMARY ***
Total pot $12 | Rake $0.24
Board [Qs 4c 7h 6s 8d]
Seat 6: Bauzi07 (button) (small blind) mucked
Seat 7: Psynto (big blind) showed [Kc 2d] and won ($11.76) with high card King


PokerStars Hand #158834731924:  Hold'em Limit ($3/$6 USD) - 2016/09/19 19:15:45 ET
Table 'Wingolfia II' 10-max Seat #7 is the button
Seat 6: Bauzi07 ($234.94 in chips)
Seat 7: Psynto ($80.76 in chips)
Psynto: posts small blind $1
Bauzi07: posts big blind $3
*** HOLE CARDS ***
Psynto: raises $3 to $6
Bauzi07: calls $3
*** FLOP *** [4c 7h Tc]
Bauzi07: checks
Psynto: bets $3
Bauzi07: calls $3
*** TURN *** [4c 7h Tc] [2d]
Bauzi07: checks
Psynto: checks
*** RIVER *** [4c 7h Tc 2d] [5c]
Bauzi07: checks
Psynto: bets $6
Bauzi07: calls $6
*** SHOW DOWN ***
Psynto: shows [4s Qd] (a pair of Fours)
Bauzi07: mucks hand
Psynto collected $29.50 from pot
*** SUMMARY ***
Total pot $30 | Rake $0.50
Board [4c 7h Tc 2d 5c]
Seat 6: Bauzi07 (big blind) mucked
Seat 7: Psynto (button) (small blind) showed [4s Qd] and won ($29.50) with a pair of Fours


PokerStars Hand #158834745660:  Hold'em Limit ($3/$6 USD) - 2016/09/19 19:16:08 ET
Table 'Wingolfia II' 10-max Seat #6 is the button
Seat 6: Bauzi07 ($219.94 in chips)
Seat 7: Psynto ($95.26 in chips)
Bauzi07: posts small blind $1
Psynto: posts big blind $3
*** HOLE CARDS ***
Bauzi07: raises $3 to $6
Psynto: calls $3
*** FLOP *** [8d Js 7s]
Psynto: checks
Bauzi07: bets $3
Psynto: folds
Uncalled bet ($3) returned to Bauzi07
Bauzi07 collected $11.76 from pot
Bauzi07: doesn't show hand
*** SUMMARY ***
Total pot $12 | Rake $0.24
Board [8d Js 7s]
Seat 6: Bauzi07 (button) (small blind) collected ($11.76)
Seat 7: Psynto (big blind) folded on the Flop


PokerStars Hand #158834753298:  Hold'em Limit ($3/$6 USD) - 2016/09/19 19:16:21 ET
Table 'Wingolfia II' 10-max Seat #7 is the button
Seat 6: Bauzi07 ($225.70 in chips)
Seat 7: Psynto ($89.26 in chips)
Psynto: posts small blind $1
Bauzi07: posts big blind $3
*** HOLE CARDS ***
Psynto: raises $3 to $6
Bauzi07: calls $3
*** FLOP *** [Tc 9h 7c]
Bauzi07: bets $3
Psynto: raises $3 to $6
Bauzi07: calls $3
*** TURN *** [Tc 9h 7c] [Qc]
Bauzi07: bets $6
Psynto: raises $6 to $12
Bauzi07: calls $6
*** RIVER *** [Tc 9h 7c Qc] [2d]
Bauzi07: checks
Psynto: checks
*** SHOW DOWN ***
Bauzi07: shows [6h 4c] (high card Queen)
Psynto: shows [Th 8h] (a pair of Tens)
Psynto collected $47.50 from pot
*** SUMMARY ***
Total pot $48 | Rake $0.50
Board [Tc 9h 7c Qc 2d]
Seat 6: Bauzi07 (big blind) showed [6h 4c] and lost with high card Queen
Seat 7: Psynto (button) (small blind) showed [Th 8h] and won ($47.50) with a pair of Tens


PokerStars Hand #158834771914:  Hold'em Limit ($3/$6 USD) - 2016/09/19 19:16:45 ET
Table 'Wingolfia II' 10-max Seat #6 is the button
Seat 6: Bauzi07 ($201.70 in chips)
Seat 7: Psynto ($112.76 in chips)
Bauzi07: posts small blind $1
Psynto: posts big blind $3
*** HOLE CARDS ***
Bauzi07: raises $3 to $6
Psynto: calls $3
*** FLOP *** [Jd 9c 2c]
Psynto: checks
Bauzi07: bets $3
Psynto: raises $3 to $6
Bauzi07: calls $3
*** TURN *** [Jd 9c 2c] [Jc]
Psynto: bets $6
Bauzi07: raises $6 to $12
Psynto: calls $6
*** RIVER *** [Jd 9c 2c Jc] [3h]
Psynto: checks
Bauzi07: bets $6
Psynto: calls $6
*** SHOW DOWN ***
Bauzi07: shows [Tc Ts] (two pair, Jacks and Tens)
Psynto: mucks hand
Bauzi07 collected $59.50 from pot
*** SUMMARY ***
Total pot $60 | Rake $0.50
Board [Jd 9c 2c Jc 3h]
Seat 6: Bauzi07 (button) (small blind) showed [Tc Ts] and won ($59.50) with two pair, Jacks and Tens
Seat 7: Psynto (big blind) mucked


PokerStars Hand #158834787638:  Hold'em Limit ($3/$6 USD) - 2016/09/19 19:17:12 ET
Table 'Wingolfia II' 10-max Seat #6 is the button
Seat 6: Bauzi07 ($239.84 in chips)
Seat 7: Psynto ($73.76 in chips)
Bauzi07: posts small blind $1
Psynto: posts big blind $3
*** HOLE CARDS ***
Bauzi07: raises $3 to $6
Psynto: folds
Uncalled bet ($3) returned to Bauzi07
Bauzi07 collected $6 from pot
Bauzi07: doesn't show hand
*** SUMMARY ***
Total pot $6 | Rake $0
Seat 6: Bauzi07 (button) (small blind) collected ($6)
Seat 7: Psynto (big blind) folded before Flop


PokerStars Hand #158834783112:  Hold'em Limit ($3/$6 USD) - 2016/09/19 19:17:05 ET
Table 'Wingolfia II' 10-max Seat #7 is the button
Seat 6: Bauzi07 ($231.20 in chips)
Seat 7: Psynto ($82.76 in chips)
Psynto: posts small blind $1
Bauzi07: posts big blind $3
*** HOLE CARDS ***
Psynto: raises $3 to $6
Bauzi07: raises $3 to $9
Psynto: calls $3
*** FLOP *** [7h 9s Th]
Bauzi07: bets $3
Psynto: folds
Uncalled bet ($3) returned to Bauzi07
Bauzi07 collected $17.64 from pot
Bauzi07: doesn't show hand
*** SUMMARY ***
Total pot $18 | Rake $0.36
Board [7h 9s Th]
Seat 6: Bauzi07 (big blind) collected ($17.64)
Seat 7: Psynto (button) (small blind) folded on the Flop


PokerStars Hand #158834790090:  Hold'em Limit ($3/$6 USD) - 2016/09/19 19:17:17 ET
Table 'Wingolfia II' 10-max Seat #7 is the button
Seat 6: Bauzi07 ($242.84 in chips)
Seat 7: Psynto ($72 in chips)
Psynto: posts small blind $1
Bauzi07: posts big blind $3
*** HOLE CARDS ***
Psynto: raises $3 to $6
Bauzi07: calls $3
*** FLOP *** [Jc 6c Kh]
Bauzi07: checks
Psynto: bets $3
Bauzi07: calls $3
*** TURN *** [Jc 6c Kh] [5s]
Bauzi07: checks
Psynto: bets $6
Bauzi07: calls $6
*** RIVER *** [Jc 6c Kh 5s] [Qs]
Bauzi07: checks
Psynto: checks
*** SHOW DOWN ***
Bauzi07: shows [3s 6s] (a pair of Sixes)
Psynto: shows [7h 6h] (a pair of Sixes)
Bauzi07 collected $14.75 from pot
Psynto collected $14.75 from pot
*** SUMMARY ***
Total pot $30 | Rake $0.50
Board [Jc 6c Kh 5s Qs]
Seat 6: Bauzi07 (big blind) showed [3s 6s] and won ($14.75) with a pair of Sixes
Seat 7: Psynto (button) (small blind) showed [7h 6h] and won ($14.75) with a pair of Sixes


PokerStars Hand #158834797900:  Hold'em Limit ($3/$6 USD) - 2016/09/19 19:17:30 ET
Table 'Wingolfia II' 10-max Seat #6 is the button
Seat 6: Bauzi07 ($242.59 in chips)
Seat 7: Psynto ($72 in chips)
Bauzi07: posts small blind $1
Psynto: posts big blind $3
*** HOLE CARDS ***
Bauzi07: raises $3 to $6
Psynto: calls $3
*** FLOP *** [8s Td 2d]
Psynto: checks
Bauzi07: checks
*** TURN *** [8s Td 2d] [9d]
Psynto: bets $6
Bauzi07: calls $6
*** RIVER *** [8s Td 2d 9d] [2h]
Psynto: bets $6
Bauzi07: folds
Uncalled bet ($6) returned to Psynto
Psynto collected $23.52 from pot
Psynto: doesn't show hand
*** SUMMARY ***
Total pot $24 | Rake $0.48
Board [8s Td 2d 9d 2h]
Seat 6: Bauzi07 (button) (small blind) folded on the River
Seat 7: Psynto (big blind) collected ($23.52)


PokerStars Hand #158834806621:  Hold'em Limit ($3/$6 USD) - 2016/09/19 19:17:45 ET
Table 'Wingolfia II' 10-max Seat #7 is the button
Seat 6: Bauzi07 ($230.59 in chips)
Seat 7: Psynto ($83.52 in chips)
Psynto: posts small blind $1
Bauzi07: posts big blind $3
*** HOLE CARDS ***
Psynto: raises $3 to $6
Bauzi07: folds
Uncalled bet ($3) returned to Psynto
Psynto collected $6 from pot
Psynto: doesn't show hand
*** SUMMARY ***
Total pot $6 | Rake $0
Seat 6: Bauzi07 (big blind) folded before Flop
Seat 7: Psynto (button) (small blind) collected ($6)


PokerStars Hand #158834811952:  Hold'em Limit ($3/$6 USD) - 2016/09/19 19:17:54 ET
Table 'Wingolfia II' 10-max Seat #6 is the button
Seat 6: Bauzi07 ($227.59 in chips)
Seat 7: Psynto ($86.52 in chips)
Bauzi07: posts small blind $1
Psynto: posts big blind $3
*** HOLE CARDS ***
Bauzi07: raises $3 to $6
Psynto: raises $3 to $9
Bauzi07: calls $3
*** FLOP *** [4c 2c Tc]
Psynto: bets $3
Bauzi07: calls $3
*** TURN *** [4c 2c Tc] [9d]
Psynto: bets $6
Bauzi07: calls $6
*** RIVER *** [4c 2c Tc 9d] [5d]
Psynto: checks
Bauzi07: bets $6
Psynto: calls $6
*** SHOW DOWN ***
Bauzi07: shows [6d 7h] (high card Ten)
Psynto: shows [Js Ac] (high card Ace)
Psynto collected $47.50 from pot
*** SUMMARY ***
Total pot $48 | Rake $0.50
Board [4c 2c Tc 9d 5d]
Seat 6: Bauzi07 (button) (small blind) showed [6d 7h] and lost with high card Ten
Seat 7: Psynto (big blind) showed [Js Ac] and won ($47.50) with high card Ace


PokerStars Hand #158834823282:  Hold'em Limit ($3/$6 USD) - 2016/09/19 19:18:14 ET
Table 'Wingolfia II' 10-max Seat #7 is the button
Seat 6: Bauzi07 ($203.59 in chips)
Seat 7: Psynto ($110.02 in chips)
Psynto: posts small blind $1
Bauzi07: posts big blind $3
*** HOLE CARDS ***
Psynto: raises $3 to $6
Bauzi07: raises $3 to $9
Psynto: calls $3
*** FLOP *** [Ah As Kh]
Bauzi07: bets $3
Psynto: calls $3
*** TURN *** [Ah As Kh] [Ts]
Bauzi07: checks
Psynto: bets $6
Bauzi07: calls $6
*** RIVER *** [Ah As Kh Ts] [Qs]
Bauzi07: bets $6
Psynto: raises $6 to $12
Bauzi07: calls $6
*** SHOW DOWN ***
Psynto: shows [4d Jc] (a straight, Ten to Ace)
Bauzi07: mucks hand
Psynto collected $59.50 from pot
*** SUMMARY ***
Total pot $60 | Rake $0.50
Board [Ah As Kh Ts Qs]
Seat 6: Bauzi07 (big blind) mucked
Seat 7: Psynto (button) (small blind) showed [4d Jc] and won ($59.50) with a straight, Ten to Ace


PokerStars Hand #158834835347:  Hold'em Limit ($3/$6 USD) - 2016/09/19 19:18:35 ET
Table 'Wingolfia II' 10-max Seat #6 is the button
Seat 6: Bauzi07 ($173.59 in chips)
Seat 7: Psynto ($139.52 in chips)
Bauzi07: posts small blind $1
Psynto: posts big blind $3
*** HOLE CARDS ***
Bauzi07: raises $3 to $6
Psynto: folds
Uncalled bet ($3) returned to Bauzi07
Bauzi07 collected $6 from pot
Bauzi07: doesn't show hand
*** SUMMARY ***
Total pot $6 | Rake $0
Seat 6: Bauzi07 (button) (small blind) collected ($6)
Seat 7: Psynto (big blind) folded before Flop


PokerStars Hand #158834839989:  Hold'em Limit ($3/$6 USD) - 2016/09/19 19:18:43 ET
Table 'Wingolfia II' 10-max Seat #7 is the button
Seat 6: Bauzi07 ($176.59 in chips)
Seat 7: Psynto ($136.52 in chips)
Psynto: posts small blind $1
Bauzi07: posts big blind $3
*** HOLE CARDS ***
Psynto: raises $3 to $6
Bauzi07: raises $3 to $9
Psynto: calls $3
*** FLOP *** [Ts Td 2h]
Bauzi07: bets $3
Psynto: raises $3 to $6
Bauzi07: calls $3
*** TURN *** [Ts Td 2h] [3d]
Bauzi07: checks
Psynto: bets $6
Bauzi07: folds
Uncalled bet ($6) returned to Psynto
Psynto collected $29.50 from pot
Psynto: doesn't show hand
*** SUMMARY ***
Total pot $30 | Rake $0.50
Board [Ts Td 2h 3d]
Seat 6: Bauzi07 (big blind) folded on the Turn
Seat 7: Psynto (button) (small blind) collected ($29.50)


PokerStars Hand #158834849686:  Hold'em Limit ($3/$6 USD) - 2016/09/19 19:19:00 ET
Table 'Wingolfia II' 10-max Seat #7 is the button
Seat 6: Bauzi07 ($160.59 in chips)
Seat 7: Psynto ($152.02 in chips)
Psynto: posts small blind $1
Bauzi07: posts big blind $3
*** HOLE CARDS ***
Psynto: raises $3 to $6
Bauzi07: folds
Uncalled bet ($3) returned to Psynto
Psynto collected $6 from pot
Psynto: doesn't show hand
*** SUMMARY ***
Total pot $6 | Rake $0
Seat 6: Bauzi07 (big blind) folded before Flop
Seat 7: Psynto (button) (small blind) collected ($6)


PokerStars Hand #158834847047:  Hold'em Limit ($3/$6 USD) - 2016/09/19 19:18:55 ET
Table 'Wingolfia II' 10-max Seat #6 is the button
Seat 6: Bauzi07 ($161.59 in chips)
Seat 7: Psynto ($151.02 in chips)
Bauzi07: posts small blind $1
Psynto: posts big blind $3
*** HOLE CARDS ***
Bauzi07: folds
Uncalled bet ($2) returned to Psynto
Psynto collected $2 from pot
Psynto: doesn't show hand
*** SUMMARY ***
Total pot $2 | Rake $0
Seat 6: Bauzi07 (button) (small blind) folded before Flop
Seat 7: Psynto (big blind) collected ($2)


PokerStars Hand #158834852912:  Hold'em Limit ($3/$6 USD) - 2016/09/19 19:19:05 ET
Table 'Wingolfia II' 10-max Seat #6 is the button
Seat 6: Bauzi07 ($157.59 in chips)
Seat 7: Psynto ($155.02 in chips)
Bauzi07: posts small blind $1
Psynto: posts big blind $3
*** HOLE CARDS ***
Bauzi07: raises $3 to $6
Psynto: calls $3
*** FLOP *** [Ks 3c 6h]
Psynto: checks
Bauzi07: bets $3
Psynto: folds
Uncalled bet ($3) returned to Bauzi07
Bauzi07 collected $11.76 from pot
Bauzi07: doesn't show hand
*** SUMMARY ***
Total pot $12 | Rake $0.24
Board [Ks 3c 6h]
Seat 6: Bauzi07 (button) (small blind) collected ($11.76)
Seat 7: Psynto (big blind) folded on the Flop


PokerStars Hand #158834856851:  Hold'em Limit ($3/$6 USD) - 2016/09/19 19:19:12 ET
Table 'Wingolfia II' 10-max Seat #7 is the button
Seat 6: Bauzi07 ($163.35 in chips)
Seat 7: Psynto ($149.02 in chips)
Psynto: posts small blind $1
Bauzi07: posts big blind $3
*** HOLE CARDS ***
Psynto: raises $3 to $6
Bauzi07: raises $3 to $9
Psynto: calls $3
*** FLOP *** [5c 4c Ks]
Bauzi07: bets $3
Psynto: calls $3
*** TURN *** [5c 4c Ks] [5s]
Bauzi07: bets $6
Psynto: folds
Uncalled bet ($6) returned to Bauzi07
Bauzi07 collected $23.52 from pot
Bauzi07: doesn't show hand
*** SUMMARY ***
Total pot $24 | Rake $0.48
Board [5c 4c Ks 5s]
Seat 6: Bauzi07 (big blind) collected ($23.52)
Seat 7: Psynto (button) (small blind) folded on the Turn


PokerStars Hand #158834866533:  Hold'em Limit ($3/$6 USD) - 2016/09/19 19:19:29 ET
Table 'Wingolfia II' 10-max Seat #7 is the button
Seat 6: Bauzi07 ($180.63 in chips)
Seat 7: Psynto ($131.02 in chips)
Psynto: posts small blind $1
Bauzi07: posts big blind $3
*** HOLE CARDS ***
biemea joins the table at seat #1
Psynto: raises $3 to $6
Bauzi07: calls $3
*** FLOP *** [Ks Ad Kd]
Bauzi07: checks
Psynto: bets $3
Bauzi07: folds
Uncalled bet ($3) returned to Psynto
Psynto collected $11.76 from pot
Psynto: doesn't show hand
*** SUMMARY ***
Total pot $12 | Rake $0.24
Board [Ks Ad Kd]
Seat 6: Bauzi07 (big blind) folded on the Flop
Seat 7: Psynto (button) (small blind) collected ($11.76)


PokerStars Hand #158834862360:  Hold'em Limit ($3/$6 USD) - 2016/09/19 19:19:22 ET
Table 'Wingolfia II' 10-max Seat #6 is the button
Seat 6: Bauzi07 ($174.87 in chips)
Seat 7: Psynto ($137.02 in chips)
Bauzi07: posts small blind $1
Psynto: posts big blind $3
*** HOLE CARDS ***
Bauzi07: raises $3 to $6
Psynto: calls $3
*** FLOP *** [5h Qd Jh]
Psynto: checks
Bauzi07: bets $3
Psynto: folds
Uncalled bet ($3) returned to Bauzi07
Bauzi07 collected $11.76 from pot
Bauzi07: doesn't show hand
*** SUMMARY ***
Total pot $12 | Rake $0.24
Board [5h Qd Jh]
Seat 6: Bauzi07 (button) (small blind) collected ($11.76)
Seat 7: Psynto (big blind) folded on the Flop


PokerStars Hand #158834871418:  Hold'em Limit ($3/$6 USD) - 2016/09/19 19:19:37 ET
Table 'Wingolfia II' 10-max Seat #6 is the button
Seat 6: Bauzi07 ($174.63 in chips)
Seat 7: Psynto ($136.78 in chips)
Bauzi07: posts small blind $1
Psynto: posts big blind $3
*** HOLE CARDS ***
Bauzi07: raises $3 to $6
Psynto: calls $3
*** FLOP *** [Kh Qh 6h]
Psynto: checks
Bauzi07: bets $3
Psynto: folds
Uncalled bet ($3) returned to Bauzi07
Bauzi07 collected $11.76 from pot
Bauzi07: doesn't show hand
*** SUMMARY ***
Total pot $12 | Rake $0.24
Board [Kh Qh 6h]
Seat 6: Bauzi07 (button) (small blind) collected ($11.76)
Seat 7: Psynto (big blind) folded on the Flop


PokerStars Hand #158835340380:  Hold'em Limit ($3/$6 USD) - 2016/09/19 19:33:24 ET
Table 'Wingolfia II' 10-max Seat #2 is the button
Seat 2: belik555 ($205.30 in chips)
Seat 6: Bauzi07 ($268.17 in chips)
belik555: posts small blind $1
Bauzi07: posts big blind $3
*** HOLE CARDS ***
belik555: raises $3 to $6
Bauzi07: raises $3 to $9
belik555: calls $3
*** FLOP *** [Kd 7c 7s]
Bauzi07: bets $3
belik555: calls $3
*** TURN *** [Kd 7c 7s] [Qd]
Bauzi07: bets $6
belik555: calls $6
*** RIVER *** [Kd 7c 7s Qd] [3c]
Bauzi07: bets $6
belik555: calls $6
*** SHOW DOWN ***
Bauzi07: shows [Ah 4s] (a pair of Sevens)
belik555: shows [4c As] (a pair of Sevens)
Bauzi07 collected $23.75 from pot
belik555 collected $23.75 from pot
*** SUMMARY ***
Total pot $48 | Rake $0.50
Board [Kd 7c 7s Qd 3c]
Seat 2: belik555 (button) (small blind) showed [4c As] and won ($23.75) with a pair of Sevens
Seat 6: Bauzi07 (big blind) showed [Ah 4s] and won ($23.75) with a pair of Sevens


PokerStars Hand #158835325719:  Hold'em Limit ($3/$6 USD) - 2016/09/19 19:32:57 ET
Table 'Wingolfia II' 10-max Seat #6 is the button
Seat 2: belik555 ($214.30 in chips)
Seat 6: Bauzi07 ($259.53 in chips)
Bauzi07: posts small blind $1
belik555: posts big blind $3
*** HOLE CARDS ***
Bauzi07: raises $3 to $6
belik555: calls $3
*** FLOP *** [5d Ad 6d]
belik555: checks
Bauzi07: bets $3
belik555: calls $3
*** TURN *** [5d Ad 6d] [4d]
belik555: checks
Bauzi07: checks
*** RIVER *** [5d Ad 6d 4d] [4s]
belik555: checks
Bauzi07: checks
*** SHOW DOWN ***
belik555: shows [9s 8c] (a pair of Fours)
Bauzi07: shows [Ts 7c] (a pair of Fours - Ace+Ten kicker)
Bauzi07 collected $17.64 from pot
*** SUMMARY ***
Total pot $18 | Rake $0.36
Board [5d Ad 6d 4d 4s]
Seat 2: belik555 (big blind) showed [9s 8c] and lost with a pair of Fours
Seat 6: Bauzi07 (button) (small blind) showed [Ts 7c] and won ($17.64) with a pair of Fours


PokerStars Hand #158835352232:  Hold'em Limit ($3/$6 USD) - 2016/09/19 19:33:46 ET
Table 'Wingolfia II' 10-max Seat #6 is the button
Seat 2: belik555 ($205.05 in chips)
Seat 6: Bauzi07 ($267.92 in chips)
Bauzi07: posts small blind $1
belik555: posts big blind $3
*** HOLE CARDS ***
Bauzi07: raises $3 to $6
belik555: calls $3
*** FLOP *** [4s Ks Ah]
belik555: checks
Bauzi07: bets $3
belik555: calls $3
*** TURN *** [4s Ks Ah] [7c]
belik555: checks
Bauzi07: bets $6
filemon_swe joins the table at seat #5
belik555: calls $6
*** RIVER *** [4s Ks Ah 7c] [5h]
belik555: checks
Bauzi07: bets $6
belik555: calls $6
*** SHOW DOWN ***
Bauzi07: shows [6c Ad] (a pair of Aces)
belik555: mucks hand
Bauzi07 collected $41.50 from pot
*** SUMMARY ***
Total pot $42 | Rake $0.50
Board [4s Ks Ah 7c 5h]
Seat 2: belik555 (big blind) mucked
Seat 6: Bauzi07 (button) (small blind) showed [6c Ad] and won ($41.50) with a pair of Aces


