PokerStars Hand #175548295583:  Hold'em Limit ($3/$6 USD) - 2017/09/12 11:10:20 ET
Table 'Winifred' 6-max Seat #3 is the button
Seat 2: andyrr ($99 in chips)
Seat 3: mytuter ($55 in chips)
mytuter: posts small blind $1
andyrr: posts big blind $3
*** HOLE CARDS ***
mytuter: raises $3 to $6
andyrr: raises $3 to $9
mytuter: calls $3
*** FLOP *** [5d 8h 6s]
andyrr: bets $3
mytuter: raises $3 to $6
andyrr: raises $3 to $9
mytuter: calls $3
*** TURN *** [5d 8h 6s] [3s]
andyrr: bets $6
mytuter: calls $6
*** RIVER *** [5d 8h 6s 3s] [Qh]
andyrr: bets $6
mytuter: folds
Uncalled bet ($6) returned to andyrr
andyrr collected $47.50 from pot
*** SUMMARY ***
Total pot $48 | Rake $0.50
Board [5d 8h 6s 3s Qh]
Seat 2: andyrr (big blind) collected ($47.50)
Seat 3: mytuter (button) (small blind) folded on the River


PokerStars Hand #175548292523:  Hold'em Limit ($3/$6 USD) - 2017/09/12 11:10:15 ET
Table 'Winifred' 6-max Seat #2 is the button
Seat 2: andyrr ($100 in chips)
Seat 3: mytuter ($54 in chips)
andyrr: posts small blind $1
mytuter: posts big blind $3
*** HOLE CARDS ***
vestimokrec joins the table at seat #4
andyrr: folds
Uncalled bet ($2) returned to mytuter
mytuter collected $2 from pot
mytuter: doesn't show hand
*** SUMMARY ***
Total pot $2 | Rake $0
Seat 2: andyrr (button) (small blind) folded before Flop
Seat 3: mytuter (big blind) collected ($2)


PokerStars Hand #175548336701:  Hold'em Limit ($3/$6 USD) - 2017/09/12 11:11:30 ET
Table 'Winifred' 6-max Seat #2 is the button
Seat 2: andyrr ($169.50 in chips)
Seat 3: mytuter ($13 in chips)
andyrr: posts small blind $1
mytuter: posts big blind $3
*** HOLE CARDS ***
andyrr: raises $3 to $6
mytuter: calls $3
*** FLOP *** [8c 3d Ad]
mytuter: checks
andyrr: bets $3
mytuter: folds
Uncalled bet ($3) returned to andyrr
andyrr collected $11.76 from pot
*** SUMMARY ***
Total pot $12 | Rake $0.24
Board [8c 3d Ad]
Seat 2: andyrr (button) (small blind) collected ($11.76)
Seat 3: mytuter (big blind) folded on the Flop


PokerStars Hand #175548325975:  Hold'em Limit ($3/$6 USD) - 2017/09/12 11:11:12 ET
Table 'Winifred' 6-max Seat #3 is the button
Seat 2: andyrr ($137 in chips)
Seat 3: mytuter ($46 in chips)
mytuter: posts small blind $1
andyrr: posts big blind $3
*** HOLE CARDS ***
mytuter: raises $3 to $6
andyrr: raises $3 to $9
mytuter: calls $3
*** FLOP *** [3d 8c Th]
andyrr: bets $3
mytuter: raises $3 to $6
andyrr: raises $3 to $9
mytuter: raises $3 to $12
Betting is capped
andyrr: calls $3
*** TURN *** [3d 8c Th] [7d]
andyrr: checks
mytuter: bets $6
andyrr: calls $6
*** RIVER *** [3d 8c Th 7d] [3c]
andyrr: checks
mytuter: bets $6
andyrr: calls $6
*** SHOW DOWN ***
mytuter: shows [6h Td] (two pair, Tens and Threes)
andyrr: shows [Ts Ac] (two pair, Tens and Threes - Ace kicker)
andyrr collected $65.50 from pot
*** SUMMARY ***
Total pot $66 | Rake $0.50
Board [3d 8c Th 7d 3c]
Seat 2: andyrr (big blind) showed [Ts Ac] and won ($65.50) with two pair, Tens and Threes
Seat 3: mytuter (button) (small blind) showed [6h Td] and lost with two pair, Tens and Threes


PokerStars Hand #175548322498:  Hold'em Limit ($3/$6 USD) - 2017/09/12 11:11:06 ET
Table 'Winifred' 6-max Seat #2 is the button
Seat 2: andyrr ($134 in chips)
Seat 3: mytuter ($49 in chips)
andyrr: posts small blind $1
mytuter: posts big blind $3
*** HOLE CARDS ***
andyrr: raises $3 to $6
mytuter: folds
Uncalled bet ($3) returned to andyrr
andyrr collected $6 from pot
*** SUMMARY ***
Total pot $6 | Rake $0
Seat 2: andyrr (button) (small blind) collected ($6)
Seat 3: mytuter (big blind) folded before Flop


PokerStars Hand #175548319112:  Hold'em Limit ($3/$6 USD) - 2017/09/12 11:11:00 ET
Table 'Winifred' 6-max Seat #3 is the button
Seat 2: andyrr ($137 in chips)
Seat 3: mytuter ($46 in chips)
mytuter: posts small blind $1
andyrr: posts big blind $3
*** HOLE CARDS ***
mytuter: raises $3 to $6
andyrr: folds
Uncalled bet ($3) returned to mytuter
mytuter collected $6 from pot
mytuter: doesn't show hand
*** SUMMARY ***
Total pot $6 | Rake $0
Seat 2: andyrr (big blind) folded before Flop
Seat 3: mytuter (button) (small blind) collected ($6)


PokerStars Hand #175548305303:  Hold'em Limit ($3/$6 USD) - 2017/09/12 11:10:36 ET
Table 'Winifred' 6-max Seat #2 is the button
Seat 2: andyrr ($122.50 in chips)
Seat 3: mytuter ($31 in chips)
andyrr: posts small blind $1
mytuter: posts big blind $3
*** HOLE CARDS ***
andyrr: raises $3 to $6
mytuter: raises $3 to $9
andyrr: raises $3 to $12
Betting is capped
mytuter: calls $3
*** FLOP *** [5c 4d 5s]
mytuter: checks
andyrr: bets $3
mytuter: calls $3
*** TURN *** [5c 4d 5s] [Td]
mytuter: checks
andyrr: bets $6
mytuter: folds
Uncalled bet ($6) returned to andyrr
andyrr collected $29.50 from pot
*** SUMMARY ***
Total pot $30 | Rake $0.50
Board [5c 4d 5s Td]
Seat 2: andyrr (button) (small blind) collected ($29.50)
Seat 3: mytuter (big blind) folded on the Turn


PokerStars Hand #175548374096:  Hold'em Limit ($3/$6 USD) - 2017/09/12 11:12:33 ET
Table 'Winifred' 6-max Seat #2 is the button
Seat 2: andyrr ($197.09 in chips)
Seat 4: vestimokrec ($104 in chips)
Mahsun77 will be allowed to play after the button
andyrr: posts small blind $1
vestimokrec: posts big blind $3
*** HOLE CARDS ***
andyrr: folds
Uncalled bet ($2) returned to vestimokrec
vestimokrec collected $2 from pot
vestimokrec: doesn't show hand
mytuter leaves the table
*** SUMMARY ***
Total pot $2 | Rake $0
Seat 2: andyrr (button) (small blind) folded before Flop
Seat 4: vestimokrec (big blind) collected ($2)


PokerStars Hand #175552904052:  Hold'em Limit ($3/$6 USD) - 2017/09/12 13:08:33 ET
Table 'Winifred' 6-max Seat #2 is the button
Seat 2: B_loJkl ($264.82 in chips)
Seat 4: Zazi ($116 in chips)
B_loJkl: posts small blind $1
rascal_319: is sitting out
Zazi: posts big blind $3
*** HOLE CARDS ***
B_loJkl: raises $3 to $6
Zazi: calls $3
*** FLOP *** [Ah 4c 5d]
ChawkDee joins the table at seat #6
Zazi: bets $3
B_loJkl: calls $3
*** TURN *** [Ah 4c 5d] [2d]
Zazi: bets $6
B_loJkl: calls $6
*** RIVER *** [Ah 4c 5d 2d] [Kh]
Zazi: checks
B_loJkl: checks
*** SHOW DOWN ***
Zazi: shows [8c 6h] (high card Ace)
B_loJkl: shows [7c Ac] (a pair of Aces)
B_loJkl collected $29.50 from pot
*** SUMMARY ***
Total pot $30 | Rake $0.50
Board [Ah 4c 5d 2d Kh]
Seat 2: B_loJkl (button) (small blind) showed [7c Ac] and won ($29.50) with a pair of Aces
Seat 4: Zazi (big blind) showed [8c 6h] and lost with high card Ace


PokerStars Hand #175555624855:  Hold'em Limit ($3/$6 USD) - 2017/09/12 14:10:04 ET
Table 'Winifred' 6-max Seat #3 is the button
Seat 3: favete lin ($73 in chips)
Seat 6: Mackeral ($85.37 in chips)
favete lin: posts small blind $1
Mackeral: posts big blind $3
*** HOLE CARDS ***
favete lin: folds
Uncalled bet ($2) returned to Mackeral
Mackeral collected $2 from pot
Mackeral: doesn't show hand
*** SUMMARY ***
Total pot $2 | Rake $0
Seat 3: favete lin (button) (small blind) folded before Flop
Seat 6: Mackeral (big blind) collected ($2)


PokerStars Hand #175555620010:  Hold'em Limit ($3/$6 USD) - 2017/09/12 14:09:57 ET
Table 'Winifred' 6-max Seat #6 is the button
Seat 3: favete lin ($72 in chips)
Seat 6: Mackeral ($86.37 in chips)
Mackeral: posts small blind $1
B_loJkl: is sitting out
favete lin: posts big blind $3
*** HOLE CARDS ***
B_loJkl leaves the table
Mackeral: folds
Uncalled bet ($2) returned to favete lin
favete lin collected $2 from pot
favete lin: doesn't show hand
*** SUMMARY ***
Total pot $2 | Rake $0
Seat 3: favete lin (big blind) collected ($2)
Seat 6: Mackeral (button) (small blind) folded before Flop


PokerStars Hand #175555650563:  Hold'em Limit ($3/$6 USD) - 2017/09/12 14:10:36 ET
Table 'Winifred' 6-max Seat #6 is the button
Seat 3: favete lin ($94.50 in chips)
Seat 6: Mackeral ($63.37 in chips)
Mackeral: posts small blind $1
favete lin: posts big blind $3
*** HOLE CARDS ***
Mackeral: folds
Uncalled bet ($2) returned to favete lin
favete lin collected $2 from pot
favete lin: doesn't show hand
*** SUMMARY ***
Total pot $2 | Rake $0
Seat 3: favete lin (big blind) collected ($2)
Seat 6: Mackeral (button) (small blind) folded before Flop


PokerStars Hand #175555646764:  Hold'em Limit ($3/$6 USD) - 2017/09/12 14:10:31 ET
Table 'Winifred' 6-max Seat #3 is the button
Seat 3: favete lin ($95.50 in chips)
Seat 6: Mackeral ($62.37 in chips)
favete lin: posts small blind $1
Mackeral: posts big blind $3
*** HOLE CARDS ***
favete lin: folds
Uncalled bet ($2) returned to Mackeral
Mackeral collected $2 from pot
Mackeral: doesn't show hand
*** SUMMARY ***
Total pot $2 | Rake $0
Seat 3: favete lin (button) (small blind) folded before Flop
Seat 6: Mackeral (big blind) collected ($2)


PokerStars Hand #175555628863:  Hold'em Limit ($3/$6 USD) - 2017/09/12 14:10:09 ET
Table 'Winifred' 6-max Seat #6 is the button
Seat 3: favete lin ($72 in chips)
Seat 6: Mackeral ($86.37 in chips)
Mackeral: posts small blind $1
favete lin: posts big blind $3
*** HOLE CARDS ***
Mackeral: raises $3 to $6
favete lin: raises $3 to $9
Mackeral: calls $3
*** FLOP *** [Ac 6d Td]
favete lin: bets $3
Mackeral: calls $3
*** TURN *** [Ac 6d Td] [3c]
favete lin: bets $6
Mackeral: calls $6
*** RIVER *** [Ac 6d Td 3c] [9c]
favete lin: bets $6
Mackeral: calls $6
*** SHOW DOWN ***
favete lin: shows [Qc Ad] (a pair of Aces)
Mackeral: mucks hand
favete lin collected $47.50 from pot
*** SUMMARY ***
Total pot $48 | Rake $0.50
Board [Ac 6d Td 3c 9c]
Seat 3: favete lin (big blind) showed [Qc Ad] and won ($47.50) with a pair of Aces
Seat 6: Mackeral (button) (small blind) mucked


PokerStars Hand #175555661163:  Hold'em Limit ($3/$6 USD) - 2017/09/12 14:10:49 ET
Table 'Winifred' 6-max Seat #3 is the button
Seat 3: favete lin ($95.50 in chips)
Seat 6: Mackeral ($62.37 in chips)
favete lin: posts small blind $1
Mackeral: posts big blind $3
*** HOLE CARDS ***
favete lin: raises $3 to $6
Mackeral: calls $3
*** FLOP *** [Ah 9h 4c]
Mackeral: checks
favete lin: bets $3
Mackeral: folds
Uncalled bet ($3) returned to favete lin
favete lin collected $11.76 from pot
favete lin: doesn't show hand
*** SUMMARY ***
Total pot $12 | Rake $0.24
Board [Ah 9h 4c]
Seat 3: favete lin (button) (small blind) collected ($11.76)
Seat 6: Mackeral (big blind) folded on the Flop


PokerStars Hand #175555682049:  Hold'em Limit ($3/$6 USD) - 2017/09/12 14:11:16 ET
Table 'Winifred' 6-max Seat #3 is the button
Seat 3: favete lin ($98.26 in chips)
Seat 6: Mackeral ($59.37 in chips)
favete lin: posts small blind $1
Mackeral: posts big blind $3
*** HOLE CARDS ***
favete lin: raises $3 to $6
Mackeral: calls $3
*** FLOP *** [9s 7s Qh]
Mackeral: checks
favete lin: bets $3
Mackeral: folds
Uncalled bet ($3) returned to favete lin
favete lin collected $11.76 from pot
favete lin: doesn't show hand
*** SUMMARY ***
Total pot $12 | Rake $0.24
Board [9s 7s Qh]
Seat 3: favete lin (button) (small blind) collected ($11.76)
Seat 6: Mackeral (big blind) folded on the Flop


PokerStars Hand #175555674760:  Hold'em Limit ($3/$6 USD) - 2017/09/12 14:11:06 ET
Table 'Winifred' 6-max Seat #6 is the button
Seat 3: favete lin ($101.26 in chips)
Seat 6: Mackeral ($56.37 in chips)
Mackeral: posts small blind $1
favete lin: posts big blind $3
*** HOLE CARDS ***
Mackeral: raises $3 to $6
favete lin: folds
Uncalled bet ($3) returned to Mackeral
Mackeral collected $6 from pot
Mackeral: doesn't show hand
*** SUMMARY ***
Total pot $6 | Rake $0
Seat 3: favete lin (big blind) folded before Flop
Seat 6: Mackeral (button) (small blind) collected ($6)


PokerStars Hand #175555696889:  Hold'em Limit ($3/$6 USD) - 2017/09/12 14:11:34 ET
Table 'Winifred' 6-max Seat #6 is the button
Seat 3: favete lin ($104.02 in chips)
Seat 6: Mackeral ($53.37 in chips)
Mackeral: posts small blind $1
favete lin: posts big blind $3
*** HOLE CARDS ***
Mackeral: raises $3 to $6
favete lin: calls $3
*** FLOP *** [Ts Jc 6s]
favete lin: checks
Mackeral: bets $3
favete lin: raises $3 to $6
Mackeral: raises $3 to $9
favete lin: calls $3
*** TURN *** [Ts Jc 6s] [As]
favete lin: checks
Mackeral: bets $6
favete lin: calls $6
*** RIVER *** [Ts Jc 6s As] [Td]
favete lin: checks
Mackeral: bets $6
favete lin: calls $6
*** SHOW DOWN ***
Mackeral: shows [3s Ks] (a flush, Ace high)
favete lin: mucks hand
Mackeral collected $53.50 from pot
*** SUMMARY ***
Total pot $54 | Rake $0.50
Board [Ts Jc 6s As Td]
Seat 3: favete lin (big blind) mucked
Seat 6: Mackeral (button) (small blind) showed [3s Ks] and won ($53.50) with a flush, Ace high


PokerStars Hand #175555747359:  Hold'em Limit ($3/$6 USD) - 2017/09/12 14:12:38 ET
Table 'Winifred' 6-max Seat #3 is the button
Seat 3: favete lin ($73 in chips)
Seat 6: Mackeral ($87.51 in chips)
favete lin: posts small blind $1
Mackeral: posts big blind $3
*** HOLE CARDS ***
favete lin: raises $3 to $6
Mackeral: calls $3
*** FLOP *** [Ad 5c 6d]
Mackeral: checks
favete lin: bets $3
Mackeral: folds
Uncalled bet ($3) returned to favete lin
favete lin collected $11.76 from pot
favete lin: doesn't show hand
*** SUMMARY ***
Total pot $12 | Rake $0.24
Board [Ad 5c 6d]
Seat 3: favete lin (button) (small blind) collected ($11.76)
Seat 6: Mackeral (big blind) folded on the Flop


PokerStars Hand #175555742694:  Hold'em Limit ($3/$6 USD) - 2017/09/12 14:12:32 ET
Table 'Winifred' 6-max Seat #6 is the button
Seat 3: favete lin ($72 in chips)
Seat 6: Mackeral ($88.51 in chips)
Mackeral: posts small blind $1
favete lin: posts big blind $3
*** HOLE CARDS ***
Mackeral: folds
Uncalled bet ($2) returned to favete lin
favete lin collected $2 from pot
favete lin: doesn't show hand
*** SUMMARY ***
Total pot $2 | Rake $0
Seat 3: favete lin (big blind) collected ($2)
Seat 6: Mackeral (button) (small blind) folded before Flop


PokerStars Hand #175555722279:  Hold'em Limit ($3/$6 USD) - 2017/09/12 14:12:06 ET
Table 'Winifred' 6-max Seat #3 is the button
Seat 3: favete lin ($77.02 in chips)
Seat 6: Mackeral ($79.87 in chips)
favete lin: posts small blind $1
Mackeral: posts big blind $3
*** HOLE CARDS ***
favete lin: raises $3 to $6
Mackeral: calls $3
*** FLOP *** [2c Js Kd]
Mackeral: checks
favete lin: bets $3
Mackeral: calls $3
*** TURN *** [2c Js Kd] [4s]
Mackeral: checks
favete lin: checks
*** RIVER *** [2c Js Kd 4s] [Th]
Mackeral: bets $6
favete lin: folds
Uncalled bet ($6) returned to Mackeral
Mackeral collected $17.64 from pot
Mackeral: doesn't show hand
*** SUMMARY ***
Total pot $18 | Rake $0.36
Board [2c Js Kd 4s Th]
Seat 3: favete lin (button) (small blind) folded on the River
Seat 6: Mackeral (big blind) collected ($17.64)


PokerStars Hand #175555758164:  Hold'em Limit ($3/$6 USD) - 2017/09/12 14:12:52 ET
Table 'Winifred' 6-max Seat #6 is the button
Seat 3: favete lin ($78.76 in chips)
Seat 6: Mackeral ($81.51 in chips)
Mackeral: posts small blind $1
favete lin: posts big blind $3
*** HOLE CARDS ***
Mackeral: raises $3 to $6
favete lin: calls $3
*** FLOP *** [Jc 8c Js]
favete lin: checks
Mackeral: bets $3
favete lin: calls $3
*** TURN *** [Jc 8c Js] [7c]
favete lin: checks
Mackeral: bets $6
favete lin: calls $6
*** RIVER *** [Jc 8c Js 7c] [Ad]
favete lin: checks
Mackeral: checks
*** SHOW DOWN ***
favete lin: shows [Ah 6d] (two pair, Aces and Jacks)
Mackeral: mucks hand
favete lin collected $29.50 from pot
*** SUMMARY ***
Total pot $30 | Rake $0.50
Board [Jc 8c Js 7c Ad]
Seat 3: favete lin (big blind) showed [Ah 6d] and won ($29.50) with two pair, Aces and Jacks
Seat 6: Mackeral (button) (small blind) mucked


PokerStars Hand #175555802288:  Hold'em Limit ($3/$6 USD) - 2017/09/12 14:13:47 ET
Table 'Winifred' 6-max Seat #6 is the button
Seat 3: favete lin ($72 in chips)
Seat 6: Mackeral ($90.01 in chips)
Mackeral: posts small blind $1
favete lin: posts big blind $3
*** HOLE CARDS ***
Mackeral: raises $3 to $6
favete lin: calls $3
*** FLOP *** [7h Js 4d]
favete lin: checks
Mackeral: bets $3
favete lin: calls $3
*** TURN *** [7h Js 4d] [3c]
favete lin: checks
Mackeral: bets $6
favete lin: calls $6
*** RIVER *** [7h Js 4d 3c] [2c]
favete lin: checks
Mackeral: bets $6
favete lin: calls $6
*** SHOW DOWN ***
Mackeral: shows [2s 2d] (three of a kind, Deuces)
favete lin: mucks hand
Mackeral collected $41.50 from pot
*** SUMMARY ***
Total pot $42 | Rake $0.50
Board [7h Js 4d 3c 2c]
Seat 3: favete lin (big blind) mucked
Seat 6: Mackeral (button) (small blind) showed [2s 2d] and won ($41.50) with three of a kind, Deuces


PokerStars Hand #175555782299:  Hold'em Limit ($3/$6 USD) - 2017/09/12 14:13:22 ET
Table 'Winifred' 6-max Seat #3 is the button
Seat 3: favete lin ($93.26 in chips)
Seat 6: Mackeral ($66.51 in chips)
favete lin: posts small blind $1
Mackeral: posts big blind $3
*** HOLE CARDS ***
favete lin: raises $3 to $6
Mackeral: raises $3 to $9
favete lin: calls $3
*** FLOP *** [Ah 9d 4c]
Mackeral: bets $3
favete lin: calls $3
*** TURN *** [Ah 9d 4c] [Qd]
Mackeral: bets $6
favete lin: calls $6
*** RIVER *** [Ah 9d 4c Qd] [6c]
Mackeral: bets $6
favete lin: calls $6
*** SHOW DOWN ***
Mackeral: shows [Js Ad] (a pair of Aces)
favete lin: mucks hand
Mackeral collected $47.50 from pot
*** SUMMARY ***
Total pot $48 | Rake $0.50
Board [Ah 9d 4c Qd 6c]
Seat 3: favete lin (button) (small blind) mucked
Seat 6: Mackeral (big blind) showed [Js Ad] and won ($47.50) with a pair of Aces


PokerStars Hand #175555836960:  Hold'em Limit ($3/$6 USD) - 2017/09/12 14:14:31 ET
Table 'Winifred' 6-max Seat #3 is the button
Seat 3: favete lin ($78.76 in chips)
Seat 6: Mackeral ($103.51 in chips)
favete lin: posts small blind $1
Mackeral: posts big blind $3
*** HOLE CARDS ***
favete lin: raises $3 to $6
Mackeral: calls $3
*** FLOP *** [Jh 5s Qs]
Mackeral: checks
favete lin: bets $3
Mackeral: folds
Uncalled bet ($3) returned to favete lin
favete lin collected $11.76 from pot
favete lin: doesn't show hand
*** SUMMARY ***
Total pot $12 | Rake $0.24
Board [Jh 5s Qs]
Seat 3: favete lin (button) (small blind) collected ($11.76)
Seat 6: Mackeral (big blind) folded on the Flop


PokerStars Hand #175555832539:  Hold'em Limit ($3/$6 USD) - 2017/09/12 14:14:25 ET
Table 'Winifred' 6-max Seat #6 is the button
Seat 3: favete lin ($77.76 in chips)
Seat 6: Mackeral ($104.51 in chips)
Mackeral: posts small blind $1
favete lin: posts big blind $3
*** HOLE CARDS ***
Mackeral: folds
Uncalled bet ($2) returned to favete lin
favete lin collected $2 from pot
favete lin: doesn't show hand
*** SUMMARY ***
Total pot $2 | Rake $0
Seat 3: favete lin (big blind) collected ($2)
Seat 6: Mackeral (button) (small blind) folded before Flop


PokerStars Hand #175555818612:  Hold'em Limit ($3/$6 USD) - 2017/09/12 14:14:07 ET
Table 'Winifred' 6-max Seat #3 is the button
Seat 3: favete lin ($72 in chips)
Seat 6: Mackeral ($110.51 in chips)
favete lin: posts small blind $1
Mackeral: posts big blind $3
*** HOLE CARDS ***
favete lin: raises $3 to $6
Mackeral: calls $3
*** FLOP *** [Ah 7d Kc]
Mackeral: checks
favete lin: bets $3
Mackeral: folds
Uncalled bet ($3) returned to favete lin
favete lin collected $11.76 from pot
favete lin: doesn't show hand
*** SUMMARY ***
Total pot $12 | Rake $0.24
Board [Ah 7d Kc]
Seat 3: favete lin (button) (small blind) collected ($11.76)
Seat 6: Mackeral (big blind) folded on the Flop


PokerStars Hand #175555851305:  Hold'em Limit ($3/$6 USD) - 2017/09/12 14:14:49 ET
Table 'Winifred' 6-max Seat #6 is the button
Seat 3: favete lin ($84.52 in chips)
Seat 6: Mackeral ($97.51 in chips)
Mackeral: posts small blind $1
favete lin: posts big blind $3
*** HOLE CARDS ***
Mackeral: raises $3 to $6
favete lin: calls $3
*** FLOP *** [3s Jh 2h]
favete lin: checks
Mackeral: bets $3
favete lin: calls $3
*** TURN *** [3s Jh 2h] [2c]
favete lin: checks
Mackeral: bets $6
favete lin: folds
Uncalled bet ($6) returned to Mackeral
Mackeral collected $17.64 from pot
Mackeral: doesn't show hand
*** SUMMARY ***
Total pot $18 | Rake $0.36
Board [3s Jh 2h 2c]
Seat 3: favete lin (big blind) folded on the Turn
Seat 6: Mackeral (button) (small blind) collected ($17.64)


PokerStars Hand #175555875018:  Hold'em Limit ($3/$6 USD) - 2017/09/12 14:15:18 ET
Table 'Winifred' 6-max Seat #6 is the button
Seat 3: favete lin ($74.52 in chips)
Seat 6: Mackeral ($107.15 in chips)
Mackeral: posts small blind $1
favete lin: posts big blind $3
*** HOLE CARDS ***
B_loJkl joins the table at seat #1
Mackeral: raises $3 to $6
favete lin: raises $3 to $9
Mackeral: calls $3
*** FLOP *** [8s 7s 6h]
favete lin: bets $3
Mackeral: calls $3
*** TURN *** [8s 7s 6h] [Qd]
favete lin: bets $6
Mackeral: calls $6
*** RIVER *** [8s 7s 6h Qd] [8c]
favete lin: bets $6
Mackeral: calls $6
*** SHOW DOWN ***
favete lin: shows [Jh 7c] (two pair, Eights and Sevens)
Mackeral: mucks hand
favete lin collected $47.50 from pot
*** SUMMARY ***
Total pot $48 | Rake $0.50
Board [8s 7s 6h Qd 8c]
Seat 3: favete lin (big blind) showed [Jh 7c] and won ($47.50) with two pair, Eights and Sevens
Seat 6: Mackeral (button) (small blind) mucked


PokerStars Hand #175555871432:  Hold'em Limit ($3/$6 USD) - 2017/09/12 14:15:14 ET
Table 'Winifred' 6-max Seat #3 is the button
Seat 3: favete lin ($75.52 in chips)
Seat 6: Mackeral ($106.15 in chips)
favete lin: posts small blind $1
Mackeral: posts big blind $3
*** HOLE CARDS ***
Chrisgalo33 joins the table at seat #5
favete lin: folds
Uncalled bet ($2) returned to Mackeral
Mackeral collected $2 from pot
Mackeral: doesn't show hand
*** SUMMARY ***
Total pot $2 | Rake $0
Seat 3: favete lin (button) (small blind) folded before Flop
Seat 6: Mackeral (big blind) collected ($2)


PokerStars Hand #175559328909:  Hold'em Limit ($3/$6 USD) - 2017/09/12 15:30:56 ET
Table 'Winifred' 6-max Seat #6 is the button
Seat 1: B_loJkl ($109.44 in chips)
Seat 6: vestimokrec ($82.74 in chips)
chebob will be allowed to play after the button
vestimokrec: posts small blind $1
B_loJkl: posts big blind $3
*** HOLE CARDS ***
vestimokrec: raises $3 to $6
B_loJkl: raises $3 to $9
vestimokrec: calls $3
*** FLOP *** [5s Jd 7c]
B_loJkl: bets $3
vestimokrec: calls $3
*** TURN *** [5s Jd 7c] [4c]
B_loJkl: bets $6
vestimokrec: calls $6
*** RIVER *** [5s Jd 7c 4c] [Ac]
B_loJkl: bets $6
vestimokrec: folds
Uncalled bet ($6) returned to B_loJkl
B_loJkl collected $35.50 from pot
B_loJkl: doesn't show hand
*** SUMMARY ***
Total pot $36 | Rake $0.50
Board [5s Jd 7c 4c Ac]
Seat 1: B_loJkl (big blind) collected ($35.50)
Seat 6: vestimokrec (button) (small blind) folded on the River


PokerStars Hand #175559446867:  Hold'em Limit ($3/$6 USD) - 2017/09/12 15:33:21 ET
Table 'Winifred' 6-max Seat #4 is the button
Seat 3: chebob ($68.50 in chips)
Seat 4: patrikskjold ($20.51 in chips)
patrikskjold: posts small blind $1
chebob: posts big blind $3
*** HOLE CARDS ***
patrikskjold: folds
Uncalled bet ($2) returned to chebob
chebob collected $2 from pot
chebob: doesn't show hand
*** SUMMARY ***
Total pot $2 | Rake $0
Seat 3: chebob (big blind) collected ($2)
Seat 4: patrikskjold (button) (small blind) folded before Flop


PokerStars Hand #175559422159:  Hold'em Limit ($3/$6 USD) - 2017/09/12 15:32:55 ET
Table 'Winifred' 6-max Seat #3 is the button
Seat 3: chebob ($45 in chips)
Seat 4: patrikskjold ($44.51 in chips)
chebob: posts small blind $1
patrikskjold: posts big blind $3
*** HOLE CARDS ***
chebob: raises $3 to $6
patrikskjold: raises $3 to $9
chebob: calls $3
*** FLOP *** [Jh 8s 7c]
patrikskjold: bets $3
chebob: calls $3
*** TURN *** [Jh 8s 7c] [Qh]
patrikskjold: bets $6
chebob: calls $6
*** RIVER *** [Jh 8s 7c Qh] [6s]
patrikskjold: bets $6
chebob: calls $6
*** SHOW DOWN ***
patrikskjold: shows [Th 3h] (high card Queen)
chebob: shows [7s Ac] (a pair of Sevens)
chebob collected $47.50 from pot
*** SUMMARY ***
Total pot $48 | Rake $0.50
Board [Jh 8s 7c Qh 6s]
Seat 3: chebob (button) (small blind) showed [7s Ac] and won ($47.50) with a pair of Sevens
Seat 4: patrikskjold (big blind) showed [Th 3h] and lost with high card Queen


PokerStars Hand #175559451031:  Hold'em Limit ($3/$6 USD) - 2017/09/12 15:33:26 ET
Table 'Winifred' 6-max Seat #3 is the button
Seat 3: chebob ($69.50 in chips)
Seat 4: patrikskjold ($19.51 in chips)
chebob: posts small blind $1
patrikskjold: posts big blind $3
*** HOLE CARDS ***
chebob: folds
Uncalled bet ($2) returned to patrikskjold
patrikskjold collected $2 from pot
patrikskjold: doesn't show hand
*** SUMMARY ***
Total pot $2 | Rake $0
Seat 3: chebob (button) (small blind) folded before Flop
Seat 4: patrikskjold (big blind) collected ($2)


PokerStars Hand #175559455495:  Hold'em Limit ($3/$6 USD) - 2017/09/12 15:33:32 ET
Table 'Winifred' 6-max Seat #4 is the button
Seat 3: chebob ($68.50 in chips)
Seat 4: patrikskjold ($20.51 in chips)
patrikskjold: posts small blind $1
chebob: posts big blind $3
*** HOLE CARDS ***
patrikskjold: raises $3 to $6
chebob: calls $3
*** FLOP *** [6s Ad 7s]
chebob: checks
patrikskjold: bets $3
chebob: calls $3
*** TURN *** [6s Ad 7s] [5c]
chebob: checks
patrikskjold: bets $6
chebob: raises $6 to $12
patrikskjold: calls $5.51 and is all-in
Uncalled bet ($0.49) returned to chebob
*** RIVER *** [6s Ad 7s 5c] [Js]
*** SHOW DOWN ***
chebob: shows [7d 4d] (a pair of Sevens)
patrikskjold: shows [6h Qs] (a pair of Sixes)
chebob collected $40.52 from pot
*** SUMMARY ***
Total pot $41.02 | Rake $0.50
Board [6s Ad 7s 5c Js]
Seat 3: chebob (big blind) showed [7d 4d] and won ($40.52) with a pair of Sevens
Seat 4: patrikskjold (button) (small blind) showed [6h Qs] and lost with a pair of Sixes


