PokerStars Hand #170337846333:  Hold'em Limit ($3/$6 USD) - 2017/05/12 20:05:48 ET
Table 'Wisibada' 6-max Seat #1 is the button
Seat 1: Velbor107 ($297 in chips)
Seat 5: maggiemoodle ($123 in chips)
Velbor107: posts small blind $1
maggiemoodle: posts big blind $3
*** HOLE CARDS ***
Velbor107: raises $3 to $6
maggiemoodle: raises $3 to $9
Velbor107: calls $3
*** FLOP *** [2s 7s 4c]
maggiemoodle: bets $3
Velbor107: calls $3
*** TURN *** [2s 7s 4c] [Kh]
maggiemoodle: bets $6
Velbor107: raises $6 to $12
maggiemoodle: calls $6
*** RIVER *** [2s 7s 4c Kh] [9c]
maggiemoodle: bets $6
Velbor107: folds
Uncalled bet ($6) returned to maggiemoodle
maggiemoodle collected $47.50 from pot
*** SUMMARY ***
Total pot $48 | Rake $0.50
Board [2s 7s 4c Kh 9c]
Seat 1: Velbor107 (button) (small blind) folded on the River
Seat 5: maggiemoodle (big blind) collected ($47.50)


PokerStars Hand #170337864681:  Hold'em Limit ($3/$6 USD) - 2017/05/12 20:06:21 ET
Table 'Wisibada' 6-max Seat #5 is the button
Seat 1: Velbor107 ($273 in chips)
Seat 5: maggiemoodle ($146.50 in chips)
maggiemoodle: posts small blind $1
Velbor107: posts big blind $3
*** HOLE CARDS ***
maggiemoodle: raises $3 to $6
Zubasa07 joins the table at seat #6
Velbor107: folds
Uncalled bet ($3) returned to maggiemoodle
maggiemoodle collected $6 from pot
*** SUMMARY ***
Total pot $6 | Rake $0
Seat 1: Velbor107 (big blind) folded before Flop
Seat 5: maggiemoodle (button) (small blind) collected ($6)


PokerStars Hand #170337883142:  Hold'em Limit ($3/$6 USD) - 2017/05/12 20:06:54 ET
Table 'Wisibada' 6-max Seat #1 is the button
Seat 1: Velbor107 ($270 in chips)
Seat 6: Zubasa07 ($300 in chips)
Velbor107: posts small blind $1
Zubasa07: posts big blind $3
*** HOLE CARDS ***
Velbor107: raises $3 to $6
Zubasa07: raises $3 to $9
Velbor107: calls $3
*** FLOP *** [Ah 8d Ad]
Zubasa07: bets $3
Velbor107: calls $3
*** TURN *** [Ah 8d Ad] [9d]
Zubasa07: bets $6
Velbor107: calls $6
*** RIVER *** [Ah 8d Ad 9d] [7c]
Pete81 joins the table at seat #3
Zubasa07: checks
Velbor107: checks
*** SHOW DOWN ***
Zubasa07: shows [8h Qh] (two pair, Aces and Eights)
Velbor107: shows [Td 9h] (two pair, Aces and Nines)
Velbor107 collected $35.50 from pot
*** SUMMARY ***
Total pot $36 | Rake $0.50
Board [Ah 8d Ad 9d 7c]
Seat 1: Velbor107 (button) (small blind) showed [Td 9h] and won ($35.50) with two pair, Aces and Nines
Seat 6: Zubasa07 (big blind) showed [8h Qh] and lost with two pair, Aces and Eights


PokerStars Hand #170337924667:  Hold'em Limit ($3/$6 USD) - 2017/05/12 20:08:09 ET
Table 'Wisibada' 6-max Seat #6 is the button
Seat 1: Velbor107 ($287.50 in chips)
Seat 6: Zubasa07 ($282 in chips)
Zubasa07: posts small blind $1
Velbor107: posts big blind $3
*** HOLE CARDS ***
Zubasa07: raises $3 to $6
Velbor107: calls $3
*** FLOP *** [7s 2d 6h]
Velbor107: checks
Zubasa07: bets $3
Velbor107: calls $3
*** TURN *** [7s 2d 6h] [Jh]
Velbor107: checks
Zubasa07: bets $6
Velbor107: folds
Uncalled bet ($6) returned to Zubasa07
Zubasa07 collected $17.64 from pot
Zubasa07: doesn't show hand
*** SUMMARY ***
Total pot $18 | Rake $0.36
Board [7s 2d 6h Jh]
Seat 1: Velbor107 (big blind) folded on the Turn
Seat 6: Zubasa07 (button) (small blind) collected ($17.64)


PokerStars Hand #170340038686:  Hold'em Limit ($3/$6 USD) - 2017/05/12 21:18:16 ET
Table 'Wisibada' 6-max Seat #6 is the button
Seat 4: PycV ($335.58 in chips)
Seat 6: Willijabo ($99.50 in chips)
Willijabo: posts small blind $1
rascal_319: is sitting out
PycV: posts big blind $3
*** HOLE CARDS ***
Willijabo: folds
Uncalled bet ($2) returned to PycV
PycV collected $2 from pot
PycV: doesn't show hand
*** SUMMARY ***
Total pot $2 | Rake $0
Seat 4: PycV (big blind) collected ($2)
Seat 6: Willijabo (button) (small blind) folded before Flop


