PokerStars Hand #152510742502:  Hold'em Limit ($3/$6 USD) - 2016/04/27 6:14:53 ET
Table 'Wisibada' 6-max Seat #1 is the button
Seat 1: MagooLips ($61 in chips)
Seat 2: Mordnilap ($72 in chips)
MagooLips: posts small blind $1
Mordnilap: posts big blind $3
*** HOLE CARDS ***
MagooLips: raises $3 to $6
Mordnilap: raises $3 to $9
Agrotait leaves the table
MagooLips: raises $3 to $12
Betting is capped
Mordnilap: calls $3
*** FLOP *** [3h 4d 7c]
Mordnilap: checks
MagooLips: bets $3
Mordnilap: calls $3
*** TURN *** [3h 4d 7c] [3d]
Mordnilap: checks
MagooLips: checks
*** RIVER *** [3h 4d 7c 3d] [Td]
Mordnilap: checks
MagooLips: checks
*** SHOW DOWN ***
Mordnilap: shows [Kc Qc] (a pair of Threes)
MagooLips: shows [9c Ac] (a pair of Threes - Ace kicker)
MagooLips collected $29.50 from pot
*** SUMMARY ***
Total pot $30 | Rake $0.50
Board [3h 4d 7c 3d Td]
Seat 1: MagooLips (button) (small blind) showed [9c Ac] and won ($29.50) with a pair of Threes
Seat 2: Mordnilap (big blind) showed [Kc Qc] and lost with a pair of Threes


PokerStars Hand #152510753261:  Hold'em Limit ($3/$6 USD) - 2016/04/27 6:15:18 ET
Table 'Wisibada' 6-max Seat #2 is the button
Seat 1: MagooLips ($75.50 in chips)
Seat 2: Mordnilap ($72 in chips)
Mordnilap: posts small blind $1
MagooLips: posts big blind $3
*** HOLE CARDS ***
Mordnilap: raises $3 to $6
MagooLips: folds
Uncalled bet ($3) returned to Mordnilap
Mordnilap collected $6 from pot
Mordnilap: doesn't show hand
*** SUMMARY ***
Total pot $6 | Rake $0
Seat 1: MagooLips (big blind) folded before Flop
Seat 2: Mordnilap (button) (small blind) collected ($6)


PokerStars Hand #152510756464:  Hold'em Limit ($3/$6 USD) - 2016/04/27 6:15:26 ET
Table 'Wisibada' 6-max Seat #1 is the button
Seat 1: MagooLips ($72.50 in chips)
Seat 2: Mordnilap ($75 in chips)
MagooLips: posts small blind $1
Mordnilap: posts big blind $3
*** HOLE CARDS ***
MagooLips: raises $3 to $6
Mordnilap: calls $3
*** FLOP *** [6h Kh 5c]
Mordnilap: checks
MagooLips: checks
*** TURN *** [6h Kh 5c] [2h]
Mordnilap: checks
MagooLips: checks
*** RIVER *** [6h Kh 5c 2h] [9h]
Mordnilap: bets $6
MagooLips: calls $6
*** SHOW DOWN ***
Mordnilap: shows [Jh Qs] (a flush, King high)
MagooLips: mucks hand
Mordnilap collected $23.52 from pot
*** SUMMARY ***
Total pot $24 | Rake $0.48
Board [6h Kh 5c 2h 9h]
Seat 1: MagooLips (button) (small blind) mucked
Seat 2: Mordnilap (big blind) showed [Jh Qs] and won ($23.52) with a flush, King high


PokerStars Hand #152510777826:  Hold'em Limit ($3/$6 USD) - 2016/04/27 6:16:17 ET
Table 'Wisibada' 6-max Seat #1 is the button
Seat 1: MagooLips ($54.50 in chips)
Seat 2: Mordnilap ($92.28 in chips)
MagooLips: posts small blind $1
Mordnilap: posts big blind $3
*** HOLE CARDS ***
MagooLips: folds
Uncalled bet ($2) returned to Mordnilap
Mordnilap collected $2 from pot
Mordnilap: doesn't show hand
*** SUMMARY ***
Total pot $2 | Rake $0
Seat 1: MagooLips (button) (small blind) folded before Flop
Seat 2: Mordnilap (big blind) collected ($2)


PokerStars Hand #152510770886:  Hold'em Limit ($3/$6 USD) - 2016/04/27 6:16:00 ET
Table 'Wisibada' 6-max Seat #2 is the button
Seat 1: MagooLips ($60.50 in chips)
Seat 2: Mordnilap ($86.52 in chips)
Mordnilap: posts small blind $1
MagooLips: posts big blind $3
*** HOLE CARDS ***
Mordnilap: raises $3 to $6
MagooLips: calls $3
*** FLOP *** [Th 4h Qh]
MagooLips: checks
Mordnilap: bets $3
MagooLips: folds
Uncalled bet ($3) returned to Mordnilap
Mordnilap collected $11.76 from pot
Mordnilap: doesn't show hand
*** SUMMARY ***
Total pot $12 | Rake $0.24
Board [Th 4h Qh]
Seat 1: MagooLips (big blind) folded on the Flop
Seat 2: Mordnilap (button) (small blind) collected ($11.76)


PokerStars Hand #152510779889:  Hold'em Limit ($3/$6 USD) - 2016/04/27 6:16:21 ET
Table 'Wisibada' 6-max Seat #2 is the button
Seat 1: MagooLips ($53.50 in chips)
Seat 2: Mordnilap ($93.28 in chips)
Mordnilap: posts small blind $1
MagooLips: posts big blind $3
*** HOLE CARDS ***
Mordnilap: raises $3 to $6
MagooLips: folds
Uncalled bet ($3) returned to Mordnilap
Mordnilap collected $6 from pot
Mordnilap: doesn't show hand
*** SUMMARY ***
Total pot $6 | Rake $0
Seat 1: MagooLips (big blind) folded before Flop
Seat 2: Mordnilap (button) (small blind) collected ($6)


PokerStars Hand #152510784361:  Hold'em Limit ($3/$6 USD) - 2016/04/27 6:16:32 ET
Table 'Wisibada' 6-max Seat #1 is the button
Seat 1: MagooLips ($50.50 in chips)
Seat 2: Mordnilap ($96.28 in chips)
MagooLips: posts small blind $1
Mordnilap: posts big blind $3
*** HOLE CARDS ***
MagooLips: raises $3 to $6
Mordnilap: calls $3
*** FLOP *** [Td Qd 4d]
Mordnilap: checks
MagooLips: checks
*** TURN *** [Td Qd 4d] [8c]
Mordnilap: bets $6
MagooLips: folds
Uncalled bet ($6) returned to Mordnilap
Mordnilap collected $11.76 from pot
Mordnilap: doesn't show hand
*** SUMMARY ***
Total pot $12 | Rake $0.24
Board [Td Qd 4d 8c]
Seat 1: MagooLips (button) (small blind) folded on the Turn
Seat 2: Mordnilap (big blind) collected ($11.76)


PokerStars Hand #152510806732:  Hold'em Limit ($3/$6 USD) - 2016/04/27 6:17:25 ET
Table 'Wisibada' 6-max Seat #1 is the button
Seat 1: MagooLips ($38.50 in chips)
Seat 2: Mordnilap ($107.80 in chips)
MagooLips: posts small blind $1
Mordnilap: posts big blind $3
*** HOLE CARDS ***
MagooLips: folds
Uncalled bet ($2) returned to Mordnilap
Mordnilap collected $2 from pot
Mordnilap: doesn't show hand
*** SUMMARY ***
Total pot $2 | Rake $0
Seat 1: MagooLips (button) (small blind) folded before Flop
Seat 2: Mordnilap (big blind) collected ($2)


PokerStars Hand #152510800167:  Hold'em Limit ($3/$6 USD) - 2016/04/27 6:17:09 ET
Table 'Wisibada' 6-max Seat #2 is the button
Seat 1: MagooLips ($44.50 in chips)
Seat 2: Mordnilap ($102.04 in chips)
Mordnilap: posts small blind $1
MagooLips: posts big blind $3
*** HOLE CARDS ***
Mordnilap: raises $3 to $6
MagooLips: calls $3
*** FLOP *** [3s 5c Ac]
MagooLips: checks
Mordnilap: bets $3
MagooLips: folds
Uncalled bet ($3) returned to Mordnilap
Mordnilap collected $11.76 from pot
Mordnilap: doesn't show hand
*** SUMMARY ***
Total pot $12 | Rake $0.24
Board [3s 5c Ac]
Seat 1: MagooLips (big blind) folded on the Flop
Seat 2: Mordnilap (button) (small blind) collected ($11.76)


PokerStars Hand #152510808928:  Hold'em Limit ($3/$6 USD) - 2016/04/27 6:17:30 ET
Table 'Wisibada' 6-max Seat #2 is the button
Seat 1: MagooLips ($37.50 in chips)
Seat 2: Mordnilap ($108.80 in chips)
Mordnilap: posts small blind $1
MagooLips: posts big blind $3
*** HOLE CARDS ***
Mordnilap: raises $3 to $6
MagooLips: raises $3 to $9
Mordnilap: calls $3
*** FLOP *** [Kd 5d 7d]
MagooLips: bets $3
Mordnilap: calls $3
*** TURN *** [Kd 5d 7d] [Ks]
MagooLips: bets $6
Mordnilap: calls $6
*** RIVER *** [Kd 5d 7d Ks] [6h]
MagooLips: checks
Mordnilap: bets $6
MagooLips: calls $6
*** SHOW DOWN ***
Mordnilap: shows [9s 7h] (two pair, Kings and Sevens)
MagooLips: mucks hand
Mordnilap collected $47.50 from pot
*** SUMMARY ***
Total pot $48 | Rake $0.50
Board [Kd 5d 7d Ks 6h]
Seat 1: MagooLips (big blind) mucked
Seat 2: Mordnilap (button) (small blind) showed [9s 7h] and won ($47.50) with two pair, Kings and Sevens


PokerStars Hand #152510837044:  Hold'em Limit ($3/$6 USD) - 2016/04/27 6:18:37 ET
Table 'Wisibada' 6-max Seat #2 is the button
Seat 1: MagooLips ($7.50 in chips)
Seat 2: Mordnilap ($138.06 in chips)
Mordnilap: posts small blind $1
MagooLips: posts big blind $3
*** HOLE CARDS ***
Mordnilap: raises $3 to $6
MagooLips: raises $1.50 to $7.50 and is all-in
Mordnilap: calls $1.50
*** FLOP *** [Qs Jd Jc]
*** TURN *** [Qs Jd Jc] [6h]
*** RIVER *** [Qs Jd Jc 6h] [5c]
*** SHOW DOWN ***
MagooLips: shows [Tc 3c] (a pair of Jacks)
Mordnilap: shows [3h 7h] (a pair of Jacks - lower kicker)
MagooLips collected $14.70 from pot
*** SUMMARY ***
Total pot $15 | Rake $0.30
Board [Qs Jd Jc 6h 5c]
Seat 1: MagooLips (big blind) showed [Tc 3c] and won ($14.70) with a pair of Jacks
Seat 2: Mordnilap (button) (small blind) showed [3h 7h] and lost with a pair of Jacks


PokerStars Hand #152510822326:  Hold'em Limit ($3/$6 USD) - 2016/04/27 6:18:02 ET
Table 'Wisibada' 6-max Seat #1 is the button
Seat 1: MagooLips ($13.50 in chips)
Seat 2: Mordnilap ($132.30 in chips)
MagooLips: posts small blind $1
Mordnilap: posts big blind $3
*** HOLE CARDS ***
MagooLips: raises $3 to $6
Mordnilap: calls $3
*** FLOP *** [3d 6s Td]
Mordnilap: checks
MagooLips: checks
*** TURN *** [3d 6s Td] [9h]
Mordnilap: bets $6
MagooLips: folds
Uncalled bet ($6) returned to Mordnilap
Mordnilap collected $11.76 from pot
Mordnilap: doesn't show hand
*** SUMMARY ***
Total pot $12 | Rake $0.24
Board [3d 6s Td 9h]
Seat 1: MagooLips (button) (small blind) folded on the Turn
Seat 2: Mordnilap (big blind) collected ($11.76)


PokerStars Hand #152510873341:  Hold'em Limit ($3/$6 USD) - 2016/04/27 6:20:01 ET
Table 'Wisibada' 6-max Seat #2 is the button
Seat 1: MagooLips ($18.90 in chips)
Seat 2: Mordnilap ($125.50 in chips)
Mordnilap: posts small blind $1
MagooLips: posts big blind $3
*** HOLE CARDS ***
Mordnilap: raises $3 to $6
MagooLips: raises $3 to $9
Mordnilap: calls $3
*** FLOP *** [7c 3h 7h]
MagooLips: bets $3
Mordnilap: calls $3
*** TURN *** [7c 3h 7h] [4d]
MagooLips: bets $6
Mordnilap: raises $6 to $12
MagooLips: calls $0.90 and is all-in
Uncalled bet ($5.10) returned to Mordnilap
*** RIVER *** [7c 3h 7h 4d] [Ah]
*** SHOW DOWN ***
MagooLips: shows [2h Kh] (a flush, Ace high)
Mordnilap: shows [Ac 9s] (two pair, Aces and Sevens)
MagooLips collected $37.30 from pot
*** SUMMARY ***
Total pot $37.80 | Rake $0.50
Board [7c 3h 7h 4d Ah]
Seat 1: MagooLips (big blind) showed [2h Kh] and won ($37.30) with a flush, Ace high
Seat 2: Mordnilap (button) (small blind) showed [Ac 9s] and lost with two pair, Aces and Sevens


PokerStars Hand #152510870875:  Hold'em Limit ($3/$6 USD) - 2016/04/27 6:19:55 ET
Table 'Wisibada' 6-max Seat #1 is the button
Seat 1: MagooLips ($19.90 in chips)
Seat 2: Mordnilap ($124.50 in chips)
MagooLips: posts small blind $1
Mordnilap: posts big blind $3
*** HOLE CARDS ***
MagooLips: folds
Uncalled bet ($2) returned to Mordnilap
Mordnilap collected $2 from pot
Mordnilap: doesn't show hand
*** SUMMARY ***
Total pot $2 | Rake $0
Seat 1: MagooLips (button) (small blind) folded before Flop
Seat 2: Mordnilap (big blind) collected ($2)


PokerStars Hand #152510857496:  Hold'em Limit ($3/$6 USD) - 2016/04/27 6:19:24 ET
Table 'Wisibada' 6-max Seat #2 is the button
Seat 1: MagooLips ($28.90 in chips)
Seat 2: Mordnilap ($115.86 in chips)
Mordnilap: posts small blind $1
MagooLips: posts big blind $3
*** HOLE CARDS ***
Mordnilap: raises $3 to $6
MagooLips: calls $3
*** FLOP *** [Js Td As]
MagooLips: checks
Mordnilap: bets $3
MagooLips: calls $3
*** TURN *** [Js Td As] [Tc]
MagooLips: checks
Mordnilap: checks
*** RIVER *** [Js Td As Tc] [Qd]
MagooLips: checks
Mordnilap: bets $6
MagooLips: folds
Uncalled bet ($6) returned to Mordnilap
Mordnilap collected $17.64 from pot
Mordnilap: doesn't show hand
*** SUMMARY ***
Total pot $18 | Rake $0.36
Board [Js Td As Tc Qd]
Seat 1: MagooLips (big blind) folded on the River
Seat 2: Mordnilap (button) (small blind) collected ($17.64)


PokerStars Hand #152510847804:  Hold'em Limit ($3/$6 USD) - 2016/04/27 6:19:01 ET
Table 'Wisibada' 6-max Seat #1 is the button
Seat 1: MagooLips ($14.70 in chips)
Seat 2: Mordnilap ($130.56 in chips)
MagooLips: posts small blind $1
Mordnilap: posts big blind $3
*** HOLE CARDS ***
MagooLips: raises $3 to $6
Mordnilap: calls $3
*** FLOP *** [9d 3s Th]
Mordnilap: bets $3
MagooLips: raises $3 to $6
Mordnilap: raises $3 to $9
MagooLips: calls $2.70 and is all-in
Uncalled bet ($0.30) returned to Mordnilap
*** TURN *** [9d 3s Th] [As]
*** RIVER *** [9d 3s Th As] [7d]
*** SHOW DOWN ***
Mordnilap: shows [6d 9c] (a pair of Nines)
MagooLips: shows [Tc Jc] (a pair of Tens)
MagooLips collected $28.90 from pot
*** SUMMARY ***
Total pot $29.40 | Rake $0.50
Board [9d 3s Th As 7d]
Seat 1: MagooLips (button) (small blind) showed [Tc Jc] and won ($28.90) with a pair of Tens
Seat 2: Mordnilap (big blind) showed [6d 9c] and lost with a pair of Nines


PokerStars Hand #152510893504:  Hold'em Limit ($3/$6 USD) - 2016/04/27 6:20:48 ET
Table 'Wisibada' 6-max Seat #1 is the button
Seat 1: MagooLips ($47.82 in chips)
Seat 2: Mordnilap ($95.60 in chips)
MagooLips: posts small blind $1
Mordnilap: posts big blind $3
*** HOLE CARDS ***
MagooLips: folds
Uncalled bet ($2) returned to Mordnilap
Mordnilap collected $2 from pot
Mordnilap: doesn't show hand
*** SUMMARY ***
Total pot $2 | Rake $0
Seat 1: MagooLips (button) (small blind) folded before Flop
Seat 2: Mordnilap (big blind) collected ($2)


PokerStars Hand #152510884178:  Hold'em Limit ($3/$6 USD) - 2016/04/27 6:20:26 ET
Table 'Wisibada' 6-max Seat #2 is the button
Seat 1: MagooLips ($36.30 in chips)
Seat 2: Mordnilap ($107.60 in chips)
Mordnilap: posts small blind $1
MagooLips: posts big blind $3
*** HOLE CARDS ***
Mordnilap: raises $3 to $6
MagooLips: calls $3
*** FLOP *** [2c 9h Kd]
MagooLips: checks
Mordnilap: bets $3
MagooLips: raises $3 to $6
Mordnilap: calls $3
*** TURN *** [2c 9h Kd] [6c]
MagooLips: bets $6
Mordnilap: folds
Uncalled bet ($6) returned to MagooLips
MagooLips collected $23.52 from pot
*** SUMMARY ***
Total pot $24 | Rake $0.48
Board [2c 9h Kd 6c]
Seat 1: MagooLips (big blind) collected ($23.52)
Seat 2: Mordnilap (button) (small blind) folded on the Turn


PokerStars Hand #152510904144:  Hold'em Limit ($3/$6 USD) - 2016/04/27 6:21:13 ET
Table 'Wisibada' 6-max Seat #1 is the button
Seat 1: MagooLips ($39.82 in chips)
Seat 2: Mordnilap ($103.60 in chips)
MagooLips: posts small blind $1
Mordnilap: posts big blind $3
*** HOLE CARDS ***
MagooLips: folds
Uncalled bet ($2) returned to Mordnilap
Mordnilap collected $2 from pot
Mordnilap: doesn't show hand
*** SUMMARY ***
Total pot $2 | Rake $0
Seat 1: MagooLips (button) (small blind) folded before Flop
Seat 2: Mordnilap (big blind) collected ($2)


PokerStars Hand #152510901045:  Hold'em Limit ($3/$6 USD) - 2016/04/27 6:21:05 ET
Table 'Wisibada' 6-max Seat #2 is the button
Seat 1: MagooLips ($42.82 in chips)
Seat 2: Mordnilap ($100.60 in chips)
Mordnilap: posts small blind $1
MagooLips: posts big blind $3
*** HOLE CARDS ***
Mordnilap: raises $3 to $6
MagooLips: folds
Uncalled bet ($3) returned to Mordnilap
Mordnilap collected $6 from pot
Mordnilap: doesn't show hand
*** SUMMARY ***
Total pot $6 | Rake $0
Seat 1: MagooLips (big blind) folded before Flop
Seat 2: Mordnilap (button) (small blind) collected ($6)


PokerStars Hand #152510898108:  Hold'em Limit ($3/$6 USD) - 2016/04/27 6:20:59 ET
Table 'Wisibada' 6-max Seat #1 is the button
Seat 1: MagooLips ($43.82 in chips)
Seat 2: Mordnilap ($99.60 in chips)
MagooLips: posts small blind $1
Mordnilap: posts big blind $3
*** HOLE CARDS ***
MagooLips: folds
Uncalled bet ($2) returned to Mordnilap
Mordnilap collected $2 from pot
Mordnilap: doesn't show hand
*** SUMMARY ***
Total pot $2 | Rake $0
Seat 1: MagooLips (button) (small blind) folded before Flop
Seat 2: Mordnilap (big blind) collected ($2)


PokerStars Hand #152510895677:  Hold'em Limit ($3/$6 USD) - 2016/04/27 6:20:53 ET
Table 'Wisibada' 6-max Seat #2 is the button
Seat 1: MagooLips ($46.82 in chips)
Seat 2: Mordnilap ($96.60 in chips)
Mordnilap: posts small blind $1
MagooLips: posts big blind $3
*** HOLE CARDS ***
Mordnilap: raises $3 to $6
MagooLips: folds
Uncalled bet ($3) returned to Mordnilap
Mordnilap collected $6 from pot
Mordnilap: doesn't show hand
*** SUMMARY ***
Total pot $6 | Rake $0
Seat 1: MagooLips (big blind) folded before Flop
Seat 2: Mordnilap (button) (small blind) collected ($6)


PokerStars Hand #152510881865:  Hold'em Limit ($3/$6 USD) - 2016/04/27 6:20:21 ET
Table 'Wisibada' 6-max Seat #1 is the button
Seat 1: MagooLips ($37.30 in chips)
Seat 2: Mordnilap ($106.60 in chips)
MagooLips: posts small blind $1
Mordnilap: posts big blind $3
*** HOLE CARDS ***
MagooLips: folds
Uncalled bet ($2) returned to Mordnilap
Mordnilap collected $2 from pot
Mordnilap: doesn't show hand
*** SUMMARY ***
Total pot $2 | Rake $0
Seat 1: MagooLips (button) (small blind) folded before Flop
Seat 2: Mordnilap (big blind) collected ($2)


PokerStars Hand #152510926863:  Hold'em Limit ($3/$6 USD) - 2016/04/27 6:22:06 ET
Table 'Wisibada' 6-max Seat #2 is the button
Seat 1: MagooLips ($35.14 in chips)
Seat 2: Mordnilap ($107.28 in chips)
Mordnilap: posts small blind $1
MagooLips: posts big blind $3
*** HOLE CARDS ***
Mordnilap: folds
Uncalled bet ($2) returned to MagooLips
MagooLips collected $2 from pot
*** SUMMARY ***
Total pot $2 | Rake $0
Seat 1: MagooLips (big blind) collected ($2)
Seat 2: Mordnilap (button) (small blind) folded before Flop


PokerStars Hand #152510919930:  Hold'em Limit ($3/$6 USD) - 2016/04/27 6:21:50 ET
Table 'Wisibada' 6-max Seat #1 is the button
Seat 1: MagooLips ($17.82 in chips)
Seat 2: Mordnilap ($125.10 in chips)
MagooLips: posts small blind $1
Mordnilap: posts big blind $3
*** HOLE CARDS ***
MagooLips: raises $3 to $6
Mordnilap: raises $3 to $9
MagooLips: raises $3 to $12
Betting is capped
Mordnilap: calls $3
*** FLOP *** [Jc Qs Js]
Mordnilap: bets $3
MagooLips: raises $2.82 to $5.82 and is all-in
Mordnilap: calls $2.82
*** TURN *** [Jc Qs Js] [As]
*** RIVER *** [Jc Qs Js As] [6d]
*** SHOW DOWN ***
Mordnilap: shows [Kc Jd] (three of a kind, Jacks)
MagooLips: shows [Th Ks] (a straight, Ten to Ace)
MagooLips collected $35.14 from pot
*** SUMMARY ***
Total pot $35.64 | Rake $0.50
Board [Jc Qs Js As 6d]
Seat 1: MagooLips (button) (small blind) showed [Th Ks] and won ($35.14) with a straight, Ten to Ace
Seat 2: Mordnilap (big blind) showed [Kc Jd] and lost with three of a kind, Jacks


PokerStars Hand #152510936115:  Hold'em Limit ($3/$6 USD) - 2016/04/27 6:22:27 ET
Table 'Wisibada' 6-max Seat #2 is the button
Seat 1: MagooLips ($27.14 in chips)
Seat 2: Mordnilap ($114.92 in chips)
Mordnilap: posts small blind $1
MagooLips: posts big blind $3
*** HOLE CARDS ***
Mordnilap: folds
Uncalled bet ($2) returned to MagooLips
MagooLips collected $2 from pot
*** SUMMARY ***
Total pot $2 | Rake $0
Seat 1: MagooLips (big blind) collected ($2)
Seat 2: Mordnilap (button) (small blind) folded before Flop


PokerStars Hand #152510928913:  Hold'em Limit ($3/$6 USD) - 2016/04/27 6:22:11 ET
Table 'Wisibada' 6-max Seat #1 is the button
Seat 1: MagooLips ($36.14 in chips)
Seat 2: Mordnilap ($106.28 in chips)
MagooLips: posts small blind $1
Mordnilap: posts big blind $3
*** HOLE CARDS ***
MagooLips: raises $3 to $6
Mordnilap: calls $3
*** FLOP *** [Td 7c 5d]
Mordnilap: bets $3
MagooLips: calls $3
*** TURN *** [Td 7c 5d] [Ts]
Mordnilap: bets $6
MagooLips: folds
Uncalled bet ($6) returned to Mordnilap
Mordnilap collected $17.64 from pot
Mordnilap: doesn't show hand
*** SUMMARY ***
Total pot $18 | Rake $0.36
Board [Td 7c 5d Ts]
Seat 1: MagooLips (button) (small blind) folded on the Turn
Seat 2: Mordnilap (big blind) collected ($17.64)


PokerStars Hand #152510938211:  Hold'em Limit ($3/$6 USD) - 2016/04/27 6:22:32 ET
Table 'Wisibada' 6-max Seat #1 is the button
Seat 1: MagooLips ($28.14 in chips)
Seat 2: Mordnilap ($113.92 in chips)
MagooLips: posts small blind $1
Mordnilap: posts big blind $3
*** HOLE CARDS ***
MagooLips: raises $3 to $6
Mordnilap: raises $3 to $9
MagooLips: calls $3
*** FLOP *** [Ad 6h 7c]
Mordnilap: bets $3
MagooLips: raises $3 to $6
Mordnilap: raises $3 to $9
MagooLips: calls $3
*** TURN *** [Ad 6h 7c] [Tc]
Mordnilap: bets $6
MagooLips: raises $4.14 to $10.14 and is all-in
Mordnilap: calls $4.14
*** RIVER *** [Ad 6h 7c Tc] [5s]
*** SHOW DOWN ***
Mordnilap: shows [Th As] (two pair, Aces and Tens)
MagooLips: shows [9d 8d] (a straight, Six to Ten)
MagooLips collected $55.78 from pot
*** SUMMARY ***
Total pot $56.28 | Rake $0.50
Board [Ad 6h 7c Tc 5s]
Seat 1: MagooLips (button) (small blind) showed [9d 8d] and won ($55.78) with a straight, Six to Ten
Seat 2: Mordnilap (big blind) showed [Th As] and lost with two pair, Aces and Tens


PokerStars Hand #152510950937:  Hold'em Limit ($3/$6 USD) - 2016/04/27 6:23:02 ET
Table 'Wisibada' 6-max Seat #2 is the button
Seat 1: MagooLips ($55.78 in chips)
Seat 2: Mordnilap ($85.78 in chips)
Mordnilap: posts small blind $1
MagooLips: posts big blind $3
*** HOLE CARDS ***
Mordnilap: raises $3 to $6
MagooLips: folds
Uncalled bet ($3) returned to Mordnilap
Mordnilap collected $6 from pot
Mordnilap: doesn't show hand
*** SUMMARY ***
Total pot $6 | Rake $0
Seat 1: MagooLips (big blind) folded before Flop
Seat 2: Mordnilap (button) (small blind) collected ($6)


PokerStars Hand #152510966330:  Hold'em Limit ($3/$6 USD) - 2016/04/27 6:23:37 ET
Table 'Wisibada' 6-max Seat #2 is the button
Seat 1: MagooLips ($79.28 in chips)
Seat 2: Mordnilap ($72 in chips)
Mordnilap: posts small blind $1
MagooLips: posts big blind $3
*** HOLE CARDS ***
Mordnilap: raises $3 to $6
MagooLips: calls $3
*** FLOP *** [2c Ad 8c]
MagooLips: checks
Mordnilap: bets $3
MagooLips: calls $3
*** TURN *** [2c Ad 8c] [2h]
MagooLips: checks
Mordnilap: checks
*** RIVER *** [2c Ad 8c 2h] [Jc]
MagooLips: checks
Mordnilap: checks
*** SHOW DOWN ***
MagooLips: shows [4s Kc] (a pair of Deuces)
Mordnilap: mucks hand
MagooLips collected $17.64 from pot
*** SUMMARY ***
Total pot $18 | Rake $0.36
Board [2c Ad 8c 2h Jc]
Seat 1: MagooLips (big blind) showed [4s Kc] and won ($17.64) with a pair of Deuces
Seat 2: Mordnilap (button) (small blind) mucked


PokerStars Hand #152510953431:  Hold'em Limit ($3/$6 USD) - 2016/04/27 6:23:08 ET
Table 'Wisibada' 6-max Seat #1 is the button
Seat 1: MagooLips ($52.78 in chips)
Seat 2: Mordnilap ($88.78 in chips)
MagooLips: posts small blind $1
Mordnilap: posts big blind $3
*** HOLE CARDS ***
MagooLips: raises $3 to $6
Mordnilap: raises $3 to $9
MagooLips: calls $3
*** FLOP *** [7c 5s 4h]
Mordnilap: bets $3
MagooLips: raises $3 to $6
Mordnilap: calls $3
*** TURN *** [7c 5s 4h] [5c]
Mordnilap: checks
MagooLips: bets $6
Mordnilap: calls $6
*** RIVER *** [7c 5s 4h 5c] [Qh]
Mordnilap: checks
MagooLips: bets $6
Mordnilap: calls $6
*** SHOW DOWN ***
MagooLips: shows [Jc 7h] (two pair, Sevens and Fives)
Mordnilap: mucks hand
MagooLips collected $53.50 from pot
*** SUMMARY ***
Total pot $54 | Rake $0.50
Board [7c 5s 4h 5c Qh]
Seat 1: MagooLips (button) (small blind) showed [Jc 7h] and won ($53.50) with two pair, Sevens and Fives
Seat 2: Mordnilap (big blind) mucked


PokerStars Hand #152510995909:  Hold'em Limit ($3/$6 USD) - 2016/04/27 6:24:46 ET
Table 'Wisibada' 6-max Seat #2 is the button
Seat 1: MagooLips ($101.42 in chips)
Seat 2: Mordnilap ($76 in chips)
Mordnilap: posts small blind $1
MagooLips: posts big blind $3
*** HOLE CARDS ***
Mordnilap: raises $3 to $6
MagooLips: folds
Uncalled bet ($3) returned to Mordnilap
Mordnilap collected $6 from pot
Mordnilap: doesn't show hand
*** SUMMARY ***
Total pot $6 | Rake $0
Seat 1: MagooLips (big blind) folded before Flop
Seat 2: Mordnilap (button) (small blind) collected ($6)


PokerStars Hand #152510992908:  Hold'em Limit ($3/$6 USD) - 2016/04/27 6:24:39 ET
Table 'Wisibada' 6-max Seat #1 is the button
Seat 1: MagooLips ($102.42 in chips)
Seat 2: Mordnilap ($75 in chips)
MagooLips: posts small blind $1
Mordnilap: posts big blind $3
*** HOLE CARDS ***
MagooLips: folds
Uncalled bet ($2) returned to Mordnilap
Mordnilap collected $2 from pot
Mordnilap: doesn't show hand
*** SUMMARY ***
Total pot $2 | Rake $0
Seat 1: MagooLips (button) (small blind) folded before Flop
Seat 2: Mordnilap (big blind) collected ($2)


PokerStars Hand #152510998369:  Hold'em Limit ($3/$6 USD) - 2016/04/27 6:24:51 ET
Table 'Wisibada' 6-max Seat #1 is the button
Seat 1: MagooLips ($98.42 in chips)
Seat 2: Mordnilap ($79 in chips)
MagooLips: posts small blind $1
Mordnilap: posts big blind $3
*** HOLE CARDS ***
MagooLips: raises $3 to $6
Mordnilap: raises $3 to $9
MagooLips: raises $3 to $12
Betting is capped
Mordnilap: calls $3
*** FLOP *** [Kc Kh 8c]
Mordnilap: checks
MagooLips: bets $3
vicka555 joins the table at seat #3
Mordnilap: calls $3
*** TURN *** [Kc Kh 8c] [Js]
Mordnilap: checks
MagooLips: bets $6
Mordnilap: calls $6
*** RIVER *** [Kc Kh 8c Js] [6h]
Mordnilap: checks
MagooLips: checks
*** SHOW DOWN ***
Mordnilap: shows [Jd Ah] (two pair, Kings and Jacks)
MagooLips: mucks hand
Mordnilap collected $41.50 from pot
*** SUMMARY ***
Total pot $42 | Rake $0.50
Board [Kc Kh 8c Js 6h]
Seat 1: MagooLips (button) (small blind) mucked
Seat 2: Mordnilap (big blind) showed [Jd Ah] and won ($41.50) with two pair, Kings and Jacks


PokerStars Hand #152510978944:  Hold'em Limit ($3/$6 USD) - 2016/04/27 6:24:06 ET
Table 'Wisibada' 6-max Seat #1 is the button
Seat 1: MagooLips ($87.92 in chips)
Seat 2: Mordnilap ($72 in chips)
MagooLips: posts small blind $1
Mordnilap: posts big blind $3
*** HOLE CARDS ***
MagooLips: raises $3 to $6
Mordnilap: raises $3 to $9
MagooLips: calls $3
*** FLOP *** [Tc Th 7h]
Mordnilap: bets $3
MagooLips: calls $3
*** TURN *** [Tc Th 7h] [4c]
Mordnilap: bets $6
MagooLips: raises $6 to $12
Mordnilap: folds
Uncalled bet ($6) returned to MagooLips
MagooLips collected $35.50 from pot
*** SUMMARY ***
Total pot $36 | Rake $0.50
Board [Tc Th 7h 4c]
Seat 1: MagooLips (button) (small blind) collected ($35.50)
Seat 2: Mordnilap (big blind) folded on the Turn


PokerStars Hand #152511674829:  Hold'em Limit ($3/$6 USD) - 2016/04/27 6:50:21 ET
Table 'Wisibada' 6-max Seat #3 is the button
Seat 1: Biffen 1 ($100 in chips)
Seat 3: ABATAPP ($117 in chips)
ABATAPP: posts small blind $1
$polu4atel*$ was removed from the table for failing to post
Biffen 1: posts big blind $3
*** HOLE CARDS ***
ABATAPP: folds
Uncalled bet ($2) returned to Biffen 1
Biffen 1 collected $2 from pot
Biffen 1: doesn't show hand
*** SUMMARY ***
Total pot $2 | Rake $0
Seat 1: Biffen 1 (big blind) collected ($2)
Seat 3: ABATAPP (button) (small blind) folded before Flop


PokerStars Hand #152511671981:  Hold'em Limit ($3/$6 USD) - 2016/04/27 6:50:15 ET
Table 'Wisibada' 6-max Seat #1 is the button
Seat 1: Biffen 1 ($101 in chips)
Seat 3: ABATAPP ($116 in chips)
Biffen 1: posts small blind $1
Mordnilap: is sitting out
ABATAPP: posts big blind $3
*** HOLE CARDS ***
Biffen 1: folds
Uncalled bet ($2) returned to ABATAPP
Mordnilap leaves the table
ABATAPP collected $2 from pot
ABATAPP: doesn't show hand
*** SUMMARY ***
Total pot $2 | Rake $0
Seat 1: Biffen 1 (button) (small blind) folded before Flop
Seat 3: ABATAPP (big blind) collected ($2)


PokerStars Hand #152511677096:  Hold'em Limit ($3/$6 USD) - 2016/04/27 6:50:26 ET
Table 'Wisibada' 6-max Seat #1 is the button
Seat 1: Biffen 1 ($101 in chips)
Seat 3: ABATAPP ($116 in chips)
Biffen 1: posts small blind $1
ABATAPP: posts big blind $3
*** HOLE CARDS ***
Biffen 1: raises $3 to $6
ABATAPP: calls $3
*** FLOP *** [Ks 8s 4d]
ABATAPP: checks
Biffen 1: bets $3
ABATAPP: calls $3
*** TURN *** [Ks 8s 4d] [5s]
ABATAPP: checks
Biffen 1: bets $6
ABATAPP: calls $6
*** RIVER *** [Ks 8s 4d 5s] [Td]
ABATAPP: checks
Biffen 1: bets $6
ABATAPP: calls $6
*** SHOW DOWN ***
Biffen 1: shows [Kc 7s] (a pair of Kings)
ABATAPP: mucks hand
Biffen 1 collected $41.50 from pot
*** SUMMARY ***
Total pot $42 | Rake $0.50
Board [Ks 8s 4d 5s Td]
Seat 1: Biffen 1 (button) (small blind) showed [Kc 7s] and won ($41.50) with a pair of Kings
Seat 3: ABATAPP (big blind) mucked


PokerStars Hand #152511689803:  Hold'em Limit ($3/$6 USD) - 2016/04/27 6:50:55 ET
Table 'Wisibada' 6-max Seat #3 is the button
Seat 1: Biffen 1 ($121.50 in chips)
Seat 3: ABATAPP ($95 in chips)
ABATAPP: posts small blind $1
Biffen 1: posts big blind $3
*** HOLE CARDS ***
ABATAPP: raises $3 to $6
Biffen 1: calls $3
*** FLOP *** [5s 4d Kh]
Biffen 1: checks
ABATAPP: bets $3
Biffen 1: calls $3
*** TURN *** [5s 4d Kh] [Qc]
Biffen 1: checks
ABATAPP: checks
*** RIVER *** [5s 4d Kh Qc] [Jd]
Biffen 1: checks
ABATAPP: bets $6
Biffen 1: calls $6
*** SHOW DOWN ***
ABATAPP: shows [Tc 9s] (a straight, Nine to King)
Biffen 1: mucks hand
ABATAPP collected $29.50 from pot
*** SUMMARY ***
Total pot $30 | Rake $0.50
Board [5s 4d Kh Qc Jd]
Seat 1: Biffen 1 (big blind) mucked
Seat 3: ABATAPP (button) (small blind) showed [Tc 9s] and won ($29.50) with a straight, Nine to King


PokerStars Hand #152511706658:  Hold'em Limit ($3/$6 USD) - 2016/04/27 6:51:32 ET
Table 'Wisibada' 6-max Seat #1 is the button
Seat 1: Biffen 1 ($106.50 in chips)
Seat 3: ABATAPP ($109.50 in chips)
Biffen 1: posts small blind $1
ABATAPP: posts big blind $3
*** HOLE CARDS ***
Biffen 1: raises $3 to $6
ABATAPP: calls $3
*** FLOP *** [5d 4h 4c]
ABATAPP: checks
Biffen 1: checks
*** TURN *** [5d 4h 4c] [8d]
ABATAPP: bets $6
Biffen 1: folds
Uncalled bet ($6) returned to ABATAPP
ABATAPP collected $11.76 from pot
ABATAPP: doesn't show hand
*** SUMMARY ***
Total pot $12 | Rake $0.24
Board [5d 4h 4c 8d]
Seat 1: Biffen 1 (button) (small blind) folded on the Turn
Seat 3: ABATAPP (big blind) collected ($11.76)


