PokerStars Hand #156504692700:  Hold'em Limit ($3/$6 USD) - 2016/07/27 8:10:20 ET
Table 'Wisibada' 6-max Seat #4 is the button
Seat 4: VolkovDmitri ($143.50 in chips)
Seat 5: vvk22 ($44.97 in chips)
VolkovDmitri: posts small blind $1
vvk22: posts big blind $3
*** HOLE CARDS ***
VolkovDmitri: raises $3 to $6
vvk22: raises $3 to $9
VolkovDmitri: calls $3
*** FLOP *** [3d Qc 3s]
vvk22: bets $3
VolkovDmitri: folds
Uncalled bet ($3) returned to vvk22
vvk22 collected $17.64 from pot
*** SUMMARY ***
Total pot $18 | Rake $0.36
Board [3d Qc 3s]
Seat 4: VolkovDmitri (button) (small blind) folded on the Flop
Seat 5: vvk22 (big blind) collected ($17.64)


PokerStars Hand #156504681600:  Hold'em Limit ($3/$6 USD) - 2016/07/27 8:09:56 ET
Table 'Wisibada' 6-max Seat #5 is the button
Seat 4: VolkovDmitri ($123 in chips)
Seat 5: vvk22 ($65.97 in chips)
vvk22: posts small blind $1
VolkovDmitri: posts big blind $3
*** HOLE CARDS ***
vvk22: raises $3 to $6
VolkovDmitri: raises $3 to $9
Ag3r0n joins the table at seat #6
vvk22: raises $3 to $12
Betting is capped
VolkovDmitri: calls $3
*** FLOP *** [5c 2h 3h]
VolkovDmitri: bets $3
vvk22: calls $3
*** TURN *** [5c 2h 3h] [Td]
VolkovDmitri: bets $6
vvk22: calls $6
*** RIVER *** [5c 2h 3h Td] [8h]
VolkovDmitri: checks
vvk22: checks
*** SHOW DOWN ***
VolkovDmitri: shows [4d 4s] (a pair of Fours)
vvk22: mucks hand
VolkovDmitri collected $41.50 from pot
*** SUMMARY ***
Total pot $42 | Rake $0.50
Board [5c 2h 3h Td 8h]
Seat 4: VolkovDmitri (big blind) showed [4d 4s] and won ($41.50) with a pair of Fours
Seat 5: vvk22 (button) (small blind) mucked


PokerStars Hand #156504677744:  Hold'em Limit ($3/$6 USD) - 2016/07/27 8:09:47 ET
Table 'Wisibada' 6-max Seat #4 is the button
Seat 4: VolkovDmitri ($120 in chips)
Seat 5: vvk22 ($68.97 in chips)
VolkovDmitri: posts small blind $1
vvk22: posts big blind $3
*** HOLE CARDS ***
VolkovDmitri: raises $3 to $6
vvk22: folds
Uncalled bet ($3) returned to VolkovDmitri
VolkovDmitri collected $6 from pot
VolkovDmitri: doesn't show hand
*** SUMMARY ***
Total pot $6 | Rake $0
Seat 4: VolkovDmitri (button) (small blind) collected ($6)
Seat 5: vvk22 (big blind) folded before Flop


PokerStars Hand #156504709673:  Hold'em Limit ($3/$6 USD) - 2016/07/27 8:10:57 ET
Table 'Wisibada' 6-max Seat #5 is the button
Seat 4: VolkovDmitri ($125.50 in chips)
Seat 5: vvk22 ($62.13 in chips)
vvk22: posts small blind $1
VolkovDmitri: posts big blind $3
*** HOLE CARDS ***
vvk22: raises $3 to $6
VolkovDmitri: calls $3
*** FLOP *** [6h 4c 7s]
VolkovDmitri: bets $3
vvk22: calls $3
*** TURN *** [6h 4c 7s] [6s]
VolkovDmitri: bets $6
vvk22: calls $6
*** RIVER *** [6h 4c 7s 6s] [Jh]
VolkovDmitri: checks
vvk22: checks
*** SHOW DOWN ***
VolkovDmitri: shows [Ts 4d] (two pair, Sixes and Fours)
vvk22: mucks hand
VolkovDmitri collected $29.50 from pot
*** SUMMARY ***
Total pot $30 | Rake $0.50
Board [6h 4c 7s 6s Jh]
Seat 4: VolkovDmitri (big blind) showed [Ts 4d] and won ($29.50) with two pair, Sixes and Fours
Seat 5: vvk22 (button) (small blind) mucked


PokerStars Hand #156504706972:  Hold'em Limit ($3/$6 USD) - 2016/07/27 8:10:51 ET
Table 'Wisibada' 6-max Seat #4 is the button
Seat 4: VolkovDmitri ($122.50 in chips)
Seat 5: vvk22 ($65.13 in chips)
VolkovDmitri: posts small blind $1
vvk22: posts big blind $3
*** HOLE CARDS ***
VolkovDmitri: raises $3 to $6
vvk22: folds
Uncalled bet ($3) returned to VolkovDmitri
VolkovDmitri collected $6 from pot
VolkovDmitri: doesn't show hand
*** SUMMARY ***
Total pot $6 | Rake $0
Seat 4: VolkovDmitri (button) (small blind) collected ($6)
Seat 5: vvk22 (big blind) folded before Flop


PokerStars Hand #156504698440:  Hold'em Limit ($3/$6 USD) - 2016/07/27 8:10:32 ET
Table 'Wisibada' 6-max Seat #5 is the button
Seat 4: VolkovDmitri ($134.50 in chips)
Seat 5: vvk22 ($53.61 in chips)
vvk22: posts small blind $1
VolkovDmitri: posts big blind $3
*** HOLE CARDS ***
vvk22: raises $3 to $6
VolkovDmitri: calls $3
*** FLOP *** [Ad 4d 2c]
VolkovDmitri: checks
vvk22: checks
*** TURN *** [Ad 4d 2c] [2h]
VolkovDmitri: bets $6
vvk22: raises $6 to $12
VolkovDmitri: folds
Uncalled bet ($6) returned to vvk22
vvk22 collected $23.52 from pot
*** SUMMARY ***
Total pot $24 | Rake $0.48
Board [Ad 4d 2c 2h]
Seat 4: VolkovDmitri (big blind) folded on the Turn
Seat 5: vvk22 (button) (small blind) collected ($23.52)


PokerStars Hand #156504747351:  Hold'em Limit ($3/$6 USD) - 2016/07/27 8:12:19 ET
Table 'Wisibada' 6-max Seat #4 is the button
Seat 4: VolkovDmitri ($120 in chips)
Seat 5: vvk22 ($91.79 in chips)
VolkovDmitri: posts small blind $1
vvk22: posts big blind $3
*** HOLE CARDS ***
VolkovDmitri: raises $3 to $6
vvk22: calls $3
*** FLOP *** [Ah 8s Jd]
vvk22: checks
VolkovDmitri: bets $3
vvk22: folds
Uncalled bet ($3) returned to VolkovDmitri
VolkovDmitri collected $11.76 from pot
VolkovDmitri: doesn't show hand
*** SUMMARY ***
Total pot $12 | Rake $0.24
Board [Ah 8s Jd]
Seat 4: VolkovDmitri (button) (small blind) collected ($11.76)
Seat 5: vvk22 (big blind) folded on the Flop


PokerStars Hand #156504740079:  Hold'em Limit ($3/$6 USD) - 2016/07/27 8:12:03 ET
Table 'Wisibada' 6-max Seat #5 is the button
Seat 4: VolkovDmitri ($120 in chips)
Seat 5: vvk22 ($80.27 in chips)
vvk22: posts small blind $1
VolkovDmitri: posts big blind $3
*** HOLE CARDS ***
vvk22: raises $3 to $6
VolkovDmitri: calls $3
*** FLOP *** [Qd Qs 4s]
VolkovDmitri: checks
vvk22: checks
*** TURN *** [Qd Qs 4s] [8d]
VolkovDmitri: bets $6
vvk22: calls $6
*** RIVER *** [Qd Qs 4s 8d] [Jh]
VolkovDmitri: checks
vvk22: checks
*** SHOW DOWN ***
VolkovDmitri: shows [Ks 5h] (a pair of Queens)
vvk22: shows [Ac 9c] (a pair of Queens - Ace kicker)
vvk22 collected $23.52 from pot
*** SUMMARY ***
Total pot $24 | Rake $0.48
Board [Qd Qs 4s 8d Jh]
Seat 4: VolkovDmitri (big blind) showed [Ks 5h] and lost with a pair of Queens
Seat 5: vvk22 (button) (small blind) showed [Ac 9c] and won ($23.52) with a pair of Queens


PokerStars Hand #156504737477:  Hold'em Limit ($3/$6 USD) - 2016/07/27 8:11:57 ET
Table 'Wisibada' 6-max Seat #4 is the button
Seat 4: VolkovDmitri ($120 in chips)
Seat 5: vvk22 ($79.27 in chips)
VolkovDmitri: posts small blind $1
vvk22: posts big blind $3
*** HOLE CARDS ***
VolkovDmitri: folds
Uncalled bet ($2) returned to vvk22
vvk22 collected $2 from pot
*** SUMMARY ***
Total pot $2 | Rake $0
Seat 4: VolkovDmitri (button) (small blind) folded before Flop
Seat 5: vvk22 (big blind) collected ($2)


PokerStars Hand #156504726601:  Hold'em Limit ($3/$6 USD) - 2016/07/27 8:11:34 ET
Table 'Wisibada' 6-max Seat #5 is the button
Seat 4: VolkovDmitri ($131 in chips)
Seat 5: vvk22 ($55.77 in chips)
vvk22: posts small blind $1
VolkovDmitri: posts big blind $3
*** HOLE CARDS ***
vvk22: raises $3 to $6
VolkovDmitri: raises $3 to $9
vvk22: calls $3
*** FLOP *** [5d 7d 6c]
VolkovDmitri: bets $3
vvk22: calls $3
*** TURN *** [5d 7d 6c] [3h]
VolkovDmitri: checks
vvk22: bets $6
VolkovDmitri: calls $6
*** RIVER *** [5d 7d 6c 3h] [7s]
VolkovDmitri: checks
vvk22: bets $6
VolkovDmitri: calls $6
*** SHOW DOWN ***
vvk22: shows [Qc 5s] (two pair, Sevens and Fives)
VolkovDmitri: mucks hand
vvk22 collected $47.50 from pot
*** SUMMARY ***
Total pot $48 | Rake $0.50
Board [5d 7d 6c 3h 7s]
Seat 4: VolkovDmitri (big blind) mucked
Seat 5: vvk22 (button) (small blind) showed [Qc 5s] and won ($47.50) with two pair, Sevens and Fives


PokerStars Hand #156504719737:  Hold'em Limit ($3/$6 USD) - 2016/07/27 8:11:19 ET
Table 'Wisibada' 6-max Seat #4 is the button
Seat 4: VolkovDmitri ($140 in chips)
Seat 5: vvk22 ($47.13 in chips)
VolkovDmitri: posts small blind $1
vvk22: posts big blind $3
*** HOLE CARDS ***
VolkovDmitri: raises $3 to $6
vvk22: raises $3 to $9
VolkovDmitri: calls $3
*** FLOP *** [Qh 3d Ac]
vvk22: bets $3
VolkovDmitri: folds
Uncalled bet ($3) returned to vvk22
vvk22 collected $17.64 from pot
*** SUMMARY ***
Total pot $18 | Rake $0.36
Board [Qh 3d Ac]
Seat 4: VolkovDmitri (button) (small blind) folded on the Flop
Seat 5: vvk22 (big blind) collected ($17.64)


PokerStars Hand #156504769174:  Hold'em Limit ($3/$6 USD) - 2016/07/27 8:13:06 ET
Table 'Wisibada' 6-max Seat #5 is the button
Seat 4: VolkovDmitri ($120 in chips)
Seat 5: vvk22 ($94.29 in chips)
vvk22: posts small blind $1
VolkovDmitri: posts big blind $3
*** HOLE CARDS ***
vvk22: raises $3 to $6
VolkovDmitri: raises $3 to $9
vvk22: calls $3
*** FLOP *** [4c Kd 9s]
VolkovDmitri: bets $3
vvk22: raises $3 to $6
VolkovDmitri: folds
Uncalled bet ($3) returned to vvk22
vvk22 collected $23.52 from pot
*** SUMMARY ***
Total pot $24 | Rake $0.48
Board [4c Kd 9s]
Seat 4: VolkovDmitri (big blind) folded on the Flop
Seat 5: vvk22 (button) (small blind) collected ($23.52)


PokerStars Hand #156504758985:  Hold'em Limit ($3/$6 USD) - 2016/07/27 8:12:44 ET
Table 'Wisibada' 6-max Seat #4 is the button
Seat 4: VolkovDmitri ($143.26 in chips)
Seat 5: vvk22 ($67.79 in chips)
VolkovDmitri: posts small blind $1
vvk22: posts big blind $3
*** HOLE CARDS ***
VolkovDmitri: raises $3 to $6
vvk22: raises $3 to $9
VolkovDmitri: raises $3 to $12
Betting is capped
vvk22: calls $3
*** FLOP *** [8h Qc 7c]
vvk22: bets $3
VolkovDmitri: calls $3
*** TURN *** [8h Qc 7c] [6d]
vvk22: bets $6
VolkovDmitri: calls $6
*** RIVER *** [8h Qc 7c 6d] [Ad]
vvk22: bets $6
VolkovDmitri: calls $6
*** SHOW DOWN ***
vvk22: shows [Th 7h] (a pair of Sevens)
VolkovDmitri: mucks hand
vvk22 collected $53.50 from pot
*** SUMMARY ***
Total pot $54 | Rake $0.50
Board [8h Qc 7c 6d Ad]
Seat 4: VolkovDmitri (button) (small blind) mucked
Seat 5: vvk22 (big blind) showed [Th 7h] and won ($53.50) with a pair of Sevens


PokerStars Hand #156504751850:  Hold'em Limit ($3/$6 USD) - 2016/07/27 8:12:29 ET
Table 'Wisibada' 6-max Seat #5 is the button
Seat 4: VolkovDmitri ($125.76 in chips)
Seat 5: vvk22 ($85.79 in chips)
vvk22: posts small blind $1
VolkovDmitri: posts big blind $3
*** HOLE CARDS ***
vvk22: raises $3 to $6
VolkovDmitri: raises $3 to $9
vvk22: calls $3
*** FLOP *** [Ah 6s 4h]
VolkovDmitri: bets $3
vvk22: calls $3
*** TURN *** [Ah 6s 4h] [2c]
VolkovDmitri: bets $6
vvk22: calls $6
*** RIVER *** [Ah 6s 4h 2c] [9d]
VolkovDmitri: bets $6
vvk22: folds
Uncalled bet ($6) returned to VolkovDmitri
VolkovDmitri collected $35.50 from pot
VolkovDmitri: doesn't show hand
*** SUMMARY ***
Total pot $36 | Rake $0.50
Board [Ah 6s 4h 2c 9d]
Seat 4: VolkovDmitri (big blind) collected ($35.50)
Seat 5: vvk22 (button) (small blind) folded on the River


PokerStars Hand #156504799067:  Hold'em Limit ($3/$6 USD) - 2016/07/27 8:14:11 ET
Table 'Wisibada' 6-max Seat #4 is the button
Seat 4: VolkovDmitri ($135.27 in chips)
Seat 5: vvk22 ($89.56 in chips)
VolkovDmitri: posts small blind $1
vvk22: posts big blind $3
*** HOLE CARDS ***
VolkovDmitri: folds
Uncalled bet ($2) returned to vvk22
vvk22 collected $2 from pot
*** SUMMARY ***
Total pot $2 | Rake $0
Seat 4: VolkovDmitri (button) (small blind) folded before Flop
Seat 5: vvk22 (big blind) collected ($2)


PokerStars Hand #156504790079:  Hold'em Limit ($3/$6 USD) - 2016/07/27 8:13:51 ET
Table 'Wisibada' 6-max Seat #5 is the button
Seat 4: VolkovDmitri ($135.52 in chips)
Seat 5: vvk22 ($89.81 in chips)
vvk22: posts small blind $1
VolkovDmitri: posts big blind $3
*** HOLE CARDS ***
vvk22: raises $3 to $6
VolkovDmitri: calls $3
*** FLOP *** [9c Jd Kd]
VolkovDmitri: checks
vvk22: bets $3
VolkovDmitri: raises $3 to $6
vvk22: calls $3
*** TURN *** [9c Jd Kd] [Qc]
VolkovDmitri: bets $6
vvk22: raises $6 to $12
VolkovDmitri: calls $6
*** RIVER *** [9c Jd Kd Qc] [6d]
VolkovDmitri: checks
vvk22: bets $6
VolkovDmitri: calls $6
*** SHOW DOWN ***
vvk22: shows [Td 8c] (a straight, Nine to King)
VolkovDmitri: shows [7d Ts] (a straight, Nine to King)
VolkovDmitri collected $29.75 from pot
vvk22 collected $29.75 from pot
*** SUMMARY ***
Total pot $60 | Rake $0.50
Board [9c Jd Kd Qc 6d]
Seat 4: VolkovDmitri (big blind) showed [7d Ts] and won ($29.75) with a straight, Nine to King
Seat 5: vvk22 (button) (small blind) showed [Td 8c] and won ($29.75) with a straight, Nine to King


PokerStars Hand #156504787825:  Hold'em Limit ($3/$6 USD) - 2016/07/27 8:13:46 ET
Table 'Wisibada' 6-max Seat #4 is the button
Seat 4: VolkovDmitri ($132.52 in chips)
Seat 5: vvk22 ($92.81 in chips)
VolkovDmitri: posts small blind $1
vvk22: posts big blind $3
*** HOLE CARDS ***
VolkovDmitri: raises $3 to $6
vvk22: folds
Uncalled bet ($3) returned to VolkovDmitri
VolkovDmitri collected $6 from pot
VolkovDmitri: doesn't show hand
*** SUMMARY ***
Total pot $6 | Rake $0
Seat 4: VolkovDmitri (button) (small blind) collected ($6)
Seat 5: vvk22 (big blind) folded before Flop


PokerStars Hand #156504785588:  Hold'em Limit ($3/$6 USD) - 2016/07/27 8:13:42 ET
Table 'Wisibada' 6-max Seat #5 is the button
Seat 4: VolkovDmitri ($131.52 in chips)
Seat 5: vvk22 ($93.81 in chips)
vvk22: posts small blind $1
VolkovDmitri: posts big blind $3
*** HOLE CARDS ***
vvk22: folds
Uncalled bet ($2) returned to VolkovDmitri
VolkovDmitri collected $2 from pot
*** SUMMARY ***
Total pot $2 | Rake $0
Seat 4: VolkovDmitri (big blind) collected ($2)
Seat 5: vvk22 (button) (small blind) folded before Flop


PokerStars Hand #156504778539:  Hold'em Limit ($3/$6 USD) - 2016/07/27 8:13:27 ET
Table 'Wisibada' 6-max Seat #4 is the button
Seat 4: VolkovDmitri ($120 in chips)
Seat 5: vvk22 ($105.81 in chips)
VolkovDmitri: posts small blind $1
vvk22: posts big blind $3
*** HOLE CARDS ***
VolkovDmitri: raises $3 to $6
vvk22: raises $3 to $9
VolkovDmitri: calls $3
*** FLOP *** [Ks 8c 7c]
vvk22: bets $3
VolkovDmitri: raises $3 to $6
vvk22: folds
Uncalled bet ($3) returned to VolkovDmitri
VolkovDmitri collected $23.52 from pot
VolkovDmitri: doesn't show hand
*** SUMMARY ***
Total pot $24 | Rake $0.48
Board [Ks 8c 7c]
Seat 4: VolkovDmitri (button) (small blind) collected ($23.52)
Seat 5: vvk22 (big blind) folded on the Flop


PokerStars Hand #156504801628:  Hold'em Limit ($3/$6 USD) - 2016/07/27 8:14:16 ET
Table 'Wisibada' 6-max Seat #5 is the button
Seat 4: VolkovDmitri ($134.27 in chips)
Seat 5: vvk22 ($90.56 in chips)
vvk22: posts small blind $1
VolkovDmitri: posts big blind $3
*** HOLE CARDS ***
vvk22: raises $3 to $6
VolkovDmitri: calls $3
*** FLOP *** [2h 8s Qc]
VolkovDmitri: checks
vvk22: checks
*** TURN *** [2h 8s Qc] [5c]
VolkovDmitri: checks
vvk22: bets $6
VolkovDmitri: folds
Uncalled bet ($6) returned to vvk22
vvk22 collected $11.76 from pot
*** SUMMARY ***
Total pot $12 | Rake $0.24
Board [2h 8s Qc 5c]
Seat 4: VolkovDmitri (big blind) folded on the Turn
Seat 5: vvk22 (button) (small blind) collected ($11.76)


PokerStars Hand #156504810271:  Hold'em Limit ($3/$6 USD) - 2016/07/27 8:14:35 ET
Table 'Wisibada' 6-max Seat #4 is the button
Seat 4: VolkovDmitri ($128.27 in chips)
Seat 5: vvk22 ($96.32 in chips)
VolkovDmitri: posts small blind $1
vvk22: posts big blind $3
*** HOLE CARDS ***
VolkovDmitri: raises $3 to $6
vvk22: calls $3
*** FLOP *** [5h 3d Ad]
vvk22: bets $3
VolkovDmitri: raises $3 to $6
vvk22: folds
Uncalled bet ($3) returned to VolkovDmitri
MARIBORO8 joins the table at seat #3
VolkovDmitri collected $17.64 from pot
VolkovDmitri: doesn't show hand
*** SUMMARY ***
Total pot $18 | Rake $0.36
Board [5h 3d Ad]
Seat 4: VolkovDmitri (button) (small blind) collected ($17.64)
Seat 5: vvk22 (big blind) folded on the Flop


PokerStars Hand #156504972597:  Hold'em Limit ($3/$6 USD) - 2016/07/27 8:20:24 ET
Table 'Wisibada' 6-max Seat #6 is the button
Seat 3: MARIBORO8 ($12.36 in chips)
Seat 6: Ag3r0n ($122.41 in chips)
Ag3r0n: posts small blind $1
MARIBORO8: posts big blind $3
*** HOLE CARDS ***
Ag3r0n: folds
Uncalled bet ($2) returned to MARIBORO8
MARIBORO8 collected $2 from pot
MARIBORO8: doesn't show hand
*** SUMMARY ***
Total pot $2 | Rake $0
Seat 3: MARIBORO8 (big blind) collected ($2)
Seat 6: Ag3r0n (button) (small blind) folded before Flop


PokerStars Hand #156504969313:  Hold'em Limit ($3/$6 USD) - 2016/07/27 8:20:17 ET
Table 'Wisibada' 6-max Seat #3 is the button
Seat 3: MARIBORO8 ($9.36 in chips)
Seat 6: Ag3r0n ($125.41 in chips)
MARIBORO8: posts small blind $1
Ale4o: is sitting out
Ag3r0n: posts big blind $3
*** HOLE CARDS ***
MARIBORO8: raises $3 to $6
Ag3r0n: folds
Uncalled bet ($3) returned to MARIBORO8
MARIBORO8 collected $6 from pot
*** SUMMARY ***
Total pot $6 | Rake $0
Seat 3: MARIBORO8 (button) (small blind) collected ($6)
Seat 6: Ag3r0n (big blind) folded before Flop


PokerStars Hand #156504974999:  Hold'em Limit ($3/$6 USD) - 2016/07/27 8:20:30 ET
Table 'Wisibada' 6-max Seat #3 is the button
Seat 3: MARIBORO8 ($13.36 in chips)
Seat 6: Ag3r0n ($121.41 in chips)
MARIBORO8: posts small blind $1
Ag3r0n: posts big blind $3
*** HOLE CARDS ***
MARIBORO8: raises $3 to $6
Ag3r0n: calls $3
*** FLOP *** [Qs 5s Kc]
Ag3r0n: checks
MARIBORO8: bets $3
Ag3r0n: calls $3
*** TURN *** [Qs 5s Kc] [Tc]
Ag3r0n: checks
MARIBORO8: bets $4.36 and is all-in
Ag3r0n: calls $4.36
*** RIVER *** [Qs 5s Kc Tc] [Ks]
*** SHOW DOWN ***
Ag3r0n: shows [5d 6d] (two pair, Kings and Fives)
MARIBORO8: shows [Td Kh] (a full house, Kings full of Tens)
MARIBORO8 collected $26.22 from pot
*** SUMMARY ***
Total pot $26.72 | Rake $0.50
Board [Qs 5s Kc Tc Ks]
Seat 3: MARIBORO8 (button) (small blind) showed [Td Kh] and won ($26.22) with a full house, Kings full of Tens
Seat 6: Ag3r0n (big blind) showed [5d 6d] and lost with two pair, Kings and Fives


PokerStars Hand #156504984274:  Hold'em Limit ($3/$6 USD) - 2016/07/27 8:20:49 ET
Table 'Wisibada' 6-max Seat #6 is the button
Seat 3: MARIBORO8 ($26.22 in chips)
Seat 6: Ag3r0n ($108.05 in chips)
Ag3r0n: posts small blind $1
MARIBORO8: posts big blind $3
*** HOLE CARDS ***
Ag3r0n: folds
Uncalled bet ($2) returned to MARIBORO8
MARIBORO8 collected $2 from pot
MARIBORO8: doesn't show hand
*** SUMMARY ***
Total pot $2 | Rake $0
Seat 3: MARIBORO8 (big blind) collected ($2)
Seat 6: Ag3r0n (button) (small blind) folded before Flop


PokerStars Hand #156505355237:  Hold'em Limit ($3/$6 USD) - 2016/07/27 8:33:59 ET
Table 'Wisibada' 6-max Seat #2 is the button
Seat 2: LosLumumba88 ($93.03 in chips)
Seat 6: Ag3r0n ($110.81 in chips)
LosLumumba88: posts small blind $1
Ag3r0n: posts big blind $3
*** HOLE CARDS ***
LosLumumba88: raises $3 to $6
Ag3r0n: calls $3
*** FLOP *** [5s Jd 7s]
Ag3r0n: checks
LosLumumba88: bets $3
Ag3r0n: raises $3 to $6
LosLumumba88: calls $3
*** TURN *** [5s Jd 7s] [9d]
BuzovaPro leaves the table
Ag3r0n: bets $6
LosLumumba88: calls $6
*** RIVER *** [5s Jd 7s 9d] [5d]
Ag3r0n: bets $6
LosLumumba88: folds
Uncalled bet ($6) returned to Ag3r0n
Ag3r0n collected $35.50 from pot
*** SUMMARY ***
Total pot $36 | Rake $0.50
Board [5s Jd 7s 9d 5d]
Seat 2: LosLumumba88 (button) (small blind) folded on the River
Seat 6: Ag3r0n (big blind) collected ($35.50)


PokerStars Hand #156505348829:  Hold'em Limit ($3/$6 USD) - 2016/07/27 8:33:45 ET
Table 'Wisibada' 6-max Seat #6 is the button
Seat 2: LosLumumba88 ($92.03 in chips)
Seat 6: Ag3r0n ($111.81 in chips)
Ag3r0n: posts small blind $1
LosLumumba88: posts big blind $3
*** HOLE CARDS ***
Ag3r0n: folds
Uncalled bet ($2) returned to LosLumumba88
LosLumumba88 collected $2 from pot
*** SUMMARY ***
Total pot $2 | Rake $0
Seat 2: LosLumumba88 (big blind) collected ($2)
Seat 6: Ag3r0n (button) (small blind) folded before Flop


PokerStars Hand #156505340439:  Hold'em Limit ($3/$6 USD) - 2016/07/27 8:33:27 ET
Table 'Wisibada' 6-max Seat #2 is the button
Seat 2: LosLumumba88 ($104.03 in chips)
Seat 6: Ag3r0n ($100.29 in chips)
LosLumumba88: posts small blind $1
BuzovaPro: is sitting out
Ag3r0n: posts big blind $3
*** HOLE CARDS ***
LosLumumba88: raises $3 to $6
Ag3r0n: calls $3
*** FLOP *** [9s Ts 7h]
Ag3r0n: checks
LosLumumba88: bets $3
Ag3r0n: raises $3 to $6
LosLumumba88: calls $3
*** TURN *** [9s Ts 7h] [Ks]
Ag3r0n: bets $6
LosLumumba88: folds
Uncalled bet ($6) returned to Ag3r0n
Ag3r0n collected $23.52 from pot
*** SUMMARY ***
Total pot $24 | Rake $0.48
Board [9s Ts 7h Ks]
Seat 2: LosLumumba88 (button) (small blind) folded on the Turn
Seat 6: Ag3r0n (big blind) collected ($23.52)


PokerStars Hand #156505395358:  Hold'em Limit ($3/$6 USD) - 2016/07/27 8:35:23 ET
Table 'Wisibada' 6-max Seat #6 is the button
Seat 2: LosLumumba88 ($61.55 in chips)
Seat 6: Ag3r0n ($140.81 in chips)
Ag3r0n: posts small blind $1
LosLumumba88: posts big blind $3
*** HOLE CARDS ***
Ag3r0n: raises $3 to $6
LosLumumba88: folds
Uncalled bet ($3) returned to Ag3r0n
Ag3r0n collected $6 from pot
*** SUMMARY ***
Total pot $6 | Rake $0
Seat 2: LosLumumba88 (big blind) folded before Flop
Seat 6: Ag3r0n (button) (small blind) collected ($6)


PokerStars Hand #156505391368:  Hold'em Limit ($3/$6 USD) - 2016/07/27 8:35:15 ET
Table 'Wisibada' 6-max Seat #2 is the button
Seat 2: LosLumumba88 ($62.55 in chips)
Seat 6: Ag3r0n ($139.81 in chips)
LosLumumba88: posts small blind $1
Ag3r0n: posts big blind $3
*** HOLE CARDS ***
LosLumumba88: folds
Uncalled bet ($2) returned to Ag3r0n
Ag3r0n collected $2 from pot
*** SUMMARY ***
Total pot $2 | Rake $0
Seat 2: LosLumumba88 (button) (small blind) folded before Flop
Seat 6: Ag3r0n (big blind) collected ($2)


PokerStars Hand #156505387410:  Hold'em Limit ($3/$6 USD) - 2016/07/27 8:35:06 ET
Table 'Wisibada' 6-max Seat #6 is the button
Seat 2: LosLumumba88 ($65.55 in chips)
Seat 6: Ag3r0n ($136.81 in chips)
Ag3r0n: posts small blind $1
LosLumumba88: posts big blind $3
*** HOLE CARDS ***
Ag3r0n: raises $3 to $6
LosLumumba88: folds
Uncalled bet ($3) returned to Ag3r0n
Ag3r0n collected $6 from pot
*** SUMMARY ***
Total pot $6 | Rake $0
Seat 2: LosLumumba88 (big blind) folded before Flop
Seat 6: Ag3r0n (button) (small blind) collected ($6)


PokerStars Hand #156505375849:  Hold'em Limit ($3/$6 USD) - 2016/07/27 8:34:42 ET
Table 'Wisibada' 6-max Seat #2 is the button
Seat 2: LosLumumba88 ($54.03 in chips)
Seat 6: Ag3r0n ($148.81 in chips)
LosLumumba88: posts small blind $1
Ag3r0n: posts big blind $3
*** HOLE CARDS ***
LosLumumba88: raises $3 to $6
Ag3r0n: raises $3 to $9
LosLumumba88: calls $3
*** FLOP *** [7h 4s 8d]
Ag3r0n: checks
LosLumumba88: bets $3
Ag3r0n: calls $3
*** TURN *** [7h 4s 8d] [5h]
Ag3r0n: checks
LosLumumba88: bets $6
Ag3r0n: folds
Uncalled bet ($6) returned to LosLumumba88
LosLumumba88 collected $23.52 from pot
*** SUMMARY ***
Total pot $24 | Rake $0.48
Board [7h 4s 8d 5h]
Seat 2: LosLumumba88 (button) (small blind) collected ($23.52)
Seat 6: Ag3r0n (big blind) folded on the Turn


PokerStars Hand #156505364951:  Hold'em Limit ($3/$6 USD) - 2016/07/27 8:34:19 ET
Table 'Wisibada' 6-max Seat #6 is the button
Seat 2: LosLumumba88 ($75.03 in chips)
Seat 6: Ag3r0n ($128.31 in chips)
Ag3r0n: posts small blind $1
LosLumumba88: posts big blind $3
*** HOLE CARDS ***
Ag3r0n: raises $3 to $6
LosLumumba88: raises $3 to $9
Ag3r0n: raises $3 to $12
Betting is capped
LosLumumba88: calls $3
*** FLOP *** [Jc 3c Ad]
LosLumumba88: checks
Ag3r0n: bets $3
LosLumumba88: calls $3
*** TURN *** [Jc 3c Ad] [6s]
LosLumumba88: checks
Ag3r0n: bets $6
LosLumumba88: calls $6
*** RIVER *** [Jc 3c Ad 6s] [4c]
LosLumumba88: checks
Ag3r0n: checks
*** SHOW DOWN ***
LosLumumba88: shows [Ts Js] (a pair of Jacks)
Ag3r0n: shows [Kc Kh] (a pair of Kings)
Ag3r0n collected $41.50 from pot
*** SUMMARY ***
Total pot $42 | Rake $0.50
Board [Jc 3c Ad 6s 4c]
Seat 2: LosLumumba88 (big blind) showed [Ts Js] and lost with a pair of Jacks
Seat 6: Ag3r0n (button) (small blind) showed [Kc Kh] and won ($41.50) with a pair of Kings


PokerStars Hand #156505409779:  Hold'em Limit ($3/$6 USD) - 2016/07/27 8:35:54 ET
Table 'Wisibada' 6-max Seat #2 is the button
Seat 2: LosLumumba88 ($61.19 in chips)
Seat 6: Ag3r0n ($140.57 in chips)
LosLumumba88: posts small blind $1
Ag3r0n: posts big blind $3
*** HOLE CARDS ***
LosLumumba88: raises $3 to $6
Ag3r0n: raises $3 to $9
LosLumumba88: raises $3 to $12
Betting is capped
Ag3r0n: calls $3
*** FLOP *** [5h 2s 2d]
Ag3r0n: checks
LosLumumba88: bets $3
Ag3r0n: raises $3 to $6
LosLumumba88: calls $3
*** TURN *** [5h 2s 2d] [Qs]
Ag3r0n: bets $6
LosLumumba88: calls $6
*** RIVER *** [5h 2s 2d Qs] [2h]
Ag3r0n: bets $6
LosLumumba88: calls $6
*** SHOW DOWN ***
Ag3r0n: shows [Kh Kd] (a full house, Deuces full of Kings)
LosLumumba88: mucks hand
Ag3r0n collected $59.50 from pot
*** SUMMARY ***
Total pot $60 | Rake $0.50
Board [5h 2s 2d Qs 2h]
Seat 2: LosLumumba88 (button) (small blind) mucked
Seat 6: Ag3r0n (big blind) showed [Kh Kd] and won ($59.50) with a full house, Deuces full of Kings


PokerStars Hand #156505404375:  Hold'em Limit ($3/$6 USD) - 2016/07/27 8:35:42 ET
Table 'Wisibada' 6-max Seat #6 is the button
Seat 2: LosLumumba88 ($67.19 in chips)
Seat 6: Ag3r0n ($134.81 in chips)
Ag3r0n: posts small blind $1
LosLumumba88: posts big blind $3
*** HOLE CARDS ***
Ag3r0n: raises $3 to $6
LosLumumba88: calls $3
*** FLOP *** [5c 9d As]
LosLumumba88: checks
Ag3r0n: bets $3
LosLumumba88: folds
Uncalled bet ($3) returned to Ag3r0n
Ag3r0n collected $11.76 from pot
*** SUMMARY ***
Total pot $12 | Rake $0.24
Board [5c 9d As]
Seat 2: LosLumumba88 (big blind) folded on the Flop
Seat 6: Ag3r0n (button) (small blind) collected ($11.76)


PokerStars Hand #156505398187:  Hold'em Limit ($3/$6 USD) - 2016/07/27 8:35:29 ET
Table 'Wisibada' 6-max Seat #2 is the button
Seat 2: LosLumumba88 ($58.55 in chips)
Seat 6: Ag3r0n ($143.81 in chips)
LosLumumba88: posts small blind $1
Ag3r0n: posts big blind $3
*** HOLE CARDS ***
LosLumumba88: raises $3 to $6
Ag3r0n: calls $3
*** FLOP *** [7h 9s Td]
Ag3r0n: checks
LosLumumba88: bets $3
Ag3r0n: calls $3
*** TURN *** [7h 9s Td] [Th]
Ag3r0n: checks
LosLumumba88: bets $6
Ag3r0n: folds
Uncalled bet ($6) returned to LosLumumba88
LosLumumba88 collected $17.64 from pot
*** SUMMARY ***
Total pot $18 | Rake $0.36
Board [7h 9s Td Th]
Seat 2: LosLumumba88 (button) (small blind) collected ($17.64)
Seat 6: Ag3r0n (big blind) folded on the Turn


PokerStars Hand #156505419487:  Hold'em Limit ($3/$6 USD) - 2016/07/27 8:36:14 ET
Table 'Wisibada' 6-max Seat #6 is the button
Seat 2: LosLumumba88 ($31.19 in chips)
Seat 6: Ag3r0n ($170.07 in chips)
Ag3r0n: posts small blind $1
LosLumumba88: posts big blind $3
*** HOLE CARDS ***
Ag3r0n: raises $3 to $6
LosLumumba88: calls $3
*** FLOP *** [3h 7d Jh]
LosLumumba88: checks
Ag3r0n: bets $3
LosLumumba88: raises $3 to $6
MARIBORO8 leaves the table
Ag3r0n: calls $3
*** TURN *** [3h 7d Jh] [Ks]
LosLumumba88: bets $6
Ag3r0n: calls $6
*** RIVER *** [3h 7d Jh Ks] [Kh]
Fabulous108 joins the table at seat #3
Ale4o leaves the table
LosLumumba88: checks
Ag3r0n: bets $6
LosLumumba88: folds
Uncalled bet ($6) returned to Ag3r0n
Ag3r0n collected $35.50 from pot
*** SUMMARY ***
Total pot $36 | Rake $0.50
Board [3h 7d Jh Ks Kh]
Seat 2: LosLumumba88 (big blind) folded on the River
Seat 6: Ag3r0n (button) (small blind) collected ($35.50)


PokerStars Hand #156505500055:  Hold'em Limit ($3/$6 USD) - 2016/07/27 8:39:02 ET
Table 'Wisibada' 6-max Seat #6 is the button
Seat 2: LosLumumba88 ($34.56 in chips)
Seat 6: Ag3r0n ($198.57 in chips)
Ag3r0n: posts small blind $1
LosLumumba88: posts big blind $3
*** HOLE CARDS ***
Ag3r0n: raises $3 to $6
LosLumumba88: calls $3
*** FLOP *** [Tc 6h Ah]
LosLumumba88: checks
Ag3r0n: bets $3
LosLumumba88: raises $3 to $6
Ag3r0n: raises $3 to $9
LosLumumba88: calls $3
*** TURN *** [Tc 6h Ah] [Kh]
LosLumumba88: checks
Ag3r0n: checks
*** RIVER *** [Tc 6h Ah Kh] [9s]
LosLumumba88: bets $6
Ag3r0n: folds
Uncalled bet ($6) returned to LosLumumba88
LosLumumba88 collected $29.50 from pot
*** SUMMARY ***
Total pot $30 | Rake $0.50
Board [Tc 6h Ah Kh 9s]
Seat 2: LosLumumba88 (big blind) collected ($29.50)
Seat 6: Ag3r0n (button) (small blind) folded on the River


PokerStars Hand #156505495798:  Hold'em Limit ($3/$6 USD) - 2016/07/27 8:38:53 ET
Table 'Wisibada' 6-max Seat #2 is the button
Seat 2: LosLumumba88 ($31.56 in chips)
Seat 6: Ag3r0n ($201.57 in chips)
LosLumumba88: posts small blind $1
Fabulous108: is sitting out
Ag3r0n: posts big blind $3
*** HOLE CARDS ***
LosLumumba88: raises $3 to $6
Ag3r0n: folds
Uncalled bet ($3) returned to LosLumumba88
LosLumumba88 collected $6 from pot
*** SUMMARY ***
Total pot $6 | Rake $0
Seat 2: LosLumumba88 (button) (small blind) collected ($6)
Seat 6: Ag3r0n (big blind) folded before Flop


PokerStars Hand #156505537257:  Hold'em Limit ($3/$6 USD) - 2016/07/27 8:40:21 ET
Table 'Wisibada' 6-max Seat #2 is the button
Seat 2: LosLumumba88 ($69.20 in chips)
Seat 6: Ag3r0n ($162.33 in chips)
LosLumumba88: posts small blind $1
Ag3r0n: posts big blind $3
*** HOLE CARDS ***
LosLumumba88: raises $3 to $6
Ag3r0n: calls $3
*** FLOP *** [6c Jh Qd]
Ag3r0n: checks
LosLumumba88: bets $3
Ag3r0n: folds
Uncalled bet ($3) returned to LosLumumba88
LosLumumba88 collected $11.76 from pot
*** SUMMARY ***
Total pot $12 | Rake $0.24
Board [6c Jh Qd]
Seat 2: LosLumumba88 (button) (small blind) collected ($11.76)
Seat 6: Ag3r0n (big blind) folded on the Flop


PokerStars Hand #156505531171:  Hold'em Limit ($3/$6 USD) - 2016/07/27 8:40:08 ET
Table 'Wisibada' 6-max Seat #6 is the button
Seat 2: LosLumumba88 ($54.70 in chips)
Seat 6: Ag3r0n ($177.33 in chips)
Ag3r0n: posts small blind $1
LosLumumba88: posts big blind $3
*** HOLE CARDS ***
Ag3r0n: raises $3 to $6
LosLumumba88: calls $3
*** FLOP *** [Kh 2s 4c]
LosLumumba88: checks
Ag3r0n: bets $3
LosLumumba88: calls $3
*** TURN *** [Kh 2s 4c] [Td]
LosLumumba88: checks
Ag3r0n: checks
*** RIVER *** [Kh 2s 4c Td] [9h]
LosLumumba88: bets $6
Ag3r0n: calls $6
*** SHOW DOWN ***
LosLumumba88: shows [Kd 4h] (two pair, Kings and Fours)
Ag3r0n: mucks hand
LosLumumba88 collected $29.50 from pot
*** SUMMARY ***
Total pot $30 | Rake $0.50
Board [Kh 2s 4c Td 9h]
Seat 2: LosLumumba88 (big blind) showed [Kd 4h] and won ($29.50) with two pair, Kings and Fours
Seat 6: Ag3r0n (button) (small blind) mucked


PokerStars Hand #156505528810:  Hold'em Limit ($3/$6 USD) - 2016/07/27 8:40:02 ET
Table 'Wisibada' 6-max Seat #2 is the button
Seat 2: LosLumumba88 ($55.70 in chips)
Seat 6: Ag3r0n ($176.33 in chips)
LosLumumba88: posts small blind $1
Ag3r0n: posts big blind $3
*** HOLE CARDS ***
LosLumumba88: folds
Uncalled bet ($2) returned to Ag3r0n
Ag3r0n collected $2 from pot
*** SUMMARY ***
Total pot $2 | Rake $0
Seat 2: LosLumumba88 (button) (small blind) folded before Flop
Seat 6: Ag3r0n (big blind) collected ($2)


PokerStars Hand #156505526734:  Hold'em Limit ($3/$6 USD) - 2016/07/27 8:39:58 ET
Table 'Wisibada' 6-max Seat #6 is the button
Seat 2: LosLumumba88 ($54.70 in chips)
Seat 6: Ag3r0n ($177.33 in chips)
Ag3r0n: posts small blind $1
LosLumumba88: posts big blind $3
*** HOLE CARDS ***
Ag3r0n: folds
Uncalled bet ($2) returned to LosLumumba88
LosLumumba88 collected $2 from pot
*** SUMMARY ***
Total pot $2 | Rake $0
Seat 2: LosLumumba88 (big blind) collected ($2)
Seat 6: Ag3r0n (button) (small blind) folded before Flop


PokerStars Hand #156505523438:  Hold'em Limit ($3/$6 USD) - 2016/07/27 8:39:51 ET
Table 'Wisibada' 6-max Seat #2 is the button
Seat 2: LosLumumba88 ($51.70 in chips)
Seat 6: Ag3r0n ($180.33 in chips)
LosLumumba88: posts small blind $1
Ag3r0n: posts big blind $3
*** HOLE CARDS ***
LosLumumba88: raises $3 to $6
Ag3r0n: folds
Uncalled bet ($3) returned to LosLumumba88
LosLumumba88 collected $6 from pot
*** SUMMARY ***
Total pot $6 | Rake $0
Seat 2: LosLumumba88 (button) (small blind) collected ($6)
Seat 6: Ag3r0n (big blind) folded before Flop


PokerStars Hand #156505519053:  Hold'em Limit ($3/$6 USD) - 2016/07/27 8:39:42 ET
Table 'Wisibada' 6-max Seat #6 is the button
Seat 2: LosLumumba88 ($57.70 in chips)
Seat 6: Ag3r0n ($174.57 in chips)
Ag3r0n: posts small blind $1
LosLumumba88: posts big blind $3
*** HOLE CARDS ***
Ag3r0n: raises $3 to $6
LosLumumba88: calls $3
*** FLOP *** [Td Jc 3h]
LosLumumba88: checks
Ag3r0n: bets $3
LosLumumba88: folds
Uncalled bet ($3) returned to Ag3r0n
Ag3r0n collected $11.76 from pot
*** SUMMARY ***
Total pot $12 | Rake $0.24
Board [Td Jc 3h]
Seat 2: LosLumumba88 (big blind) folded on the Flop
Seat 6: Ag3r0n (button) (small blind) collected ($11.76)


PokerStars Hand #156505513133:  Hold'em Limit ($3/$6 USD) - 2016/07/27 8:39:29 ET
Table 'Wisibada' 6-max Seat #2 is the button
Seat 2: LosLumumba88 ($49.06 in chips)
Seat 6: Ag3r0n ($183.57 in chips)
LosLumumba88: posts small blind $1
Ag3r0n: posts big blind $3
*** HOLE CARDS ***
LosLumumba88: raises $3 to $6
Ag3r0n: calls $3
*** FLOP *** [4c 5h Kc]
Ag3r0n: checks
LosLumumba88: bets $3
Ag3r0n: calls $3
*** TURN *** [4c 5h Kc] [2d]
Ag3r0n: checks
LosLumumba88: bets $6
Ag3r0n: folds
Uncalled bet ($6) returned to LosLumumba88
LosLumumba88 collected $17.64 from pot
*** SUMMARY ***
Total pot $18 | Rake $0.36
Board [4c 5h Kc 2d]
Seat 2: LosLumumba88 (button) (small blind) collected ($17.64)
Seat 6: Ag3r0n (big blind) folded on the Turn


PokerStars Hand #156505557220:  Hold'em Limit ($3/$6 USD) - 2016/07/27 8:41:03 ET
Table 'Wisibada' 6-max Seat #6 is the button
Seat 2: LosLumumba88 ($50.96 in chips)
Seat 6: Ag3r0n ($179.59 in chips)
Ag3r0n: posts small blind $1
LosLumumba88: posts big blind $3
*** HOLE CARDS ***
Ag3r0n: raises $3 to $6
LosLumumba88: calls $3
*** FLOP *** [6d 6c Qh]
LosLumumba88: checks
Ag3r0n: bets $3
LosLumumba88: calls $3
*** TURN *** [6d 6c Qh] [8d]
LosLumumba88: checks
Ag3r0n: checks
*** RIVER *** [6d 6c Qh 8d] [7s]
LosLumumba88: bets $6
Ag3r0n: folds
Uncalled bet ($6) returned to LosLumumba88
LosLumumba88 collected $17.64 from pot
*** SUMMARY ***
Total pot $18 | Rake $0.36
Board [6d 6c Qh 8d 7s]
Seat 2: LosLumumba88 (big blind) collected ($17.64)
Seat 6: Ag3r0n (button) (small blind) folded on the River


PokerStars Hand #156505547892:  Hold'em Limit ($3/$6 USD) - 2016/07/27 8:40:43 ET
Table 'Wisibada' 6-max Seat #2 is the button
Seat 2: LosLumumba88 ($56.96 in chips)
Seat 6: Ag3r0n ($173.83 in chips)
LosLumumba88: posts small blind $1
Ag3r0n: posts big blind $3
*** HOLE CARDS ***
LosLumumba88: raises $3 to $6
Ag3r0n: calls $3
*** FLOP *** [Tc 3h 2c]
Ag3r0n: checks
LosLumumba88: checks
*** TURN *** [Tc 3h 2c] [Qd]
Ag3r0n: checks
LosLumumba88: checks
*** RIVER *** [Tc 3h 2c Qd] [6d]
Ag3r0n: checks
LosLumumba88: checks
*** SHOW DOWN ***
Ag3r0n: shows [7d Ks] (high card King)
LosLumumba88: mucks hand
Ag3r0n collected $11.76 from pot
*** SUMMARY ***
Total pot $12 | Rake $0.24
Board [Tc 3h 2c Qd 6d]
Seat 2: LosLumumba88 (button) (small blind) mucked
Seat 6: Ag3r0n (big blind) showed [7d Ks] and won ($11.76) with high card King


PokerStars Hand #156505541498:  Hold'em Limit ($3/$6 USD) - 2016/07/27 8:40:29 ET
Table 'Wisibada' 6-max Seat #6 is the button
Seat 2: LosLumumba88 ($74.96 in chips)
Seat 6: Ag3r0n ($156.33 in chips)
Ag3r0n: posts small blind $1
LosLumumba88: posts big blind $3
*** HOLE CARDS ***
Ag3r0n: raises $3 to $6
LosLumumba88: calls $3
*** FLOP *** [6d 3c 7s]
LosLumumba88: checks
Ag3r0n: checks
*** TURN *** [6d 3c 7s] [6h]
LosLumumba88: bets $6
Ag3r0n: calls $6
*** RIVER *** [6d 3c 7s 6h] [2c]
LosLumumba88: bets $6
Ag3r0n: calls $6
*** SHOW DOWN ***
LosLumumba88: shows [8c Ts] (a pair of Sixes)
Ag3r0n: shows [Ad 9h] (a pair of Sixes - Ace kicker)
Ag3r0n collected $35.50 from pot
*** SUMMARY ***
Total pot $36 | Rake $0.50
Board [6d 3c 7s 6h 2c]
Seat 2: LosLumumba88 (big blind) showed [8c Ts] and lost with a pair of Sixes
Seat 6: Ag3r0n (button) (small blind) showed [Ad 9h] and won ($35.50) with a pair of Sixes


PokerStars Hand #156505593396:  Hold'em Limit ($3/$6 USD) - 2016/07/27 8:42:18 ET
Table 'Wisibada' 6-max Seat #6 is the button
Seat 2: LosLumumba88 ($77.88 in chips)
Seat 6: Ag3r0n ($151.59 in chips)
Ag3r0n: posts small blind $1
LosLumumba88: posts big blind $3
*** HOLE CARDS ***
Ag3r0n: raises $3 to $6
LosLumumba88: calls $3
*** FLOP *** [As 4c 8s]
LosLumumba88: checks
Ag3r0n: bets $3
LosLumumba88: calls $3
*** TURN *** [As 4c 8s] [6d]
LosLumumba88: checks
Ag3r0n: bets $6
LosLumumba88: folds
Uncalled bet ($6) returned to Ag3r0n
Ag3r0n collected $17.64 from pot
*** SUMMARY ***
Total pot $18 | Rake $0.36
Board [As 4c 8s 6d]
Seat 2: LosLumumba88 (big blind) folded on the Turn
Seat 6: Ag3r0n (button) (small blind) collected ($17.64)


PokerStars Hand #156505583705:  Hold'em Limit ($3/$6 USD) - 2016/07/27 8:41:58 ET
Table 'Wisibada' 6-max Seat #2 is the button
Seat 2: LosLumumba88 ($66.36 in chips)
Seat 6: Ag3r0n ($163.59 in chips)
LosLumumba88: posts small blind $1
Ag3r0n: posts big blind $3
*** HOLE CARDS ***
LosLumumba88: raises $3 to $6
Ag3r0n: raises $3 to $9
LosLumumba88: calls $3
*** FLOP *** [2c 2s 5c]
Ag3r0n: bets $3
LosLumumba88: calls $3
*** TURN *** [2c 2s 5c] [6s]
Ag3r0n: checks
LosLumumba88: bets $6
Ag3r0n: folds
Uncalled bet ($6) returned to LosLumumba88
LosLumumba88 collected $23.52 from pot
*** SUMMARY ***
Total pot $24 | Rake $0.48
Board [2c 2s 5c 6s]
Seat 2: LosLumumba88 (button) (small blind) collected ($23.52)
Seat 6: Ag3r0n (big blind) folded on the Turn


PokerStars Hand #156505581447:  Hold'em Limit ($3/$6 USD) - 2016/07/27 8:41:53 ET
Table 'Wisibada' 6-max Seat #6 is the button
Seat 2: LosLumumba88 ($65.36 in chips)
Seat 6: Ag3r0n ($164.59 in chips)
Ag3r0n: posts small blind $1
LosLumumba88: posts big blind $3
*** HOLE CARDS ***
Ag3r0n: folds
Uncalled bet ($2) returned to LosLumumba88
LosLumumba88 collected $2 from pot
*** SUMMARY ***
Total pot $2 | Rake $0
Seat 2: LosLumumba88 (big blind) collected ($2)
Seat 6: Ag3r0n (button) (small blind) folded before Flop


PokerStars Hand #156505578745:  Hold'em Limit ($3/$6 USD) - 2016/07/27 8:41:48 ET
Table 'Wisibada' 6-max Seat #2 is the button
Seat 2: LosLumumba88 ($66.36 in chips)
Seat 6: Ag3r0n ($163.59 in chips)
LosLumumba88: posts small blind $1
Ag3r0n: posts big blind $3
*** HOLE CARDS ***
LosLumumba88: folds
Uncalled bet ($2) returned to Ag3r0n
Ag3r0n collected $2 from pot
*** SUMMARY ***
Total pot $2 | Rake $0
Seat 2: LosLumumba88 (button) (small blind) folded before Flop
Seat 6: Ag3r0n (big blind) collected ($2)


PokerStars Hand #156505576616:  Hold'em Limit ($3/$6 USD) - 2016/07/27 8:41:43 ET
Table 'Wisibada' 6-max Seat #6 is the button
Seat 2: LosLumumba88 ($65.36 in chips)
Seat 6: Ag3r0n ($164.59 in chips)
Ag3r0n: posts small blind $1
LosLumumba88: posts big blind $3
*** HOLE CARDS ***
Ag3r0n: folds
Uncalled bet ($2) returned to LosLumumba88
LosLumumba88 collected $2 from pot
*** SUMMARY ***
Total pot $2 | Rake $0
Seat 2: LosLumumba88 (big blind) collected ($2)
Seat 6: Ag3r0n (button) (small blind) folded before Flop


PokerStars Hand #156505567047:  Hold'em Limit ($3/$6 USD) - 2016/07/27 8:41:23 ET
Table 'Wisibada' 6-max Seat #2 is the button
Seat 2: LosLumumba88 ($59.60 in chips)
Seat 6: Ag3r0n ($170.59 in chips)
LosLumumba88: posts small blind $1
Ag3r0n: posts big blind $3
*** HOLE CARDS ***
LosLumumba88: raises $3 to $6
Ag3r0n: calls $3
*** FLOP *** [9c 2s Js]
Ag3r0n: checks
LosLumumba88: bets $3
Ag3r0n: folds
Uncalled bet ($3) returned to LosLumumba88
LosLumumba88 collected $11.76 from pot
*** SUMMARY ***
Total pot $12 | Rake $0.24
Board [9c 2s Js]
Seat 2: LosLumumba88 (button) (small blind) collected ($11.76)
Seat 6: Ag3r0n (big blind) folded on the Flop


PokerStars Hand #156505625000:  Hold'em Limit ($3/$6 USD) - 2016/07/27 8:43:25 ET
Table 'Wisibada' 6-max Seat #6 is the button
Seat 2: LosLumumba88 ($41.88 in chips)
Seat 6: Ag3r0n ($186.15 in chips)
Ag3r0n: posts small blind $1
LosLumumba88: posts big blind $3
*** HOLE CARDS ***
Ag3r0n: raises $3 to $6
LosLumumba88: calls $3
*** FLOP *** [Kh 7s Ad]
LosLumumba88: checks
Ag3r0n: bets $3
LosLumumba88: folds
Uncalled bet ($3) returned to Ag3r0n
Ag3r0n collected $11.76 from pot
*** SUMMARY ***
Total pot $12 | Rake $0.24
Board [Kh 7s Ad]
Seat 2: LosLumumba88 (big blind) folded on the Flop
Seat 6: Ag3r0n (button) (small blind) collected ($11.76)


PokerStars Hand #156505606687:  Hold'em Limit ($3/$6 USD) - 2016/07/27 8:42:46 ET
Table 'Wisibada' 6-max Seat #6 is the button
Seat 2: LosLumumba88 ($59.88 in chips)
Seat 6: Ag3r0n ($168.87 in chips)
Ag3r0n: posts small blind $1
LosLumumba88: posts big blind $3
*** HOLE CARDS ***
Ag3r0n: raises $3 to $6
LosLumumba88: calls $3
*** FLOP *** [5s 6h 5c]
LosLumumba88: checks
Ag3r0n: bets $3
LosLumumba88: raises $3 to $6
Ag3r0n: calls $3
*** TURN *** [5s 6h 5c] [Qh]
LosLumumba88: checks
Ag3r0n: checks
*** RIVER *** [5s 6h 5c Qh] [6s]
LosLumumba88: checks
Ag3r0n: checks
*** SHOW DOWN ***
LosLumumba88: shows [Jc 2h] (two pair, Sixes and Fives)
Ag3r0n: shows [Ks Ac] (two pair, Sixes and Fives - Ace kicker)
Ag3r0n collected $23.52 from pot
*** SUMMARY ***
Total pot $24 | Rake $0.48
Board [5s 6h 5c Qh 6s]
Seat 2: LosLumumba88 (big blind) showed [Jc 2h] and lost with two pair, Sixes and Fives
Seat 6: Ag3r0n (button) (small blind) showed [Ks Ac] and won ($23.52) with two pair, Sixes and Fives


PokerStars Hand #156505601631:  Hold'em Limit ($3/$6 USD) - 2016/07/27 8:42:35 ET
Table 'Wisibada' 6-max Seat #2 is the button
Seat 2: LosLumumba88 ($68.88 in chips)
Seat 6: Ag3r0n ($160.23 in chips)
LosLumumba88: posts small blind $1
Ag3r0n: posts big blind $3
*** HOLE CARDS ***
LosLumumba88: raises $3 to $6
Ag3r0n: calls $3
*** FLOP *** [Td Jc 5d]
Ag3r0n: checks
LosLumumba88: bets $3
Ag3r0n: raises $3 to $6
LosLumumba88: folds
Uncalled bet ($3) returned to Ag3r0n
Ag3r0n collected $17.64 from pot
*** SUMMARY ***
Total pot $18 | Rake $0.36
Board [Td Jc 5d]
Seat 2: LosLumumba88 (button) (small blind) folded on the Flop
Seat 6: Ag3r0n (big blind) collected ($17.64)


PokerStars Hand #156507680952:  Hold'em Limit ($3/$6 USD) - 2016/07/27 9:51:34 ET
Table 'Wisibada' 6-max Seat #6 is the button
Seat 3: Fabulous108 ($93.20 in chips)
Seat 6: Ag3r0n ($475.63 in chips)
Ag3r0n: posts small blind $1
abatic: is sitting out
Fabulous108: posts big blind $3
*** HOLE CARDS ***
Ag3r0n: folds
Uncalled bet ($2) returned to Fabulous108
abatic leaves the table
Fabulous108 collected $2 from pot
Fabulous108: doesn't show hand
*** SUMMARY ***
Total pot $2 | Rake $0
Seat 3: Fabulous108 (big blind) collected ($2)
Seat 6: Ag3r0n (button) (small blind) folded before Flop


PokerStars Hand #156507683973:  Hold'em Limit ($3/$6 USD) - 2016/07/27 9:51:40 ET
Table 'Wisibada' 6-max Seat #3 is the button
Seat 3: Fabulous108 ($94.20 in chips)
Seat 6: Ag3r0n ($474.63 in chips)
Fabulous108: posts small blind $1
Ag3r0n: posts big blind $3
*** HOLE CARDS ***
Fabulous108: raises $3 to $6
Ag3r0n: raises $3 to $9
Fabulous108: raises $3 to $12
Betting is capped
Ag3r0n: calls $3
*** FLOP *** [2c 8h 2s]
Ag3r0n: bets $3
Fabulous108: raises $3 to $6
Ag3r0n: calls $3
*** TURN *** [2c 8h 2s] [9d]
Ag3r0n: bets $6
Fabulous108: raises $6 to $12
Ag3r0n: raises $6 to $18
Fabulous108: raises $6 to $24
Betting is capped
Ag3r0n: calls $6
*** RIVER *** [2c 8h 2s 9d] [Jd]
Ag3r0n: checks
Fabulous108: bets $6
Ag3r0n: calls $6
*** SHOW DOWN ***
Fabulous108: shows [Ks Kd] (two pair, Kings and Deuces)
Ag3r0n: shows [As Ad] (two pair, Aces and Deuces)
Ag3r0n collected $95.50 from pot
*** SUMMARY ***
Total pot $96 | Rake $0.50
Board [2c 8h 2s 9d Jd]
Seat 3: Fabulous108 (button) (small blind) showed [Ks Kd] and lost with two pair, Kings and Deuces
Seat 6: Ag3r0n (big blind) showed [As Ad] and won ($95.50) with two pair, Aces and Deuces


PokerStars Hand #156507695468:  Hold'em Limit ($3/$6 USD) - 2016/07/27 9:52:02 ET
Table 'Wisibada' 6-max Seat #6 is the button
Seat 3: Fabulous108 ($46.20 in chips)
Seat 6: Ag3r0n ($522.13 in chips)
Ag3r0n: posts small blind $1
Fabulous108: posts big blind $3
*** HOLE CARDS ***
Ag3r0n: folds
Uncalled bet ($2) returned to Fabulous108
Fabulous108 collected $2 from pot
Fabulous108: doesn't show hand
*** SUMMARY ***
Total pot $2 | Rake $0
Seat 3: Fabulous108 (big blind) collected ($2)
Seat 6: Ag3r0n (button) (small blind) folded before Flop


PokerStars Hand #156507697757:  Hold'em Limit ($3/$6 USD) - 2016/07/27 9:52:07 ET
Table 'Wisibada' 6-max Seat #3 is the button
Seat 3: Fabulous108 ($47.20 in chips)
Seat 6: Ag3r0n ($521.13 in chips)
Fabulous108: posts small blind $1
Ag3r0n: posts big blind $3
*** HOLE CARDS ***
Fabulous108: raises $3 to $6
Ag3r0n: calls $3
*** FLOP *** [Ts 9d 9c]
Ag3r0n: checks
Fabulous108: bets $3
Ag3r0n: calls $3
*** TURN *** [Ts 9d 9c] [8c]
Ag3r0n: checks
Fabulous108: bets $6
Ag3r0n: calls $6
*** RIVER *** [Ts 9d 9c 8c] [4d]
Ag3r0n: checks
Fabulous108: checks
*** SHOW DOWN ***
Ag3r0n: shows [8d 7c] (two pair, Nines and Eights)
Fabulous108: mucks hand
Ag3r0n collected $29.50 from pot
*** SUMMARY ***
Total pot $30 | Rake $0.50
Board [Ts 9d 9c 8c 4d]
Seat 3: Fabulous108 (button) (small blind) mucked
Seat 6: Ag3r0n (big blind) showed [8d 7c] and won ($29.50) with two pair, Nines and Eights


PokerStars Hand #156507705577:  Hold'em Limit ($3/$6 USD) - 2016/07/27 9:52:22 ET
Table 'Wisibada' 6-max Seat #6 is the button
Seat 3: Fabulous108 ($32.20 in chips)
Seat 6: Ag3r0n ($535.63 in chips)
Ag3r0n: posts small blind $1
Fabulous108: posts big blind $3
*** HOLE CARDS ***
Ag3r0n: raises $3 to $6
Fabulous108: folds
Uncalled bet ($3) returned to Ag3r0n
Ag3r0n collected $6 from pot
*** SUMMARY ***
Total pot $6 | Rake $0
Seat 3: Fabulous108 (big blind) folded before Flop
Seat 6: Ag3r0n (button) (small blind) collected ($6)


PokerStars Hand #156507708592:  Hold'em Limit ($3/$6 USD) - 2016/07/27 9:52:28 ET
Table 'Wisibada' 6-max Seat #3 is the button
Seat 3: Fabulous108 ($29.20 in chips)
Seat 6: Ag3r0n ($538.63 in chips)
Fabulous108: posts small blind $1
Ag3r0n: posts big blind $3
*** HOLE CARDS ***
Fabulous108: raises $3 to $6
Ag3r0n: raises $3 to $9
Fabulous108: raises $3 to $12
Betting is capped
Ag3r0n: calls $3
*** FLOP *** [8s 5s Kc]
Ag3r0n: checks
Fabulous108: bets $3
Ag3r0n: raises $3 to $6
Fabulous108: raises $3 to $9
Ag3r0n: calls $3
*** TURN *** [8s 5s Kc] [9s]
Ag3r0n: bets $6
Fabulous108: raises $2.20 to $8.20 and is all-in
Ag3r0n: calls $2.20
*** RIVER *** [8s 5s Kc 9s] [6c]
*** SHOW DOWN ***
Ag3r0n: shows [Qs Ts] (a flush, Queen high)
Fabulous108: shows [8d Ac] (a pair of Eights)
Ag3r0n collected $57.90 from pot
*** SUMMARY ***
Total pot $58.40 | Rake $0.50
Board [8s 5s Kc 9s 6c]
Seat 3: Fabulous108 (button) (small blind) showed [8d Ac] and lost with a pair of Eights
Seat 6: Ag3r0n (big blind) showed [Qs Ts] and won ($57.90) with a flush, Queen high


