PokerStars Hand #166098300491:  Hold'em Limit ($3/$6 USD) - 2017/02/12 11:39:24 ET
Table 'Wisibada' 10-max Seat #5 is the button
Seat 5: gsb92 ($121 in chips)
Seat 10: MTails ($119 in chips)
gsb92: posts small blind $1
MTails: posts big blind $3
*** HOLE CARDS ***
gsb92: folds
Uncalled bet ($2) returned to MTails
MTails collected $2 from pot
*** SUMMARY ***
Total pot $2 | Rake $0
Seat 5: gsb92 (button) (small blind) folded before Flop
Seat 10: MTails (big blind) collected ($2)


PokerStars Hand #166098307077:  Hold'em Limit ($3/$6 USD) - 2017/02/12 11:39:32 ET
Table 'Wisibada' 10-max Seat #10 is the button
Seat 5: gsb92 ($120 in chips)
Seat 10: MTails ($120 in chips)
MTails: posts small blind $1
gsb92: posts big blind $3
*** HOLE CARDS ***
MTails: raises $3 to $6
gsb92: calls $3
*** FLOP *** [9h 7c Ac]
gsb92: checks
MTails: bets $3
gsb92: calls $3
*** TURN *** [9h 7c Ac] [Jh]
gsb92: checks
MTails: bets $6
Chessnok joins the table at seat #6
gsb92: calls $6
*** RIVER *** [9h 7c Ac Jh] [6d]
gsb92: checks
MTails: checks
*** SHOW DOWN ***
gsb92: shows [Kh Ks] (a pair of Kings)
MTails: mucks hand
gsb92 collected $29.50 from pot
*** SUMMARY ***
Total pot $30 | Rake $0.50
Board [9h 7c Ac Jh 6d]
Seat 5: gsb92 (big blind) showed [Kh Ks] and won ($29.50) with a pair of Kings
Seat 10: MTails (button) (small blind) mucked


