PokerStars Hand #171945257074:  Hold'em Limit ($3/$6 USD) - 2017/06/18 15:45:35 ET
Table 'Wisibada III' 6-max Seat #4 is the button
Seat 2: vlaprok ($120 in chips)
Seat 4: fwilliams007 ($90.25 in chips)
fwilliams007: posts small blind $1
GoliafUa: is sitting out
vlaprok: posts big blind $3
*** HOLE CARDS ***
fwilliams007: raises $3 to $6
vlaprok: calls $3
*** FLOP *** [Kd 8c 4h]
vlaprok: checks
fwilliams007: bets $3
vlaprok: calls $3
*** TURN *** [Kd 8c 4h] [9c]
vlaprok: checks
fwilliams007: checks
*** RIVER *** [Kd 8c 4h 9c] [Qc]
vlaprok: bets $6
fwilliams007: folds
Uncalled bet ($6) returned to vlaprok
vlaprok collected $17.64 from pot
vlaprok: doesn't show hand
*** SUMMARY ***
Total pot $18 | Rake $0.36
Board [Kd 8c 4h 9c Qc]
Seat 2: vlaprok (big blind) collected ($17.64)
Seat 4: fwilliams007 (button) (small blind) folded on the River


PokerStars Hand #171945283312:  Hold'em Limit ($3/$6 USD) - 2017/06/18 15:46:04 ET
Table 'Wisibada III' 6-max Seat #2 is the button
Seat 2: vlaprok ($128.64 in chips)
Seat 4: fwilliams007 ($81.25 in chips)
vlaprok: posts small blind $1
fwilliams007: posts big blind $3
*** HOLE CARDS ***
vlaprok: folds
Uncalled bet ($2) returned to fwilliams007
fwilliams007 collected $2 from pot
fwilliams007: doesn't show hand
*** SUMMARY ***
Total pot $2 | Rake $0
Seat 2: vlaprok (button) (small blind) folded before Flop
Seat 4: fwilliams007 (big blind) collected ($2)


PokerStars Hand #171945309557:  Hold'em Limit ($3/$6 USD) - 2017/06/18 15:46:34 ET
Table 'Wisibada III' 6-max Seat #2 is the button
Seat 2: vlaprok ($148.14 in chips)
Seat 4: fwilliams007 ($61.25 in chips)
vlaprok: posts small blind $1
fwilliams007: posts big blind $3
*** HOLE CARDS ***
vlaprok: folds
Uncalled bet ($2) returned to fwilliams007
fwilliams007 collected $2 from pot
fwilliams007: doesn't show hand
*** SUMMARY ***
Total pot $2 | Rake $0
Seat 2: vlaprok (button) (small blind) folded before Flop
Seat 4: fwilliams007 (big blind) collected ($2)


