PokerStars Hand #151789297558:  Hold'em Limit ($3/$6 USD) - 2016/04/11 19:41:03 ET
Table 'Wisibada II' 6-max Seat #6 is the button
Seat 5: MissEKAmouse ($226.63 in chips)
Seat 6: lin1rabbit ($121.65 in chips)
lin1rabbit: posts small blind $1
vestimokrec: is sitting out
MissEKAmouse: posts big blind $3
*** HOLE CARDS ***
lin1rabbit: folds
Uncalled bet ($2) returned to MissEKAmouse
vestimokrec leaves the table
MissEKAmouse collected $2 from pot
MissEKAmouse: doesn't show hand
*** SUMMARY ***
Total pot $2 | Rake $0
Seat 5: MissEKAmouse (big blind) collected ($2)
Seat 6: lin1rabbit (button) (small blind) folded before Flop


PokerStars Hand #151789301282:  Hold'em Limit ($3/$6 USD) - 2016/04/11 19:41:09 ET
Table 'Wisibada II' 6-max Seat #5 is the button
Seat 5: MissEKAmouse ($227.63 in chips)
Seat 6: lin1rabbit ($120.65 in chips)
MissEKAmouse: posts small blind $1
lin1rabbit: posts big blind $3
*** HOLE CARDS ***
MissEKAmouse: folds
Uncalled bet ($2) returned to lin1rabbit
lin1rabbit collected $2 from pot
lin1rabbit: doesn't show hand
*** SUMMARY ***
Total pot $2 | Rake $0
Seat 5: MissEKAmouse (button) (small blind) folded before Flop
Seat 6: lin1rabbit (big blind) collected ($2)


PokerStars Hand #151789305248:  Hold'em Limit ($3/$6 USD) - 2016/04/11 19:41:16 ET
Table 'Wisibada II' 6-max Seat #6 is the button
Seat 5: MissEKAmouse ($226.63 in chips)
Seat 6: lin1rabbit ($121.65 in chips)
lin1rabbit: posts small blind $1
MissEKAmouse: posts big blind $3
*** HOLE CARDS ***
lin1rabbit: raises $3 to $6
MissEKAmouse: raises $3 to $9
lin1rabbit: calls $3
*** FLOP *** [4c Th 7s]
MissEKAmouse: bets $3
lin1rabbit: calls $3
*** TURN *** [4c Th 7s] [Ks]
MissEKAmouse: bets $6
lin1rabbit: calls $6
*** RIVER *** [4c Th 7s Ks] [2c]
MissEKAmouse: bets $6
lin1rabbit: folds
Uncalled bet ($6) returned to MissEKAmouse
MissEKAmouse collected $35.50 from pot
MissEKAmouse: doesn't show hand
*** SUMMARY ***
Total pot $36 | Rake $0.50
Board [4c Th 7s Ks 2c]
Seat 5: MissEKAmouse (big blind) collected ($35.50)
Seat 6: lin1rabbit (button) (small blind) folded on the River


