PokerStars Hand #163003701765:  Hold'em Limit ($3/$6 USD) - 2016/12/15 17:28:34 ET
Table 'Wisibada' 6-max Seat #1 is the button
Seat 1: Chessnok ($82.50 in chips)
Seat 2: Bailarina_62 ($228.81 in chips)
Chessnok: posts small blind $1
Bailarina_62: posts big blind $3
*** HOLE CARDS ***
Chessnok: raises $3 to $6
Bailarina_62: calls $3
*** FLOP *** [4d Th Kh]
Bailarina_62: bets $3
Chessnok: folds
Uncalled bet ($3) returned to Bailarina_62
Bailarina_62 collected $11.76 from pot
Bailarina_62: doesn't show hand
*** SUMMARY ***
Total pot $12 | Rake $0.24
Board [4d Th Kh]
Seat 1: Chessnok (button) (small blind) folded on the Flop
Seat 2: Bailarina_62 (big blind) collected ($11.76)


PokerStars Hand #163003650779:  Hold'em Limit ($3/$6 USD) - 2016/12/15 17:27:47 ET
Table 'Wisibada' 6-max Seat #2 is the button
Seat 1: Chessnok ($60 in chips)
Seat 2: Bailarina_62 ($251.81 in chips)
Bailarina_62: posts small blind $1
wobetting: is sitting out
Chessnok: posts big blind $3
*** HOLE CARDS ***
Bailarina_62: folds
Uncalled bet ($2) returned to Chessnok
Chessnok collected $2 from pot
Chessnok: doesn't show hand
*** SUMMARY ***
Total pot $2 | Rake $0
Seat 1: Chessnok (big blind) collected ($2)
Seat 2: Bailarina_62 (button) (small blind) folded before Flop


PokerStars Hand #163003695415:  Hold'em Limit ($3/$6 USD) - 2016/12/15 17:28:28 ET
Table 'Wisibada' 6-max Seat #2 is the button
Seat 1: Chessnok ($81.50 in chips)
Seat 2: Bailarina_62 ($229.81 in chips)
Bailarina_62: posts small blind $1
Chessnok: posts big blind $3
*** HOLE CARDS ***
Bailarina_62: folds
Uncalled bet ($2) returned to Chessnok
Chessnok collected $2 from pot
Chessnok: doesn't show hand
*** SUMMARY ***
Total pot $2 | Rake $0
Seat 1: Chessnok (big blind) collected ($2)
Seat 2: Bailarina_62 (button) (small blind) folded before Flop


PokerStars Hand #163003656543:  Hold'em Limit ($3/$6 USD) - 2016/12/15 17:27:52 ET
Table 'Wisibada' 6-max Seat #1 is the button
Seat 1: Chessnok ($61 in chips)
Seat 2: Bailarina_62 ($250.81 in chips)
Chessnok: posts small blind $1
Bailarina_62: posts big blind $3
*** HOLE CARDS ***
Chessnok: raises $3 to $6
Bailarina_62: calls $3
*** FLOP *** [4c Jd 5d]
Bailarina_62: bets $3
Chessnok: calls $3
*** TURN *** [4c Jd 5d] [6s]
Bailarina_62: checks
Chessnok: bets $6
Bailarina_62: calls $6
*** RIVER *** [4c Jd 5d 6s] [2d]
Bailarina_62: checks
Chessnok: bets $6
Bailarina_62: calls $6
*** SHOW DOWN ***
Chessnok: shows [Js 9s] (a pair of Jacks)
Bailarina_62: mucks hand
Chessnok collected $41.50 from pot
*** SUMMARY ***
Total pot $42 | Rake $0.50
Board [4c Jd 5d 6s 2d]
Seat 1: Chessnok (button) (small blind) showed [Js 9s] and won ($41.50) with a pair of Jacks
Seat 2: Bailarina_62 (big blind) mucked


PokerStars Hand #163003732914:  Hold'em Limit ($3/$6 USD) - 2016/12/15 17:29:04 ET
Table 'Wisibada' 6-max Seat #1 is the button
Seat 1: Chessnok ($60 in chips)
Seat 2: Bailarina_62 ($255.07 in chips)
Chessnok: posts small blind $1
Bailarina_62: posts big blind $3
*** HOLE CARDS ***
Chessnok: raises $3 to $6
Bailarina_62: calls $3
*** FLOP *** [Ad 9h 2h]
Bailarina_62: bets $3
Chessnok: folds
Uncalled bet ($3) returned to Bailarina_62
Bailarina_62 collected $11.76 from pot
Bailarina_62: doesn't show hand
*** SUMMARY ***
Total pot $12 | Rake $0.24
Board [Ad 9h 2h]
Seat 1: Chessnok (button) (small blind) folded on the Flop
Seat 2: Bailarina_62 (big blind) collected ($11.76)


PokerStars Hand #163003713452:  Hold'em Limit ($3/$6 USD) - 2016/12/15 17:28:46 ET
Table 'Wisibada' 6-max Seat #2 is the button
Seat 1: Chessnok ($76.50 in chips)
Seat 2: Bailarina_62 ($234.57 in chips)
Bailarina_62: posts small blind $1
Chessnok: posts big blind $3
*** HOLE CARDS ***
Bailarina_62: calls $2
Chessnok: raises $3 to $6
Bailarina_62: calls $3
*** FLOP *** [6s 7s 3h]
Chessnok: bets $3
Bailarina_62: calls $3
*** TURN *** [6s 7s 3h] [Qd]
Chessnok: bets $6
Bailarina_62: calls $6
*** RIVER *** [6s 7s 3h Qd] [5d]
Chessnok: bets $6
cbarnes joins the table at seat #3
Bailarina_62: raises $6 to $12
Chessnok: folds
Uncalled bet ($6) returned to Bailarina_62
Bailarina_62 collected $41.50 from pot
Bailarina_62: doesn't show hand
*** SUMMARY ***
Total pot $42 | Rake $0.50
Board [6s 7s 3h Qd 5d]
Seat 1: Chessnok (big blind) folded on the River
Seat 2: Bailarina_62 (button) (small blind) collected ($41.50)


PokerStars Hand #163003842011:  Hold'em Limit ($3/$6 USD) - 2016/12/15 17:30:47 ET
Table 'Wisibada' 6-max Seat #2 is the button
Seat 1: Chessnok ($78.83 in chips)
Seat 2: Bailarina_62 ($231.83 in chips)
Bailarina_62: posts small blind $1
cbarnes: is sitting out
Chessnok: posts big blind $3
*** HOLE CARDS ***
Bailarina_62: raises $3 to $6
cbarnes leaves the table
Chessnok: raises $3 to $9
Bailarina_62: calls $3
*** FLOP *** [4c 7s 6c]
Chessnok: bets $3
Bailarina_62: calls $3
*** TURN *** [4c 7s 6c] [3c]
Chessnok: checks
Bailarina_62: bets $6
Chessnok: calls $6
*** RIVER *** [4c 7s 6c 3c] [Jh]
Chessnok: checks
Bailarina_62: bets $6
Chessnok: calls $6
*** SHOW DOWN ***
Bailarina_62: shows [9d 8h] (high card Jack)
Chessnok: shows [Ad Ts] (high card Ace)
Chessnok collected $47.50 from pot
*** SUMMARY ***
Total pot $48 | Rake $0.50
Board [4c 7s 6c 3c Jh]
Seat 1: Chessnok (big blind) showed [Ad Ts] and won ($47.50) with high card Ace
Seat 2: Bailarina_62 (button) (small blind) showed [9d 8h] and lost with high card Jack


PokerStars Hand #163003863737:  Hold'em Limit ($3/$6 USD) - 2016/12/15 17:31:09 ET
Table 'Wisibada' 6-max Seat #1 is the button
Seat 1: Chessnok ($102.33 in chips)
Seat 2: Bailarina_62 ($207.83 in chips)
Chessnok: posts small blind $1
Bailarina_62: posts big blind $3
*** HOLE CARDS ***
Chessnok: raises $3 to $6
Bailarina_62: calls $3
*** FLOP *** [Tc Qc 9c]
Bailarina_62: bets $3
Chessnok: calls $3
*** TURN *** [Tc Qc 9c] [Jh]
Bailarina_62: bets $6
Chessnok: calls $6
*** RIVER *** [Tc Qc 9c Jh] [As]
Bailarina_62: bets $6
cbarnes joins the table at seat #4
Chessnok: raises $6 to $12
Bailarina_62: calls $6
*** SHOW DOWN ***
Chessnok: shows [2h Ks] (a straight, Ten to Ace)
Bailarina_62: shows [Kc 7d] (a straight, Ten to Ace)
Bailarina_62 collected $26.75 from pot
Chessnok collected $26.75 from pot
*** SUMMARY ***
Total pot $54 | Rake $0.50
Board [Tc Qc 9c Jh As]
Seat 1: Chessnok (button) (small blind) showed [2h Ks] and won ($26.75) with a straight, Ten to Ace
Seat 2: Bailarina_62 (big blind) showed [Kc 7d] and won ($26.75) with a straight, Ten to Ace


PokerStars Hand #163003915328:  Hold'em Limit ($3/$6 USD) - 2016/12/15 17:32:04 ET
Table 'Wisibada' 6-max Seat #1 is the button
Seat 1: Chessnok ($104.63 in chips)
Seat 4: cbarnes ($213.76 in chips)
Chessnok: posts small blind $1
Bailarina_62: is sitting out
cbarnes: posts big blind $3
*** HOLE CARDS ***
Chessnok: folds
Uncalled bet ($2) returned to cbarnes
cbarnes collected $2 from pot
cbarnes: doesn't show hand
*** SUMMARY ***
Total pot $2 | Rake $0
Seat 1: Chessnok (button) (small blind) folded before Flop
Seat 4: cbarnes (big blind) collected ($2)


PokerStars Hand #163003902019:  Hold'em Limit ($3/$6 USD) - 2016/12/15 17:31:49 ET
Table 'Wisibada' 6-max Seat #4 is the button
Seat 1: Chessnok ($110.63 in chips)
Seat 4: cbarnes ($208 in chips)
cbarnes: posts small blind $1
Chessnok: posts big blind $3
*** HOLE CARDS ***
cbarnes: raises $3 to $6
Chessnok: calls $3
*** FLOP *** [5s Th 4h]
Chessnok: checks
cbarnes: bets $3
Chessnok: folds
Uncalled bet ($3) returned to cbarnes
cbarnes collected $11.76 from pot
cbarnes: doesn't show hand
*** SUMMARY ***
Total pot $12 | Rake $0.24
Board [5s Th 4h]
Seat 1: Chessnok (big blind) folded on the Flop
Seat 4: cbarnes (button) (small blind) collected ($11.76)


PokerStars Hand #163003922220:  Hold'em Limit ($3/$6 USD) - 2016/12/15 17:32:11 ET
Table 'Wisibada' 6-max Seat #4 is the button
Seat 1: Chessnok ($103.63 in chips)
Seat 4: cbarnes ($214.76 in chips)
cbarnes: posts small blind $1
Chessnok: posts big blind $3
*** HOLE CARDS ***
cbarnes: raises $3 to $6
Chessnok: calls $3
*** FLOP *** [5h 5c 7d]
Chessnok: checks
cbarnes: bets $3
Chessnok: calls $3
*** TURN *** [5h 5c 7d] [4c]
Chessnok: checks
cbarnes: checks
*** RIVER *** [5h 5c 7d 4c] [Qc]
Chessnok: checks
cbarnes: checks
*** SHOW DOWN ***
Chessnok: shows [Kc 3h] (a pair of Fives)
cbarnes: shows [Kh Ts] (a pair of Fives - King+Queen+Ten kicker)
cbarnes collected $17.64 from pot
*** SUMMARY ***
Total pot $18 | Rake $0.36
Board [5h 5c 7d 4c Qc]
Seat 1: Chessnok (big blind) showed [Kc 3h] and lost with a pair of Fives
Seat 4: cbarnes (button) (small blind) showed [Kh Ts] and won ($17.64) with a pair of Fives


PokerStars Hand #163004098082:  Hold'em Limit ($3/$6 USD) - 2016/12/15 17:35:26 ET
Table 'Wisibada' 6-max Seat #1 is the button
Seat 1: Chessnok ($60 in chips)
Seat 4: cbarnes ($287.69 in chips)
Chessnok: posts small blind $1
Bailarina_62: is sitting out
cbarnes: posts big blind $3
*** HOLE CARDS ***
Chessnok: raises $3 to $6
cbarnes: calls $3
*** FLOP *** [9s Jd As]
cbarnes: checks
Chessnok: bets $3
cbarnes: calls $3
*** TURN *** [9s Jd As] [6h]
cbarnes: checks
Chessnok: checks
*** RIVER *** [9s Jd As 6h] [Ts]
cbarnes: bets $6
Chessnok: raises $6 to $12
cbarnes: calls $6
*** SHOW DOWN ***
Chessnok: shows [Td 5s] (a pair of Tens)
cbarnes: shows [Kc Qc] (a straight, Ten to Ace)
cbarnes collected $41.50 from pot
*** SUMMARY ***
Total pot $42 | Rake $0.50
Board [9s Jd As 6h Ts]
Seat 1: Chessnok (button) (small blind) showed [Td 5s] and lost with a pair of Tens
Seat 4: cbarnes (big blind) showed [Kc Qc] and won ($41.50) with a straight, Ten to Ace


PokerStars Hand #163004133098:  Hold'em Limit ($3/$6 USD) - 2016/12/15 17:36:06 ET
Table 'Wisibada' 6-max Seat #4 is the button
Seat 1: Chessnok ($60 in chips)
Seat 4: cbarnes ($308.19 in chips)
cbarnes: posts small blind $1
Chessnok: posts big blind $3
*** HOLE CARDS ***
cbarnes: raises $3 to $6
Chessnok: calls $3
*** FLOP *** [7s Qh 5d]
Chessnok: checks
cbarnes: bets $3
Chessnok: calls $3
*** TURN *** [7s Qh 5d] [Js]
Chessnok: checks
cbarnes: checks
*** RIVER *** [7s Qh 5d Js] [Jd]
Chessnok: checks
cbarnes: bets $6
Chessnok: calls $6
*** SHOW DOWN ***
cbarnes: shows [7c 6d] (two pair, Jacks and Sevens)
Chessnok: mucks hand
cbarnes collected $29.50 from pot
*** SUMMARY ***
Total pot $30 | Rake $0.50
Board [7s Qh 5d Js Jd]
Seat 1: Chessnok (big blind) mucked
Seat 4: cbarnes (button) (small blind) showed [7c 6d] and won ($29.50) with two pair, Jacks and Sevens


PokerStars Hand #163004162474:  Hold'em Limit ($3/$6 USD) - 2016/12/15 17:36:39 ET
Table 'Wisibada' 6-max Seat #4 is the button
Seat 1: Chessnok ($65.76 in chips)
Seat 4: cbarnes ($316.69 in chips)
cbarnes: posts small blind $1
Chessnok: posts big blind $3
*** HOLE CARDS ***
AAAA_FULL_72 joins the table at seat #3
cbarnes: folds
Uncalled bet ($2) returned to Chessnok
Chessnok collected $2 from pot
Chessnok: doesn't show hand
*** SUMMARY ***
Total pot $2 | Rake $0
Seat 1: Chessnok (big blind) collected ($2)
Seat 4: cbarnes (button) (small blind) folded before Flop


PokerStars Hand #163004151030:  Hold'em Limit ($3/$6 USD) - 2016/12/15 17:36:26 ET
Table 'Wisibada' 6-max Seat #1 is the button
Seat 1: Chessnok ($60 in chips)
Seat 4: cbarnes ($322.69 in chips)
Chessnok: posts small blind $1
cbarnes: posts big blind $3
*** HOLE CARDS ***
Chessnok: raises $3 to $6
cbarnes: calls $3
*** FLOP *** [Ac 9d 9c]
cbarnes: checks
Bailarina_62 leaves the table
Chessnok: bets $3
cbarnes: folds
Uncalled bet ($3) returned to Chessnok
Chessnok collected $11.76 from pot
Chessnok: doesn't show hand
*** SUMMARY ***
Total pot $12 | Rake $0.24
Board [Ac 9d 9c]
Seat 1: Chessnok (button) (small blind) collected ($11.76)
Seat 4: cbarnes (big blind) folded on the Flop


PokerStars Hand #163004196217:  Hold'em Limit ($3/$6 USD) - 2016/12/15 17:37:18 ET
Table 'Wisibada' 6-max Seat #1 is the button
Seat 1: Chessnok ($65.76 in chips)
Seat 4: cbarnes ($344.86 in chips)
Chessnok: posts small blind $1
cbarnes: posts big blind $3
*** HOLE CARDS ***
Chessnok: raises $3 to $6
cbarnes: calls $3
*** FLOP *** [6d Qd Kh]
cbarnes: checks
Chessnok: bets $3
cbarnes: folds
Uncalled bet ($3) returned to Chessnok
Chessnok collected $11.76 from pot
Chessnok: doesn't show hand
*** SUMMARY ***
Total pot $12 | Rake $0.24
Board [6d Qd Kh]
Seat 1: Chessnok (button) (small blind) collected ($11.76)
Seat 4: cbarnes (big blind) folded on the Flop


PokerStars Hand #163004216501:  Hold'em Limit ($3/$6 USD) - 2016/12/15 17:37:41 ET
Table 'Wisibada' 6-max Seat #4 is the button
Seat 1: Chessnok ($71.52 in chips)
Seat 4: cbarnes ($338.86 in chips)
cbarnes: posts small blind $1
Chessnok: posts big blind $3
*** HOLE CARDS ***
cbarnes: raises $3 to $6
Chessnok: calls $3
*** FLOP *** [9c 5s Qh]
Chessnok: checks
cbarnes: bets $3
Chessnok: calls $3
*** TURN *** [9c 5s Qh] [Js]
Chessnok: checks
cbarnes: bets $6
Apanage joins the table at seat #5
Chessnok: calls $6
*** RIVER *** [9c 5s Qh Js] [Qc]
Chessnok: checks
cbarnes: bets $6
Chessnok: calls $6
*** SHOW DOWN ***
cbarnes: shows [6d 8c] (a pair of Queens)
Chessnok: shows [Ac 4c] (a pair of Queens - Ace kicker)
Chessnok collected $41.50 from pot
*** SUMMARY ***
Total pot $42 | Rake $0.50
Board [9c 5s Qh Js Qc]
Seat 1: Chessnok (big blind) showed [Ac 4c] and won ($41.50) with a pair of Queens
Seat 4: cbarnes (button) (small blind) showed [6d 8c] and lost with a pair of Queens


PokerStars Hand #163004347857:  Hold'em Limit ($3/$6 USD) - 2016/12/15 17:40:11 ET
Table 'Wisibada' 6-max Seat #1 is the button
Seat 1: Chessnok ($106.37 in chips)
Seat 3: AAAA_FULL_72 ($28.52 in chips)
Chessnok: posts small blind $1
AAAA_FULL_72: posts big blind $3
*** HOLE CARDS ***
Chessnok: calls $2
AAAA_FULL_72: checks
*** FLOP *** [2s Qs 9d]
AAAA_FULL_72: checks
Chessnok: checks
*** TURN *** [2s Qs 9d] [6s]
cbarnes joins the table at seat #5
AAAA_FULL_72: checks
Chessnok: checks
*** RIVER *** [2s Qs 9d 6s] [5s]
AAAA_FULL_72: checks
Chessnok: checks
*** SHOW DOWN ***
AAAA_FULL_72: shows [Kc 7s] (a flush, Queen high)
Chessnok: mucks hand
AAAA_FULL_72 collected $5.88 from pot
*** SUMMARY ***
Total pot $6 | Rake $0.12
Board [2s Qs 9d 6s 5s]
Seat 1: Chessnok (button) (small blind) mucked
Seat 3: AAAA_FULL_72 (big blind) showed [Kc 7s] and won ($5.88) with a flush, Queen high


PokerStars Hand #163004320446:  Hold'em Limit ($3/$6 USD) - 2016/12/15 17:39:40 ET
Table 'Wisibada' 6-max Seat #3 is the button
Seat 1: Chessnok ($118.37 in chips)
Seat 3: AAAA_FULL_72 ($17 in chips)
AAAA_FULL_72: posts small blind $1
Apanage: is sitting out
Chessnok: posts big blind $3
*** HOLE CARDS ***
AAAA_FULL_72: raises $3 to $6
Apanage leaves the table
Chessnok: raises $3 to $9
AAAA_FULL_72: raises $3 to $12
Betting is capped
Chessnok: calls $3
*** FLOP *** [8s Kh 3h]
Chessnok: checks
AAAA_FULL_72: bets $3
Chessnok: folds
Uncalled bet ($3) returned to AAAA_FULL_72
AAAA_FULL_72 collected $23.52 from pot
*** SUMMARY ***
Total pot $24 | Rake $0.48
Board [8s Kh 3h]
Seat 1: Chessnok (big blind) folded on the Flop
Seat 3: AAAA_FULL_72 (button) (small blind) collected ($23.52)


PokerStars Hand #163004406893:  Hold'em Limit ($3/$6 USD) - 2016/12/15 17:41:19 ET
Table 'Wisibada' 6-max Seat #5 is the button
Seat 1: Chessnok ($91.37 in chips)
Seat 5: cbarnes ($161.40 in chips)
cbarnes: posts small blind $1
Chessnok: posts big blind $3
*** HOLE CARDS ***
cbarnes: raises $3 to $6
Chessnok: calls $3
*** FLOP *** [8h 3c Ts]
Chessnok: checks
cbarnes: bets $3
Chessnok: raises $3 to $6
cbarnes: calls $3
*** TURN *** [8h 3c Ts] [Ad]
Chessnok: checks
cbarnes: bets $6
Chessnok: calls $6
*** RIVER *** [8h 3c Ts Ad] [Ks]
Chessnok: checks
cbarnes: bets $6
AAAA_FULL_72 is disconnected
Chessnok: raises $6 to $12
cbarnes: calls $6
*** SHOW DOWN ***
Chessnok: shows [8c Kd] (two pair, Kings and Eights)
cbarnes: mucks hand
Chessnok collected $59.50 from pot
*** SUMMARY ***
Total pot $60 | Rake $0.50
Board [8h 3c Ts Ad Ks]
Seat 1: Chessnok (big blind) showed [8c Kd] and won ($59.50) with two pair, Kings and Eights
Seat 5: cbarnes (button) (small blind) mucked


PokerStars Hand #163004461759:  Hold'em Limit ($3/$6 USD) - 2016/12/15 17:42:24 ET
Table 'Wisibada' 6-max Seat #1 is the button
Seat 1: Chessnok ($120.63 in chips)
Seat 5: cbarnes ($131.16 in chips)
Chessnok: posts small blind $1
cbarnes: posts big blind $3
*** HOLE CARDS ***
AAAA_FULL_72 leaves the table
Chessnok: folds
Uncalled bet ($2) returned to cbarnes
cbarnes collected $2 from pot
cbarnes: doesn't show hand
*** SUMMARY ***
Total pot $2 | Rake $0
Seat 1: Chessnok (button) (small blind) folded before Flop
Seat 5: cbarnes (big blind) collected ($2)


PokerStars Hand #163004425018:  Hold'em Limit ($3/$6 USD) - 2016/12/15 17:41:41 ET
Table 'Wisibada' 6-max Seat #1 is the button
Seat 1: Chessnok ($120.87 in chips)
Seat 5: cbarnes ($131.40 in chips)
Chessnok: posts small blind $1
cbarnes: posts big blind $3
*** HOLE CARDS ***
Chessnok: raises $3 to $6
cbarnes: calls $3
*** FLOP *** [4d 2c 2h]
cbarnes: checks
AAAA_FULL_72 said, "u are dead next time i see u"
cbarnes said, "go on"
Chessnok: bets $3
AAAA_FULL_72 said, "believe me u fkn wh..oreson"
cbarnes: folds
Uncalled bet ($3) returned to Chessnok
Chessnok collected $11.76 from pot
Chessnok: doesn't show hand
*** SUMMARY ***
Total pot $12 | Rake $0.24
Board [4d 2c 2h]
Seat 1: Chessnok (button) (small blind) collected ($11.76)
Seat 5: cbarnes (big blind) folded on the Flop


PokerStars Hand #163004442601:  Hold'em Limit ($3/$6 USD) - 2016/12/15 17:42:02 ET
Table 'Wisibada' 6-max Seat #5 is the button
Seat 1: Chessnok ($126.63 in chips)
Seat 5: cbarnes ($125.40 in chips)
cbarnes: posts small blind $1
Chessnok: posts big blind $3
*** HOLE CARDS ***
cbarnes said, "what do u want me to do"
AAAA_FULL_72 said, "gona break all ur bones"
cbarnes: raises $3 to $6
Chessnok: calls $3
*** FLOP *** [8c 9s 4h]
Chessnok: checks
cbarnes: bets $3
Chessnok: folds
Uncalled bet ($3) returned to cbarnes
AAAA_FULL_72 said, "ur dead.. enjoy last days"
cbarnes collected $11.76 from pot
cbarnes: doesn't show hand
*** SUMMARY ***
Total pot $12 | Rake $0.24
Board [8c 9s 4h]
Seat 1: Chessnok (big blind) folded on the Flop
Seat 5: cbarnes (button) (small blind) collected ($11.76)


PokerStars Hand #163004467369:  Hold'em Limit ($3/$6 USD) - 2016/12/15 17:42:31 ET
Table 'Wisibada' 6-max Seat #5 is the button
Seat 1: Chessnok ($119.63 in chips)
Seat 5: cbarnes ($132.16 in chips)
cbarnes: posts small blind $1
Chessnok: posts big blind $3
*** HOLE CARDS ***
cbarnes: raises $3 to $6
Chessnok: calls $3
*** FLOP *** [6s 3s 3c]
Chessnok: checks
cbarnes: bets $3
Chessnok: calls $3
*** TURN *** [6s 3s 3c] [Qh]
Chessnok: checks
cbarnes: bets $6
Chessnok: raises $6 to $12
cbarnes: calls $6
*** RIVER *** [6s 3s 3c Qh] [Ac]
Chessnok: bets $6
cbarnes: calls $6
*** SHOW DOWN ***
Chessnok: shows [Jh Qs] (two pair, Queens and Threes)
cbarnes: mucks hand
Chessnok collected $53.50 from pot
*** SUMMARY ***
Total pot $54 | Rake $0.50
Board [6s 3s 3c Qh Ac]
Seat 1: Chessnok (big blind) showed [Jh Qs] and won ($53.50) with two pair, Queens and Threes
Seat 5: cbarnes (button) (small blind) mucked


