PokerStars Hand #156199244067:  Hold'em Limit ($3/$6 USD) - 2016/07/19 22:54:16 ET
Table 'Wodan' 10-max Seat #8 is the button
Seat 7: BuzovaPro ($86.50 in chips)
Seat 8: Pasalapaka ($35 in chips)
Pasalapaka: posts small blind $1
BuzovaPro: posts big blind $3
*** HOLE CARDS ***
Pasalapaka: folds
Uncalled bet ($2) returned to BuzovaPro
BuzovaPro collected $2 from pot
BuzovaPro: doesn't show hand
*** SUMMARY ***
Total pot $2 | Rake $0
Seat 7: BuzovaPro (big blind) collected ($2)
Seat 8: Pasalapaka (button) (small blind) folded before Flop


PokerStars Hand #156199245781:  Hold'em Limit ($3/$6 USD) - 2016/07/19 22:54:22 ET
Table 'Wodan' 10-max Seat #7 is the button
Seat 7: BuzovaPro ($87.50 in chips)
Seat 8: Pasalapaka ($34 in chips)
BuzovaPro: posts small blind $1
Pasalapaka: posts big blind $3
*** HOLE CARDS ***
BuzovaPro: raises $3 to $6
Pasalapaka: calls $3
*** FLOP *** [Td 2s 4c]
Pasalapaka: checks
BuzovaPro: bets $3
Pasalapaka: raises $3 to $6
BuzovaPro: calls $3
*** TURN *** [Td 2s 4c] [5s]
Pasalapaka: bets $6
BuzovaPro: folds
Uncalled bet ($6) returned to Pasalapaka
Pasalapaka collected $23.52 from pot
*** SUMMARY ***
Total pot $24 | Rake $0.48
Board [Td 2s 4c 5s]
Seat 7: BuzovaPro (button) (small blind) folded on the Turn
Seat 8: Pasalapaka (big blind) collected ($23.52)


PokerStars Hand #156199250855:  Hold'em Limit ($3/$6 USD) - 2016/07/19 22:54:38 ET
Table 'Wodan' 10-max Seat #8 is the button
Seat 7: BuzovaPro ($75.50 in chips)
Seat 8: Pasalapaka ($45.52 in chips)
Pasalapaka: posts small blind $1
BuzovaPro: posts big blind $3
*** HOLE CARDS ***
Pasalapaka: folds
Uncalled bet ($2) returned to BuzovaPro
BuzovaPro collected $2 from pot
BuzovaPro: doesn't show hand
*** SUMMARY ***
Total pot $2 | Rake $0
Seat 7: BuzovaPro (big blind) collected ($2)
Seat 8: Pasalapaka (button) (small blind) folded before Flop


PokerStars Hand #156199252160:  Hold'em Limit ($3/$6 USD) - 2016/07/19 22:54:43 ET
Table 'Wodan' 10-max Seat #7 is the button
Seat 7: BuzovaPro ($76.50 in chips)
Seat 8: Pasalapaka ($44.52 in chips)
BuzovaPro: posts small blind $1
Pasalapaka: posts big blind $3
*** HOLE CARDS ***
BuzovaPro: raises $3 to $6
Pasalapaka: calls $3
*** FLOP *** [2s 4h 4c]
Pasalapaka: checks
BuzovaPro: bets $3
Pasalapaka: calls $3
*** TURN *** [2s 4h 4c] [Jd]
Pasalapaka: checks
BuzovaPro: bets $6
Pasalapaka: calls $6
*** RIVER *** [2s 4h 4c Jd] [3h]
Pasalapaka: checks
BuzovaPro: bets $6
Pasalapaka: calls $6
*** SHOW DOWN ***
BuzovaPro: shows [8s 8c] (two pair, Eights and Fours)
Pasalapaka: mucks hand
BuzovaPro collected $41.50 from pot
*** SUMMARY ***
Total pot $42 | Rake $0.50
Board [2s 4h 4c Jd 3h]
Seat 7: BuzovaPro (button) (small blind) showed [8s 8c] and won ($41.50) with two pair, Eights and Fours
Seat 8: Pasalapaka (big blind) mucked


PokerStars Hand #156199285371:  Hold'em Limit ($3/$6 USD) - 2016/07/19 22:56:45 ET
Table 'Wodan' 10-max Seat #8 is the button
Seat 7: BuzovaPro ($91 in chips)
Seat 8: Pasalapaka ($29.16 in chips)
Pasalapaka: posts small blind $1
BuzovaPro: posts big blind $3
*** HOLE CARDS ***
Pasalapaka: raises $3 to $6
BuzovaPro: calls $3
*** FLOP *** [Js 5c 6d]
BuzovaPro: checks
Pasalapaka: checks
*** TURN *** [Js 5c 6d] [5s]
BuzovaPro: checks
Pasalapaka: bets $6
BuzovaPro: folds
Uncalled bet ($6) returned to Pasalapaka
Pasalapaka collected $11.76 from pot
*** SUMMARY ***
Total pot $12 | Rake $0.24
Board [Js 5c 6d 5s]
Seat 7: BuzovaPro (big blind) folded on the Turn
Seat 8: Pasalapaka (button) (small blind) collected ($11.76)


PokerStars Hand #156199283950:  Hold'em Limit ($3/$6 USD) - 2016/07/19 22:56:40 ET
Table 'Wodan' 10-max Seat #7 is the button
Seat 7: BuzovaPro ($88 in chips)
Seat 8: Pasalapaka ($32.16 in chips)
BuzovaPro: posts small blind $1
Pasalapaka: posts big blind $3
*** HOLE CARDS ***
BuzovaPro: raises $3 to $6
Pasalapaka: folds
Uncalled bet ($3) returned to BuzovaPro
BuzovaPro collected $6 from pot
BuzovaPro: doesn't show hand
*** SUMMARY ***
Total pot $6 | Rake $0
Seat 7: BuzovaPro (button) (small blind) collected ($6)
Seat 8: Pasalapaka (big blind) folded before Flop


PokerStars Hand #156199267853:  Hold'em Limit ($3/$6 USD) - 2016/07/19 22:55:38 ET
Table 'Wodan' 10-max Seat #8 is the button
Seat 7: BuzovaPro ($97 in chips)
Seat 8: Pasalapaka ($23.52 in chips)
Pasalapaka: posts small blind $1
BuzovaPro: posts big blind $3
*** HOLE CARDS ***
Pasalapaka: raises $3 to $6
BuzovaPro: calls $3
*** FLOP *** [Qc Jc Kc]
BuzovaPro: checks
Pasalapaka: bets $3
BuzovaPro: calls $3
*** TURN *** [Qc Jc Kc] [9c]
BuzovaPro: checks
Pasalapaka: checks
*** RIVER *** [Qc Jc Kc 9c] [Qd]
BuzovaPro: checks
Pasalapaka: bets $6
BuzovaPro: folds
Uncalled bet ($6) returned to Pasalapaka
Pasalapaka collected $17.64 from pot
*** SUMMARY ***
Total pot $18 | Rake $0.36
Board [Qc Jc Kc 9c Qd]
Seat 7: BuzovaPro (big blind) folded on the River
Seat 8: Pasalapaka (button) (small blind) collected ($17.64)


PokerStars Hand #156199291898:  Hold'em Limit ($3/$6 USD) - 2016/07/19 22:57:10 ET
Table 'Wodan' 10-max Seat #7 is the button
Seat 7: BuzovaPro ($85 in chips)
Seat 8: Pasalapaka ($34.92 in chips)
BuzovaPro: posts small blind $1
Pasalapaka: posts big blind $3
*** HOLE CARDS ***
BuzovaPro: folds
Uncalled bet ($2) returned to Pasalapaka
Pasalapaka collected $2 from pot
*** SUMMARY ***
Total pot $2 | Rake $0
Seat 7: BuzovaPro (button) (small blind) folded before Flop
Seat 8: Pasalapaka (big blind) collected ($2)


PokerStars Hand #156199303181:  Hold'em Limit ($3/$6 USD) - 2016/07/19 22:57:53 ET
Table 'Wodan' 10-max Seat #7 is the button
Seat 7: BuzovaPro ($85 in chips)
Seat 8: Pasalapaka ($34.92 in chips)
BuzovaPro: posts small blind $1
Pasalapaka: posts big blind $3
*** HOLE CARDS ***
BuzovaPro: raises $3 to $6
Pasalapaka: folds
Uncalled bet ($3) returned to BuzovaPro
BuzovaPro collected $6 from pot
BuzovaPro: doesn't show hand
*** SUMMARY ***
Total pot $6 | Rake $0
Seat 7: BuzovaPro (button) (small blind) collected ($6)
Seat 8: Pasalapaka (big blind) folded before Flop


PokerStars Hand #156199301987:  Hold'em Limit ($3/$6 USD) - 2016/07/19 22:57:48 ET
Table 'Wodan' 10-max Seat #8 is the button
Seat 7: BuzovaPro ($84 in chips)
Seat 8: Pasalapaka ($35.92 in chips)
Pasalapaka: posts small blind $1
BuzovaPro: posts big blind $3
*** HOLE CARDS ***
Pasalapaka: folds
Uncalled bet ($2) returned to BuzovaPro
BuzovaPro collected $2 from pot
BuzovaPro: doesn't show hand
*** SUMMARY ***
Total pot $2 | Rake $0
Seat 7: BuzovaPro (big blind) collected ($2)
Seat 8: Pasalapaka (button) (small blind) folded before Flop


PokerStars Hand #156199300546:  Hold'em Limit ($3/$6 USD) - 2016/07/19 22:57:43 ET
Table 'Wodan' 10-max Seat #7 is the button
Seat 7: BuzovaPro ($85 in chips)
Seat 8: Pasalapaka ($34.92 in chips)
BuzovaPro: posts small blind $1
Pasalapaka: posts big blind $3
*** HOLE CARDS ***
BuzovaPro: folds
Uncalled bet ($2) returned to Pasalapaka
Pasalapaka collected $2 from pot
Pasalapaka: doesn't show hand
*** SUMMARY ***
Total pot $2 | Rake $0
Seat 7: BuzovaPro (button) (small blind) folded before Flop
Seat 8: Pasalapaka (big blind) collected ($2)


PokerStars Hand #156199299167:  Hold'em Limit ($3/$6 USD) - 2016/07/19 22:57:38 ET
Table 'Wodan' 10-max Seat #8 is the button
Seat 7: BuzovaPro ($84 in chips)
Seat 8: Pasalapaka ($35.92 in chips)
Pasalapaka: posts small blind $1
BuzovaPro: posts big blind $3
*** HOLE CARDS ***
Pasalapaka: folds
Uncalled bet ($2) returned to BuzovaPro
BuzovaPro collected $2 from pot
BuzovaPro: doesn't show hand
*** SUMMARY ***
Total pot $2 | Rake $0
Seat 7: BuzovaPro (big blind) collected ($2)
Seat 8: Pasalapaka (button) (small blind) folded before Flop


PokerStars Hand #156199297828:  Hold'em Limit ($3/$6 USD) - 2016/07/19 22:57:33 ET
Table 'Wodan' 10-max Seat #7 is the button
Seat 7: BuzovaPro ($85 in chips)
Seat 8: Pasalapaka ($34.92 in chips)
BuzovaPro: posts small blind $1
Pasalapaka: posts big blind $3
*** HOLE CARDS ***
BuzovaPro: folds
Uncalled bet ($2) returned to Pasalapaka
Pasalapaka collected $2 from pot
*** SUMMARY ***
Total pot $2 | Rake $0
Seat 7: BuzovaPro (button) (small blind) folded before Flop
Seat 8: Pasalapaka (big blind) collected ($2)


PokerStars Hand #156199296562:  Hold'em Limit ($3/$6 USD) - 2016/07/19 22:57:28 ET
Table 'Wodan' 10-max Seat #8 is the button
Seat 7: BuzovaPro ($84 in chips)
Seat 8: Pasalapaka ($35.92 in chips)
Pasalapaka: posts small blind $1
BuzovaPro: posts big blind $3
*** HOLE CARDS ***
Pasalapaka: folds
Uncalled bet ($2) returned to BuzovaPro
BuzovaPro collected $2 from pot
BuzovaPro: doesn't show hand
*** SUMMARY ***
Total pot $2 | Rake $0
Seat 7: BuzovaPro (big blind) collected ($2)
Seat 8: Pasalapaka (button) (small blind) folded before Flop


PokerStars Hand #156199316862:  Hold'em Limit ($3/$6 USD) - 2016/07/19 22:58:45 ET
Table 'Wodan' 10-max Seat #8 is the button
Seat 7: BuzovaPro ($81 in chips)
Seat 8: Pasalapaka ($38.68 in chips)
Pasalapaka: posts small blind $1
BuzovaPro: posts big blind $3
*** HOLE CARDS ***
Pasalapaka: raises $3 to $6
BuzovaPro: calls $3
*** FLOP *** [6c 6s 4d]
BuzovaPro: checks
Pasalapaka: bets $3
BuzovaPro: folds
Uncalled bet ($3) returned to Pasalapaka
Pasalapaka collected $11.76 from pot
*** SUMMARY ***
Total pot $12 | Rake $0.24
Board [6c 6s 4d]
Seat 7: BuzovaPro (big blind) folded on the Flop
Seat 8: Pasalapaka (button) (small blind) collected ($11.76)


PokerStars Hand #156199315367:  Hold'em Limit ($3/$6 USD) - 2016/07/19 22:58:39 ET
Table 'Wodan' 10-max Seat #7 is the button
Seat 7: BuzovaPro ($82 in chips)
Seat 8: Pasalapaka ($37.68 in chips)
BuzovaPro: posts small blind $1
Pasalapaka: posts big blind $3
*** HOLE CARDS ***
BuzovaPro: folds
Uncalled bet ($2) returned to Pasalapaka
Pasalapaka collected $2 from pot
*** SUMMARY ***
Total pot $2 | Rake $0
Seat 7: BuzovaPro (button) (small blind) folded before Flop
Seat 8: Pasalapaka (big blind) collected ($2)


PokerStars Hand #156199304804:  Hold'em Limit ($3/$6 USD) - 2016/07/19 22:57:59 ET
Table 'Wodan' 10-max Seat #8 is the button
Seat 7: BuzovaPro ($88 in chips)
Seat 8: Pasalapaka ($31.92 in chips)
Pasalapaka: posts small blind $1
BuzovaPro: posts big blind $3
*** HOLE CARDS ***
Pasalapaka: raises $3 to $6
BuzovaPro: calls $3
*** FLOP *** [Ah 9s 9c]
BuzovaPro: checks
Pasalapaka: bets $3
BuzovaPro: folds
Uncalled bet ($3) returned to Pasalapaka
Pasalapaka collected $11.76 from pot
*** SUMMARY ***
Total pot $12 | Rake $0.24
Board [Ah 9s 9c]
Seat 7: BuzovaPro (big blind) folded on the Flop
Seat 8: Pasalapaka (button) (small blind) collected ($11.76)


PokerStars Hand #156199331524:  Hold'em Limit ($3/$6 USD) - 2016/07/19 22:59:41 ET
Table 'Wodan' 10-max Seat #8 is the button
Seat 7: BuzovaPro ($72 in chips)
Seat 8: Pasalapaka ($70.94 in chips)
Pasalapaka: posts small blind $1
BuzovaPro: posts big blind $3
*** HOLE CARDS ***
Pasalapaka: folds
Uncalled bet ($2) returned to BuzovaPro
BuzovaPro collected $2 from pot
BuzovaPro: doesn't show hand
*** SUMMARY ***
Total pot $2 | Rake $0
Seat 7: BuzovaPro (big blind) collected ($2)
Seat 8: Pasalapaka (button) (small blind) folded before Flop


PokerStars Hand #156199333095:  Hold'em Limit ($3/$6 USD) - 2016/07/19 22:59:47 ET
Table 'Wodan' 10-max Seat #7 is the button
Seat 7: BuzovaPro ($73 in chips)
Seat 8: Pasalapaka ($69.94 in chips)
BuzovaPro: posts small blind $1
Pasalapaka: posts big blind $3
*** HOLE CARDS ***
BuzovaPro: raises $3 to $6
Pasalapaka: calls $3
*** FLOP *** [8h 2h 7c]
Pasalapaka: checks
BuzovaPro: checks
*** TURN *** [8h 2h 7c] [Jd]
Pasalapaka: checks
BuzovaPro: bets $6
Pasalapaka: folds
Uncalled bet ($6) returned to BuzovaPro
BuzovaPro collected $11.76 from pot
BuzovaPro: doesn't show hand
*** SUMMARY ***
Total pot $12 | Rake $0.24
Board [8h 2h 7c Jd]
Seat 7: BuzovaPro (button) (small blind) collected ($11.76)
Seat 8: Pasalapaka (big blind) folded on the Turn


PokerStars Hand #156199324412:  Hold'em Limit ($3/$6 USD) - 2016/07/19 22:59:13 ET
Table 'Wodan' 10-max Seat #7 is the button
Seat 7: BuzovaPro ($75 in chips)
Seat 8: Pasalapaka ($44.44 in chips)
BuzovaPro: posts small blind $1
Pasalapaka: posts big blind $3
*** HOLE CARDS ***
BuzovaPro: raises $3 to $6
Pasalapaka: calls $3
*** FLOP *** [Qh 2d Qs]
Pasalapaka: checks
BuzovaPro: bets $3
Pasalapaka: calls $3
*** TURN *** [Qh 2d Qs] [4h]
Pasalapaka: checks
BuzovaPro: bets $6
Pasalapaka: raises $6 to $12
BuzovaPro: calls $6
*** RIVER *** [Qh 2d Qs 4h] [6c]
Pasalapaka: bets $6
BuzovaPro: calls $6
*** SHOW DOWN ***
Pasalapaka: shows [Qd 5h] (three of a kind, Queens)
BuzovaPro: mucks hand
Pasalapaka collected $53.50 from pot
*** SUMMARY ***
Total pot $54 | Rake $0.50
Board [Qh 2d Qs 4h 6c]
Seat 7: BuzovaPro (button) (small blind) mucked
Seat 8: Pasalapaka (big blind) showed [Qd 5h] and won ($53.50) with three of a kind, Queens


PokerStars Hand #156199339766:  Hold'em Limit ($3/$6 USD) - 2016/07/19 23:00:12 ET
Table 'Wodan' 10-max Seat #8 is the button
Seat 7: BuzovaPro ($78.76 in chips)
Seat 8: Pasalapaka ($63.94 in chips)
Pasalapaka: posts small blind $1
BuzovaPro: posts big blind $3
*** HOLE CARDS ***
Pasalapaka: folds
Uncalled bet ($2) returned to BuzovaPro
BuzovaPro collected $2 from pot
BuzovaPro: doesn't show hand
*** SUMMARY ***
Total pot $2 | Rake $0
Seat 7: BuzovaPro (big blind) collected ($2)
Seat 8: Pasalapaka (button) (small blind) folded before Flop


PokerStars Hand #156199340987:  Hold'em Limit ($3/$6 USD) - 2016/07/19 23:00:17 ET
Table 'Wodan' 10-max Seat #7 is the button
Seat 7: BuzovaPro ($79.76 in chips)
Seat 8: Pasalapaka ($62.94 in chips)
BuzovaPro: posts small blind $1
Pasalapaka: posts big blind $3
*** HOLE CARDS ***
BuzovaPro: raises $3 to $6
Pasalapaka: calls $3
*** FLOP *** [5c Qh 4c]
Pasalapaka: checks
BuzovaPro: bets $3
Pasalapaka: calls $3
*** TURN *** [5c Qh 4c] [Th]
Pasalapaka: checks
BuzovaPro: bets $6
Pasalapaka: folds
Uncalled bet ($6) returned to BuzovaPro
BuzovaPro collected $17.64 from pot
BuzovaPro: doesn't show hand
*** SUMMARY ***
Total pot $18 | Rake $0.36
Board [5c Qh 4c Th]
Seat 7: BuzovaPro (button) (small blind) collected ($17.64)
Seat 8: Pasalapaka (big blind) folded on the Turn


PokerStars Hand #156199349394:  Hold'em Limit ($3/$6 USD) - 2016/07/19 23:00:47 ET
Table 'Wodan' 10-max Seat #7 is the button
Seat 7: BuzovaPro ($97.04 in chips)
Seat 8: Pasalapaka ($44.94 in chips)
BuzovaPro: posts small blind $1
Pasalapaka: posts big blind $3
*** HOLE CARDS ***
BuzovaPro: folds
Uncalled bet ($2) returned to Pasalapaka
Pasalapaka collected $2 from pot
*** SUMMARY ***
Total pot $2 | Rake $0
Seat 7: BuzovaPro (button) (small blind) folded before Flop
Seat 8: Pasalapaka (big blind) collected ($2)


PokerStars Hand #156199359457:  Hold'em Limit ($3/$6 USD) - 2016/07/19 23:01:23 ET
Table 'Wodan' 10-max Seat #7 is the button
Seat 7: BuzovaPro ($87.04 in chips)
Seat 8: Pasalapaka ($54.58 in chips)
BuzovaPro: posts small blind $1
Pasalapaka: posts big blind $3
*** HOLE CARDS ***
BuzovaPro: raises $3 to $6
Pasalapaka: calls $3
*** FLOP *** [Tc 8c 7s]
Pasalapaka: checks
BuzovaPro: checks
*** TURN *** [Tc 8c 7s] [2s]
Pasalapaka: checks
BuzovaPro: checks
*** RIVER *** [Tc 8c 7s 2s] [9h]
Pasalapaka: checks
BuzovaPro: checks
*** SHOW DOWN ***
Pasalapaka: shows [6c Ad] (a straight, Six to Ten)
BuzovaPro: mucks hand
Pasalapaka collected $11.76 from pot
*** SUMMARY ***
Total pot $12 | Rake $0.24
Board [Tc 8c 7s 2s 9h]
Seat 7: BuzovaPro (button) (small blind) mucked
Seat 8: Pasalapaka (big blind) showed [6c Ad] and won ($11.76) with a straight, Six to Ten


PokerStars Hand #156199365320:  Hold'em Limit ($3/$6 USD) - 2016/07/19 23:01:43 ET
Table 'Wodan' 10-max Seat #8 is the button
Seat 7: BuzovaPro ($81.04 in chips)
Seat 8: Pasalapaka ($60.34 in chips)
Pasalapaka: posts small blind $1
BuzovaPro: posts big blind $3
*** HOLE CARDS ***
Pasalapaka: raises $3 to $6
BuzovaPro: raises $3 to $9
Pasalapaka: calls $3
*** FLOP *** [5d 3c 2d]
BuzovaPro: bets $3
Pasalapaka: calls $3
*** TURN *** [5d 3c 2d] [Qd]
BuzovaPro: bets $6
Pasalapaka: calls $6
*** RIVER *** [5d 3c 2d Qd] [9s]
BuzovaPro: bets $6
Pasalapaka: calls $6
*** SHOW DOWN ***
BuzovaPro: shows [Qh Kc] (a pair of Queens)
Pasalapaka: mucks hand
BuzovaPro collected $47.50 from pot
*** SUMMARY ***
Total pot $48 | Rake $0.50
Board [5d 3c 2d Qd 9s]
Seat 7: BuzovaPro (big blind) showed [Qh Kc] and won ($47.50) with a pair of Queens
Seat 8: Pasalapaka (button) (small blind) mucked


PokerStars Hand #156199353248:  Hold'em Limit ($3/$6 USD) - 2016/07/19 23:01:01 ET
Table 'Wodan' 10-max Seat #8 is the button
Seat 7: BuzovaPro ($96.04 in chips)
Seat 8: Pasalapaka ($45.94 in chips)
Pasalapaka: posts small blind $1
BuzovaPro: posts big blind $3
*** HOLE CARDS ***
Pasalapaka: raises $3 to $6
BuzovaPro: calls $3
*** FLOP *** [3s Jc 5h]
BuzovaPro: checks
Pasalapaka: bets $3
BuzovaPro: calls $3
*** TURN *** [3s Jc 5h] [Qs]
BuzovaPro: checks
Pasalapaka: bets $6
BuzovaPro: folds
Uncalled bet ($6) returned to Pasalapaka
Pasalapaka collected $17.64 from pot
*** SUMMARY ***
Total pot $18 | Rake $0.36
Board [3s Jc 5h Qs]
Seat 7: BuzovaPro (big blind) folded on the Turn
Seat 8: Pasalapaka (button) (small blind) collected ($17.64)


PokerStars Hand #156199370828:  Hold'em Limit ($3/$6 USD) - 2016/07/19 23:02:02 ET
Table 'Wodan' 10-max Seat #7 is the button
Seat 7: BuzovaPro ($104.54 in chips)
Seat 8: Pasalapaka ($36.34 in chips)
BuzovaPro: posts small blind $1
Pasalapaka: posts big blind $3
*** HOLE CARDS ***
BuzovaPro: folds
Uncalled bet ($2) returned to Pasalapaka
Pasalapaka collected $2 from pot
*** SUMMARY ***
Total pot $2 | Rake $0
Seat 7: BuzovaPro (button) (small blind) folded before Flop
Seat 8: Pasalapaka (big blind) collected ($2)


PokerStars Hand #156199378246:  Hold'em Limit ($3/$6 USD) - 2016/07/19 23:02:27 ET
Table 'Wodan' 10-max Seat #7 is the button
Seat 7: BuzovaPro ($100.54 in chips)
Seat 8: Pasalapaka ($40.34 in chips)
BuzovaPro: posts small blind $1
Pasalapaka: posts big blind $3
*** HOLE CARDS ***
BuzovaPro: raises $3 to $6
Pasalapaka: folds
Uncalled bet ($3) returned to BuzovaPro
BuzovaPro collected $6 from pot
BuzovaPro: doesn't show hand
*** SUMMARY ***
Total pot $6 | Rake $0
Seat 7: BuzovaPro (button) (small blind) collected ($6)
Seat 8: Pasalapaka (big blind) folded before Flop


PokerStars Hand #156199376818:  Hold'em Limit ($3/$6 USD) - 2016/07/19 23:02:22 ET
Table 'Wodan' 10-max Seat #8 is the button
Seat 7: BuzovaPro ($99.54 in chips)
Seat 8: Pasalapaka ($41.34 in chips)
Pasalapaka: posts small blind $1
BuzovaPro: posts big blind $3
*** HOLE CARDS ***
Pasalapaka: folds
Uncalled bet ($2) returned to BuzovaPro
BuzovaPro collected $2 from pot
BuzovaPro: doesn't show hand
*** SUMMARY ***
Total pot $2 | Rake $0
Seat 7: BuzovaPro (big blind) collected ($2)
Seat 8: Pasalapaka (button) (small blind) folded before Flop


PokerStars Hand #156199379877:  Hold'em Limit ($3/$6 USD) - 2016/07/19 23:02:33 ET
Table 'Wodan' 10-max Seat #8 is the button
Seat 7: BuzovaPro ($103.54 in chips)
Seat 8: Pasalapaka ($37.34 in chips)
Pasalapaka: posts small blind $1
BuzovaPro: posts big blind $3
*** HOLE CARDS ***
Pasalapaka: folds
Uncalled bet ($2) returned to BuzovaPro
BuzovaPro collected $2 from pot
BuzovaPro: doesn't show hand
*** SUMMARY ***
Total pot $2 | Rake $0
Seat 7: BuzovaPro (big blind) collected ($2)
Seat 8: Pasalapaka (button) (small blind) folded before Flop


PokerStars Hand #156199381333:  Hold'em Limit ($3/$6 USD) - 2016/07/19 23:02:38 ET
Table 'Wodan' 10-max Seat #7 is the button
Seat 7: BuzovaPro ($104.54 in chips)
Seat 8: Pasalapaka ($36.34 in chips)
BuzovaPro: posts small blind $1
Pasalapaka: posts big blind $3
*** HOLE CARDS ***
BuzovaPro: folds
Uncalled bet ($2) returned to Pasalapaka
Pasalapaka collected $2 from pot
*** SUMMARY ***
Total pot $2 | Rake $0
Seat 7: BuzovaPro (button) (small blind) folded before Flop
Seat 8: Pasalapaka (big blind) collected ($2)


PokerStars Hand #156199375140:  Hold'em Limit ($3/$6 USD) - 2016/07/19 23:02:17 ET
Table 'Wodan' 10-max Seat #7 is the button
Seat 7: BuzovaPro ($100.54 in chips)
Seat 8: Pasalapaka ($40.34 in chips)
BuzovaPro: posts small blind $1
Pasalapaka: posts big blind $3
*** HOLE CARDS ***
BuzovaPro: folds
Uncalled bet ($2) returned to Pasalapaka
Pasalapaka collected $2 from pot
Pasalapaka: doesn't show hand
*** SUMMARY ***
Total pot $2 | Rake $0
Seat 7: BuzovaPro (button) (small blind) folded before Flop
Seat 8: Pasalapaka (big blind) collected ($2)


PokerStars Hand #156199372932:  Hold'em Limit ($3/$6 USD) - 2016/07/19 23:02:10 ET
Table 'Wodan' 10-max Seat #8 is the button
Seat 7: BuzovaPro ($103.54 in chips)
Seat 8: Pasalapaka ($37.34 in chips)
Pasalapaka: posts small blind $1
BuzovaPro: posts big blind $3
*** HOLE CARDS ***
Pasalapaka: raises $3 to $6
BuzovaPro: folds
Uncalled bet ($3) returned to Pasalapaka
Pasalapaka collected $6 from pot
Pasalapaka: doesn't show hand
*** SUMMARY ***
Total pot $6 | Rake $0
Seat 7: BuzovaPro (big blind) folded before Flop
Seat 8: Pasalapaka (button) (small blind) collected ($6)


PokerStars Hand #156199383231:  Hold'em Limit ($3/$6 USD) - 2016/07/19 23:02:44 ET
Table 'Wodan' 10-max Seat #8 is the button
Seat 7: BuzovaPro ($103.54 in chips)
Seat 8: Pasalapaka ($37.34 in chips)
Pasalapaka: posts small blind $1
BuzovaPro: posts big blind $3
*** HOLE CARDS ***
Pasalapaka: raises $3 to $6
BuzovaPro: folds
Uncalled bet ($3) returned to Pasalapaka
Pasalapaka collected $6 from pot
Pasalapaka: doesn't show hand
*** SUMMARY ***
Total pot $6 | Rake $0
Seat 7: BuzovaPro (big blind) folded before Flop
Seat 8: Pasalapaka (button) (small blind) collected ($6)


PokerStars Hand #156199393372:  Hold'em Limit ($3/$6 USD) - 2016/07/19 23:03:19 ET
Table 'Wodan' 10-max Seat #8 is the button
Seat 7: BuzovaPro ($85.54 in chips)
Seat 8: Pasalapaka ($54.84 in chips)
Pasalapaka: posts small blind $1
BuzovaPro: posts big blind $3
*** HOLE CARDS ***
Pasalapaka: raises $3 to $6
BuzovaPro: calls $3
*** FLOP *** [8s Ks 8d]
BuzovaPro: checks
Pasalapaka: bets $3
BuzovaPro: raises $3 to $6
Pasalapaka: folds
Uncalled bet ($3) returned to BuzovaPro
BuzovaPro collected $17.64 from pot
BuzovaPro: doesn't show hand
*** SUMMARY ***
Total pot $18 | Rake $0.36
Board [8s Ks 8d]
Seat 7: BuzovaPro (big blind) collected ($17.64)
Seat 8: Pasalapaka (button) (small blind) folded on the Flop


PokerStars Hand #156199386508:  Hold'em Limit ($3/$6 USD) - 2016/07/19 23:02:56 ET
Table 'Wodan' 10-max Seat #7 is the button
Seat 7: BuzovaPro ($100.54 in chips)
Seat 8: Pasalapaka ($40.34 in chips)
BuzovaPro: posts small blind $1
Pasalapaka: posts big blind $3
*** HOLE CARDS ***
BuzovaPro: raises $3 to $6
Pasalapaka: calls $3
*** FLOP *** [Qd As Qs]
Pasalapaka: checks
BuzovaPro: bets $3
Pasalapaka: calls $3
*** TURN *** [Qd As Qs] [Kd]
Pasalapaka: checks
BuzovaPro: checks
*** RIVER *** [Qd As Qs Kd] [3s]
Pasalapaka: bets $6
BuzovaPro: calls $6
*** SHOW DOWN ***
Pasalapaka: shows [Qc 8d] (three of a kind, Queens)
BuzovaPro: mucks hand
Pasalapaka collected $29.50 from pot
*** SUMMARY ***
Total pot $30 | Rake $0.50
Board [Qd As Qs Kd 3s]
Seat 7: BuzovaPro (button) (small blind) mucked
Seat 8: Pasalapaka (big blind) showed [Qc 8d] and won ($29.50) with three of a kind, Queens


PokerStars Hand #156199397522:  Hold'em Limit ($3/$6 USD) - 2016/07/19 23:03:33 ET
Table 'Wodan' 10-max Seat #7 is the button
Seat 7: BuzovaPro ($94.18 in chips)
Seat 8: Pasalapaka ($45.84 in chips)
BuzovaPro: posts small blind $1
Pasalapaka: posts big blind $3
*** HOLE CARDS ***
BuzovaPro: raises $3 to $6
Pasalapaka: calls $3
*** FLOP *** [Kc 9s 5d]
Pasalapaka: checks
BuzovaPro: bets $3
Pasalapaka: folds
Uncalled bet ($3) returned to BuzovaPro
BuzovaPro collected $11.76 from pot
BuzovaPro: doesn't show hand
*** SUMMARY ***
Total pot $12 | Rake $0.24
Board [Kc 9s 5d]
Seat 7: BuzovaPro (button) (small blind) collected ($11.76)
Seat 8: Pasalapaka (big blind) folded on the Flop


PokerStars Hand #156199418166:  Hold'em Limit ($3/$6 USD) - 2016/07/19 23:04:42 ET
Table 'Wodan' 10-max Seat #8 is the button
Seat 7: BuzovaPro ($126.44 in chips)
Seat 8: Pasalapaka ($12.84 in chips)
Pasalapaka: posts small blind $1
BuzovaPro: posts big blind $3
*** HOLE CARDS ***
Pasalapaka: raises $3 to $6
BuzovaPro: calls $3
*** FLOP *** [Th 6h 9h]
BuzovaPro: checks
Pasalapaka: bets $3
BuzovaPro: folds
Uncalled bet ($3) returned to Pasalapaka
Pasalapaka collected $11.76 from pot
*** SUMMARY ***
Total pot $12 | Rake $0.24
Board [Th 6h 9h]
Seat 7: BuzovaPro (big blind) folded on the Flop
Seat 8: Pasalapaka (button) (small blind) collected ($11.76)


PokerStars Hand #156199416353:  Hold'em Limit ($3/$6 USD) - 2016/07/19 23:04:36 ET
Table 'Wodan' 10-max Seat #7 is the button
Seat 7: BuzovaPro ($123.44 in chips)
Seat 8: Pasalapaka ($15.84 in chips)
BuzovaPro: posts small blind $1
Pasalapaka: posts big blind $3
*** HOLE CARDS ***
BuzovaPro: raises $3 to $6
Pasalapaka: folds
Uncalled bet ($3) returned to BuzovaPro
BuzovaPro collected $6 from pot
BuzovaPro: doesn't show hand
*** SUMMARY ***
Total pot $6 | Rake $0
Seat 7: BuzovaPro (button) (small blind) collected ($6)
Seat 8: Pasalapaka (big blind) folded before Flop


PokerStars Hand #156199405086:  Hold'em Limit ($3/$6 USD) - 2016/07/19 23:03:58 ET
Table 'Wodan' 10-max Seat #8 is the button
Seat 7: BuzovaPro ($99.94 in chips)
Seat 8: Pasalapaka ($39.84 in chips)
Pasalapaka: posts small blind $1
BuzovaPro: posts big blind $3
*** HOLE CARDS ***
Pasalapaka: raises $3 to $6
BuzovaPro: raises $3 to $9
Pasalapaka: calls $3
*** FLOP *** [8d 8s 2c]
BuzovaPro: bets $3
Pasalapaka: calls $3
*** TURN *** [8d 8s 2c] [Tc]
BuzovaPro: bets $6
Pasalapaka: calls $6
*** RIVER *** [8d 8s 2c Tc] [4h]
BuzovaPro: bets $6
Pasalapaka: calls $6
*** SHOW DOWN ***
BuzovaPro: shows [Ac Ah] (two pair, Aces and Eights)
Pasalapaka: mucks hand
BuzovaPro collected $47.50 from pot
*** SUMMARY ***
Total pot $48 | Rake $0.50
Board [8d 8s 2c Tc 4h]
Seat 7: BuzovaPro (big blind) showed [Ac Ah] and won ($47.50) with two pair, Aces and Eights
Seat 8: Pasalapaka (button) (small blind) mucked


PokerStars Hand #156199444088:  Hold'em Limit ($3/$6 USD) - 2016/07/19 23:06:10 ET
Table 'Wodan' 10-max Seat #8 is the button
Seat 7: BuzovaPro ($107.60 in chips)
Seat 8: Pasalapaka ($30.70 in chips)
Pasalapaka: posts small blind $1
BuzovaPro: posts big blind $3
*** HOLE CARDS ***
Pasalapaka: folds
Uncalled bet ($2) returned to BuzovaPro
BuzovaPro collected $2 from pot
BuzovaPro: doesn't show hand
*** SUMMARY ***
Total pot $2 | Rake $0
Seat 7: BuzovaPro (big blind) collected ($2)
Seat 8: Pasalapaka (button) (small blind) folded before Flop


PokerStars Hand #156199438657:  Hold'em Limit ($3/$6 USD) - 2016/07/19 23:05:51 ET
Table 'Wodan' 10-max Seat #7 is the button
Seat 7: BuzovaPro ($123.20 in chips)
Seat 8: Pasalapaka ($15.60 in chips)
BuzovaPro: posts small blind $1
Pasalapaka: posts big blind $3
*** HOLE CARDS ***
BuzovaPro: raises $3 to $6
Pasalapaka: calls $3
*** FLOP *** [Ad 8s Jd]
Pasalapaka: checks
BuzovaPro: bets $3
Pasalapaka: raises $3 to $6
BuzovaPro: calls $3
*** TURN *** [Ad 8s Jd] [3c]
Pasalapaka: bets $3.60 and is all-in
BuzovaPro: calls $3.60
*** RIVER *** [Ad 8s Jd 3c] [9h]
*** SHOW DOWN ***
Pasalapaka: shows [8h 6d] (a pair of Eights)
BuzovaPro: shows [Kh Td] (high card Ace)
Pasalapaka collected $30.70 from pot
*** SUMMARY ***
Total pot $31.20 | Rake $0.50
Board [Ad 8s Jd 3c 9h]
Seat 7: BuzovaPro (button) (small blind) showed [Kh Td] and lost with high card Ace
Seat 8: Pasalapaka (big blind) showed [8h 6d] and won ($30.70) with a pair of Eights


PokerStars Hand #156199427705:  Hold'em Limit ($3/$6 USD) - 2016/07/19 23:05:14 ET
Table 'Wodan' 10-max Seat #7 is the button
Seat 7: BuzovaPro ($120.44 in chips)
Seat 8: Pasalapaka ($18.60 in chips)
BuzovaPro: posts small blind $1
Pasalapaka: posts big blind $3
*** HOLE CARDS ***
BuzovaPro: raises $3 to $6
Pasalapaka: calls $3
*** FLOP *** [3h Ad Kh]
Pasalapaka: checks
BuzovaPro: bets $3
Pasalapaka: folds
Uncalled bet ($3) returned to BuzovaPro
BuzovaPro collected $11.76 from pot
BuzovaPro: doesn't show hand
*** SUMMARY ***
Total pot $12 | Rake $0.24
Board [3h Ad Kh]
Seat 7: BuzovaPro (button) (small blind) collected ($11.76)
Seat 8: Pasalapaka (big blind) folded on the Flop


PokerStars Hand #156199430617:  Hold'em Limit ($3/$6 USD) - 2016/07/19 23:05:24 ET
Table 'Wodan' 10-max Seat #8 is the button
Seat 7: BuzovaPro ($126.20 in chips)
Seat 8: Pasalapaka ($12.60 in chips)
Pasalapaka: posts small blind $1
BuzovaPro: posts big blind $3
*** HOLE CARDS ***
Pasalapaka: raises $3 to $6
BuzovaPro: folds
Uncalled bet ($3) returned to Pasalapaka
Pasalapaka collected $6 from pot
*** SUMMARY ***
Total pot $6 | Rake $0
Seat 7: BuzovaPro (big blind) folded before Flop
Seat 8: Pasalapaka (button) (small blind) collected ($6)


PokerStars Hand #156199432515:  Hold'em Limit ($3/$6 USD) - 2016/07/19 23:05:30 ET
Table 'Wodan' 10-max Seat #7 is the button
Seat 7: BuzovaPro ($123.20 in chips)
Seat 8: Pasalapaka ($15.60 in chips)
BuzovaPro: posts small blind $1
Pasalapaka: posts big blind $3
*** HOLE CARDS ***
BuzovaPro: raises $3 to $6
Pasalapaka: folds
Uncalled bet ($3) returned to BuzovaPro
BuzovaPro collected $6 from pot
BuzovaPro: doesn't show hand
*** SUMMARY ***
Total pot $6 | Rake $0
Seat 7: BuzovaPro (button) (small blind) collected ($6)
Seat 8: Pasalapaka (big blind) folded before Flop


PokerStars Hand #156199434435:  Hold'em Limit ($3/$6 USD) - 2016/07/19 23:05:37 ET
Table 'Wodan' 10-max Seat #8 is the button
Seat 7: BuzovaPro ($126.20 in chips)
Seat 8: Pasalapaka ($12.60 in chips)
Pasalapaka: posts small blind $1
BuzovaPro: posts big blind $3
*** HOLE CARDS ***
Pasalapaka: raises $3 to $6
BuzovaPro: folds
Uncalled bet ($3) returned to Pasalapaka
Pasalapaka collected $6 from pot
*** SUMMARY ***
Total pot $6 | Rake $0
Seat 7: BuzovaPro (big blind) folded before Flop
Seat 8: Pasalapaka (button) (small blind) collected ($6)


PokerStars Hand #156199447348:  Hold'em Limit ($3/$6 USD) - 2016/07/19 23:06:21 ET
Table 'Wodan' 10-max Seat #8 is the button
Seat 7: BuzovaPro ($107.60 in chips)
Seat 8: Pasalapaka ($30.70 in chips)
Pasalapaka: posts small blind $1
BuzovaPro: posts big blind $3
*** HOLE CARDS ***
Pasalapaka: raises $3 to $6
BuzovaPro: calls $3
*** FLOP *** [Kd 2s Qs]
BuzovaPro: checks
Pasalapaka: bets $3
BuzovaPro: raises $3 to $6
Pasalapaka: folds
Uncalled bet ($3) returned to BuzovaPro
BuzovaPro collected $17.64 from pot
BuzovaPro: doesn't show hand
*** SUMMARY ***
Total pot $18 | Rake $0.36
Board [Kd 2s Qs]
Seat 7: BuzovaPro (big blind) collected ($17.64)
Seat 8: Pasalapaka (button) (small blind) folded on the Flop


PokerStars Hand #156199450906:  Hold'em Limit ($3/$6 USD) - 2016/07/19 23:06:33 ET
Table 'Wodan' 10-max Seat #7 is the button
Seat 7: BuzovaPro ($116.24 in chips)
Seat 8: Pasalapaka ($21.70 in chips)
BuzovaPro: posts small blind $1
Pasalapaka: posts big blind $3
*** HOLE CARDS ***
BuzovaPro: raises $3 to $6
Pasalapaka: raises $3 to $9
BuzovaPro: calls $3
*** FLOP *** [5h 2h Jh]
Pasalapaka: bets $3
BuzovaPro: calls $3
*** TURN *** [5h 2h Jh] [Qc]
Pasalapaka: bets $6
BuzovaPro: calls $6
*** RIVER *** [5h 2h Jh Qc] [Qs]
Pasalapaka: bets $3.70 and is all-in
BuzovaPro: calls $3.70
*** SHOW DOWN ***
Pasalapaka: shows [6h 6c] (two pair, Queens and Sixes)
BuzovaPro: shows [Js 9c] (two pair, Queens and Jacks)
BuzovaPro collected $42.90 from pot
*** SUMMARY ***
Total pot $43.40 | Rake $0.50
Board [5h 2h Jh Qc Qs]
Seat 7: BuzovaPro (button) (small blind) showed [Js 9c] and won ($42.90) with two pair, Queens and Jacks
Seat 8: Pasalapaka (big blind) showed [6h 6c] and lost with two pair, Queens and Sixes


PokerStars Hand #156199445440:  Hold'em Limit ($3/$6 USD) - 2016/07/19 23:06:14 ET
Table 'Wodan' 10-max Seat #7 is the button
Seat 7: BuzovaPro ($108.60 in chips)
Seat 8: Pasalapaka ($29.70 in chips)
BuzovaPro: posts small blind $1
Pasalapaka: posts big blind $3
*** HOLE CARDS ***
BuzovaPro: folds
Uncalled bet ($2) returned to Pasalapaka
Pasalapaka collected $2 from pot
*** SUMMARY ***
Total pot $2 | Rake $0
Seat 7: BuzovaPro (button) (small blind) folded before Flop
Seat 8: Pasalapaka (big blind) collected ($2)


PokerStars Hand #156214386717:  Hold'em Limit ($3/$6 USD) - 2016/07/20 10:58:51 ET
Table 'Wodan' 10-max Seat #5 is the button
Seat 5: simper11 ($135.50 in chips)
Seat 8: Blackadder77 ($74 in chips)
simper11: posts small blind $1
Blackadder77: posts big blind $3
*** HOLE CARDS ***
simper11: raises $3 to $6
Blackadder77: calls $3
*** FLOP *** [Ks 3d Kd]
Blackadder77: checks
simper11: bets $3
Blackadder77: folds
Uncalled bet ($3) returned to simper11
simper11 collected $11.76 from pot
simper11: doesn't show hand
*** SUMMARY ***
Total pot $12 | Rake $0.24
Board [Ks 3d Kd]
Seat 5: simper11 (button) (small blind) collected ($11.76)
Seat 8: Blackadder77 (big blind) folded on the Flop


PokerStars Hand #156214384289:  Hold'em Limit ($3/$6 USD) - 2016/07/20 10:58:46 ET
Table 'Wodan' 10-max Seat #8 is the button
Seat 5: simper11 ($138.50 in chips)
Seat 8: Blackadder77 ($71 in chips)
Blackadder77: posts small blind $1
simper11: posts big blind $3
*** HOLE CARDS ***
Blackadder77: raises $3 to $6
simper11: folds
Uncalled bet ($3) returned to Blackadder77
Blackadder77 collected $6 from pot
*** SUMMARY ***
Total pot $6 | Rake $0
Seat 5: simper11 (big blind) folded before Flop
Seat 8: Blackadder77 (button) (small blind) collected ($6)


PokerStars Hand #156214371350:  Hold'em Limit ($3/$6 USD) - 2016/07/20 10:58:18 ET
Table 'Wodan' 10-max Seat #5 is the button
Seat 5: simper11 ($121 in chips)
Seat 8: Blackadder77 ($89 in chips)
simper11: posts small blind $1
Blackadder77: posts big blind $3
*** HOLE CARDS ***
simper11: raises $3 to $6
Blackadder77: calls $3
*** FLOP *** [Ac 8d 2c]
Blackadder77: checks
simper11: bets $3
Blackadder77: raises $3 to $6
simper11: calls $3
*** TURN *** [Ac 8d 2c] [Js]
Blackadder77: bets $6
simper11: calls $6
*** RIVER *** [Ac 8d 2c Js] [2d]
Blackadder77: checks
simper11: checks
*** SHOW DOWN ***
Blackadder77: shows [Kh 4s] (a pair of Deuces)
simper11: shows [Jc Ts] (two pair, Jacks and Deuces)
simper11 collected $35.50 from pot
*** SUMMARY ***
Total pot $36 | Rake $0.50
Board [Ac 8d 2c Js 2d]
Seat 5: simper11 (button) (small blind) showed [Jc Ts] and won ($35.50) with two pair, Jacks and Deuces
Seat 8: Blackadder77 (big blind) showed [Kh 4s] and lost with a pair of Deuces


PokerStars Hand #156214365675:  Hold'em Limit ($3/$6 USD) - 2016/07/20 10:58:05 ET
Table 'Wodan' 10-max Seat #8 is the button
Seat 5: simper11 ($120 in chips)
Seat 8: Blackadder77 ($90 in chips)
Blackadder77: posts small blind $1
simper11: posts big blind $3
*** HOLE CARDS ***
Blackadder77: folds
Uncalled bet ($2) returned to simper11
simper11 collected $2 from pot
simper11: doesn't show hand
*** SUMMARY ***
Total pot $2 | Rake $0
Seat 5: simper11 (big blind) collected ($2)
Seat 8: Blackadder77 (button) (small blind) folded before Flop


PokerStars Hand #156214382337:  Hold'em Limit ($3/$6 USD) - 2016/07/20 10:58:41 ET
Table 'Wodan' 10-max Seat #5 is the button
Seat 5: simper11 ($139.50 in chips)
Seat 8: Blackadder77 ($70 in chips)
simper11: posts small blind $1
Blackadder77: posts big blind $3
*** HOLE CARDS ***
simper11: folds
Uncalled bet ($2) returned to Blackadder77
Blackadder77 collected $2 from pot
*** SUMMARY ***
Total pot $2 | Rake $0
Seat 5: simper11 (button) (small blind) folded before Flop
Seat 8: Blackadder77 (big blind) collected ($2)


PokerStars Hand #156214414676:  Hold'em Limit ($3/$6 USD) - 2016/07/20 10:59:51 ET
Table 'Wodan' 10-max Seat #8 is the button
Seat 5: simper11 ($148.02 in chips)
Seat 8: Blackadder77 ($61 in chips)
Blackadder77: posts small blind $1
simper11: posts big blind $3
*** HOLE CARDS ***
Blackadder77: raises $3 to $6
simper11: calls $3
*** FLOP *** [Ks Jc Kd]
simper11: checks
Blackadder77: bets $3
simper11: calls $3
*** TURN *** [Ks Jc Kd] [6d]
simper11: checks
Blackadder77: checks
*** RIVER *** [Ks Jc Kd 6d] [9h]
simper11: checks
Blackadder77: bets $6
simper11: folds
Uncalled bet ($6) returned to Blackadder77
Blackadder77 collected $17.64 from pot
*** SUMMARY ***
Total pot $18 | Rake $0.36
Board [Ks Jc Kd 6d 9h]
Seat 5: simper11 (big blind) folded on the River
Seat 8: Blackadder77 (button) (small blind) collected ($17.64)


PokerStars Hand #156214406858:  Hold'em Limit ($3/$6 USD) - 2016/07/20 10:59:34 ET
Table 'Wodan' 10-max Seat #5 is the button
Seat 5: simper11 ($142.26 in chips)
Seat 8: Blackadder77 ($67 in chips)
simper11: posts small blind $1
Blackadder77: posts big blind $3
*** HOLE CARDS ***
simper11: raises $3 to $6
Blackadder77: calls $3
*** FLOP *** [2d Jd 4d]
Blackadder77: checks
simper11: checks
*** TURN *** [2d Jd 4d] [Js]
Blackadder77: checks
simper11: bets $6
Blackadder77: folds
Uncalled bet ($6) returned to simper11
simper11 collected $11.76 from pot
simper11: doesn't show hand
*** SUMMARY ***
Total pot $12 | Rake $0.24
Board [2d Jd 4d Js]
Seat 5: simper11 (button) (small blind) collected ($11.76)
Seat 8: Blackadder77 (big blind) folded on the Turn


PokerStars Hand #156214404364:  Hold'em Limit ($3/$6 USD) - 2016/07/20 10:59:29 ET
Table 'Wodan' 10-max Seat #8 is the button
Seat 5: simper11 ($141.26 in chips)
Seat 8: Blackadder77 ($68 in chips)
Blackadder77: posts small blind $1
simper11: posts big blind $3
*** HOLE CARDS ***
Blackadder77: folds
Uncalled bet ($2) returned to simper11
simper11 collected $2 from pot
simper11: doesn't show hand
*** SUMMARY ***
Total pot $2 | Rake $0
Seat 5: simper11 (big blind) collected ($2)
Seat 8: Blackadder77 (button) (small blind) folded before Flop


PokerStars Hand #156214394325:  Hold'em Limit ($3/$6 USD) - 2016/07/20 10:59:07 ET
Table 'Wodan' 10-max Seat #5 is the button
Seat 5: simper11 ($142.26 in chips)
Seat 8: Blackadder77 ($67 in chips)
simper11: posts small blind $1
Blackadder77: posts big blind $3
*** HOLE CARDS ***
simper11: folds
Uncalled bet ($2) returned to Blackadder77
Blackadder77 collected $2 from pot
*** SUMMARY ***
Total pot $2 | Rake $0
Seat 5: simper11 (button) (small blind) folded before Flop
Seat 8: Blackadder77 (big blind) collected ($2)


PokerStars Hand #156214431591:  Hold'em Limit ($3/$6 USD) - 2016/07/20 11:00:26 ET
Table 'Wodan' 10-max Seat #8 is the button
Seat 5: simper11 ($144.78 in chips)
Seat 8: Blackadder77 ($63.64 in chips)
Blackadder77: posts small blind $1
simper11: posts big blind $3
*** HOLE CARDS ***
Blackadder77: raises $3 to $6
simper11: raises $3 to $9
Blackadder77: calls $3
*** FLOP *** [5d Ac 2c]
simper11: bets $3
Blackadder77: calls $3
*** TURN *** [5d Ac 2c] [3d]
simper11: bets $6
Blackadder77: calls $6
*** RIVER *** [5d Ac 2c 3d] [Td]
simper11: bets $6
Blackadder77: folds
Uncalled bet ($6) returned to simper11
simper11 collected $35.50 from pot
simper11: doesn't show hand
*** SUMMARY ***
Total pot $36 | Rake $0.50
Board [5d Ac 2c 3d Td]
Seat 5: simper11 (big blind) collected ($35.50)
Seat 8: Blackadder77 (button) (small blind) folded on the River


PokerStars Hand #156214439197:  Hold'em Limit ($3/$6 USD) - 2016/07/20 11:00:42 ET
Table 'Wodan' 10-max Seat #5 is the button
Seat 5: simper11 ($162.28 in chips)
Seat 8: Blackadder77 ($45.64 in chips)
simper11: posts small blind $1
Blackadder77: posts big blind $3
*** HOLE CARDS ***
simper11: raises $3 to $6
Blackadder77: calls $3
*** FLOP *** [6h 2c Qs]
Blackadder77: checks
simper11: bets $3
Blackadder77: raises $3 to $6
simper11: calls $3
*** TURN *** [6h 2c Qs] [9c]
Blackadder77: bets $6
simper11: calls $6
*** RIVER *** [6h 2c Qs 9c] [4c]
Blackadder77: bets $6
simper11: folds
Uncalled bet ($6) returned to Blackadder77
Blackadder77 collected $35.50 from pot
*** SUMMARY ***
Total pot $36 | Rake $0.50
Board [6h 2c Qs 9c 4c]
Seat 5: simper11 (button) (small blind) folded on the River
Seat 8: Blackadder77 (big blind) collected ($35.50)


PokerStars Hand #156214426661:  Hold'em Limit ($3/$6 USD) - 2016/07/20 11:00:16 ET
Table 'Wodan' 10-max Seat #5 is the button
Seat 5: simper11 ($139.02 in chips)
Seat 8: Blackadder77 ($69.64 in chips)
simper11: posts small blind $1
Blackadder77: posts big blind $3
*** HOLE CARDS ***
simper11: raises $3 to $6
Blackadder77: calls $3
*** FLOP *** [3c 4d 3s]
Blackadder77: checks
simper11: bets $3
Blackadder77: folds
Uncalled bet ($3) returned to simper11
simper11 collected $11.76 from pot
simper11: doesn't show hand
*** SUMMARY ***
Total pot $12 | Rake $0.24
Board [3c 4d 3s]
Seat 5: simper11 (button) (small blind) collected ($11.76)
Seat 8: Blackadder77 (big blind) folded on the Flop


PokerStars Hand #156214424340:  Hold'em Limit ($3/$6 USD) - 2016/07/20 11:00:11 ET
Table 'Wodan' 10-max Seat #8 is the button
Seat 5: simper11 ($138.02 in chips)
Seat 8: Blackadder77 ($70.64 in chips)
Blackadder77: posts small blind $1
simper11: posts big blind $3
*** HOLE CARDS ***
Blackadder77: folds
Uncalled bet ($2) returned to simper11
simper11 collected $2 from pot
simper11: doesn't show hand
*** SUMMARY ***
Total pot $2 | Rake $0
Seat 5: simper11 (big blind) collected ($2)
Seat 8: Blackadder77 (button) (small blind) folded before Flop


PokerStars Hand #156214422264:  Hold'em Limit ($3/$6 USD) - 2016/07/20 11:00:07 ET
Table 'Wodan' 10-max Seat #5 is the button
Seat 5: simper11 ($139.02 in chips)
Seat 8: Blackadder77 ($69.64 in chips)
simper11: posts small blind $1
Blackadder77: posts big blind $3
*** HOLE CARDS ***
simper11: folds
Uncalled bet ($2) returned to Blackadder77
Blackadder77 collected $2 from pot
*** SUMMARY ***
Total pot $2 | Rake $0
Seat 5: simper11 (button) (small blind) folded before Flop
Seat 8: Blackadder77 (big blind) collected ($2)


PokerStars Hand #156214480990:  Hold'em Limit ($3/$6 USD) - 2016/07/20 11:02:03 ET
Table 'Wodan' 10-max Seat #5 is the button
Seat 5: simper11 ($128.80 in chips)
Seat 8: Blackadder77 ($77.64 in chips)
simper11: posts small blind $1
Blackadder77: posts big blind $3
*** HOLE CARDS ***
simper11: raises $3 to $6
Blackadder77: folds
Uncalled bet ($3) returned to simper11
simper11 collected $6 from pot
simper11: doesn't show hand
*** SUMMARY ***
Total pot $6 | Rake $0
Seat 5: simper11 (button) (small blind) collected ($6)
Seat 8: Blackadder77 (big blind) folded before Flop


PokerStars Hand #156214462693:  Hold'em Limit ($3/$6 USD) - 2016/07/20 11:01:29 ET
Table 'Wodan' 10-max Seat #8 is the button
Seat 5: simper11 ($158.80 in chips)
Seat 8: Blackadder77 ($48.14 in chips)
Blackadder77: posts small blind $1
simper11: posts big blind $3
*** HOLE CARDS ***
Blackadder77: raises $3 to $6
simper11: calls $3
*** FLOP *** [2c 9c Ad]
simper11: checks
Blackadder77: bets $3
simper11: raises $3 to $6
Blackadder77: calls $3
*** TURN *** [2c 9c Ad] [3h]
simper11: bets $6
Blackadder77: raises $6 to $12
simper11: calls $6
*** RIVER *** [2c 9c Ad 3h] [5s]
simper11: checks
Blackadder77: bets $6
simper11: calls $6
*** SHOW DOWN ***
Blackadder77: shows [Ks As] (a pair of Aces)
simper11: mucks hand
Blackadder77 collected $59.50 from pot
*** SUMMARY ***
Total pot $60 | Rake $0.50
Board [2c 9c Ad 3h 5s]
Seat 5: simper11 (big blind) mucked
Seat 8: Blackadder77 (button) (small blind) showed [Ks As] and won ($59.50) with a pair of Aces


PokerStars Hand #156214459736:  Hold'em Limit ($3/$6 USD) - 2016/07/20 11:01:23 ET
Table 'Wodan' 10-max Seat #5 is the button
Seat 5: simper11 ($155.80 in chips)
Seat 8: Blackadder77 ($51.14 in chips)
simper11: posts small blind $1
Blackadder77: posts big blind $3
*** HOLE CARDS ***
simper11: raises $3 to $6
Blackadder77: folds
Uncalled bet ($3) returned to simper11
simper11 collected $6 from pot
simper11: doesn't show hand
*** SUMMARY ***
Total pot $6 | Rake $0
Seat 5: simper11 (button) (small blind) collected ($6)
Seat 8: Blackadder77 (big blind) folded before Flop


PokerStars Hand #156214448965:  Hold'em Limit ($3/$6 USD) - 2016/07/20 11:01:02 ET
Table 'Wodan' 10-max Seat #8 is the button
Seat 5: simper11 ($144.28 in chips)
Seat 8: Blackadder77 ($63.14 in chips)
Blackadder77: posts small blind $1
simper11: posts big blind $3
*** HOLE CARDS ***
Blackadder77: raises $3 to $6
simper11: calls $3
*** FLOP *** [8d 7h 3s]
simper11: checks
Blackadder77: bets $3
simper11: raises $3 to $6
Blackadder77: calls $3
*** TURN *** [8d 7h 3s] [Tc]
simper11: bets $6
Blackadder77: folds
Uncalled bet ($6) returned to simper11
simper11 collected $23.52 from pot
simper11: doesn't show hand
*** SUMMARY ***
Total pot $24 | Rake $0.48
Board [8d 7h 3s Tc]
Seat 5: simper11 (big blind) collected ($23.52)
Seat 8: Blackadder77 (button) (small blind) folded on the Turn


PokerStars Hand #156214483754:  Hold'em Limit ($3/$6 USD) - 2016/07/20 11:02:08 ET
Table 'Wodan' 10-max Seat #8 is the button
Seat 5: simper11 ($131.80 in chips)
Seat 8: Blackadder77 ($74.64 in chips)
Blackadder77: posts small blind $1
simper11: posts big blind $3
*** HOLE CARDS ***
Blackadder77: folds
Uncalled bet ($2) returned to simper11
simper11 collected $2 from pot
simper11: doesn't show hand
*** SUMMARY ***
Total pot $2 | Rake $0
Seat 5: simper11 (big blind) collected ($2)
Seat 8: Blackadder77 (button) (small blind) folded before Flop


PokerStars Hand #156214486405:  Hold'em Limit ($3/$6 USD) - 2016/07/20 11:02:13 ET
Table 'Wodan' 10-max Seat #5 is the button
Seat 5: simper11 ($132.80 in chips)
Seat 8: Blackadder77 ($73.64 in chips)
SirRomanov joins the table at seat #6
simper11: posts small blind $1
Blackadder77: posts big blind $3
*** HOLE CARDS ***
simper11: raises $3 to $6
Blackadder77: calls $3
*** FLOP *** [8h 4c As]
Blackadder77: checks
simper11: bets $3
Blackadder77: calls $3
*** TURN *** [8h 4c As] [6d]
Blackadder77: checks
simper11: bets $6
Blackadder77: calls $6
*** RIVER *** [8h 4c As 6d] [Ts]
Blackadder77: bets $6
simper11: folds
Uncalled bet ($6) returned to Blackadder77
Blackadder77 collected $29.50 from pot
*** SUMMARY ***
Total pot $30 | Rake $0.50
Board [8h 4c As 6d Ts]
Seat 5: simper11 (button) (small blind) folded on the River
Seat 8: Blackadder77 (big blind) collected ($29.50)


PokerStars Hand #156214501428:  Hold'em Limit ($3/$6 USD) - 2016/07/20 11:02:41 ET
Table 'Wodan' 10-max Seat #8 is the button
Seat 5: simper11 ($120 in chips)
Seat 8: Blackadder77 ($88.14 in chips)
Blackadder77: posts small blind $1
simper11: posts big blind $3
*** HOLE CARDS ***
Blackadder77: raises $3 to $6
simper11: calls $3
*** FLOP *** [Ac 5c 8c]
simper11: checks
Blackadder77: bets $3
simper11: raises $3 to $6
Blackadder77: calls $3
*** TURN *** [Ac 5c 8c] [6d]
simper11: bets $6
Blackadder77: calls $6
*** RIVER *** [Ac 5c 8c 6d] [6c]
simper11: bets $6
Blackadder77: calls $6
*** SHOW DOWN ***
simper11: shows [Th Qc] (a flush, Ace high)
Blackadder77: mucks hand
simper11 collected $47.50 from pot
*** SUMMARY ***
Total pot $48 | Rake $0.50
Board [Ac 5c 8c 6d 6c]
Seat 5: simper11 (big blind) showed [Th Qc] and won ($47.50) with a flush, Ace high
Seat 8: Blackadder77 (button) (small blind) mucked


PokerStars Hand #156214773645:  Hold'em Limit ($3/$6 USD) - 2016/07/20 11:10:54 ET
Table 'Wodan' 10-max Seat #10 is the button
Seat 6: SirRomanov ($98.56 in chips)
Seat 10: Loveles5 ($91.94 in chips)
Loveles5: posts small blind $1
simper11: is sitting out
SirRomanov: posts big blind $3
*** HOLE CARDS ***
Loveles5: raises $3 to $6
SirRomanov: calls $3
*** FLOP *** [9h 7c 3d]
SirRomanov: checks
Loveles5: bets $3
SirRomanov: calls $3
*** TURN *** [9h 7c 3d] [6s]
SirRomanov: checks
Loveles5: bets $6
SirRomanov: folds
Uncalled bet ($6) returned to Loveles5
Loveles5 collected $17.64 from pot
Loveles5: doesn't show hand
*** SUMMARY ***
Total pot $18 | Rake $0.36
Board [9h 7c 3d 6s]
Seat 6: SirRomanov (big blind) folded on the Turn
Seat 10: Loveles5 (button) (small blind) collected ($17.64)


PokerStars Hand #156214790796:  Hold'em Limit ($3/$6 USD) - 2016/07/20 11:11:25 ET
Table 'Wodan' 10-max Seat #10 is the button
Seat 6: SirRomanov ($80.56 in chips)
Seat 10: Loveles5 ($109.22 in chips)
Loveles5: posts small blind $1
SirRomanov: posts big blind $3
*** HOLE CARDS ***
Loveles5: raises $3 to $6
SirRomanov: calls $3
*** FLOP *** [3d 7d Th]
SirRomanov: checks
Loveles5: bets $3
SirRomanov: calls $3
*** TURN *** [3d 7d Th] [9h]
SirRomanov: checks
Loveles5: bets $6
SirRomanov: calls $6
*** RIVER *** [3d 7d Th 9h] [7c]
SirRomanov: checks
Loveles5: checks
*** SHOW DOWN ***
SirRomanov: shows [3c 6c] (two pair, Sevens and Threes)
Loveles5: shows [Ks 9s] (two pair, Nines and Sevens)
Loveles5 collected $29.50 from pot
*** SUMMARY ***
Total pot $30 | Rake $0.50
Board [3d 7d Th 9h 7c]
Seat 6: SirRomanov (big blind) showed [3c 6c] and lost with two pair, Sevens and Threes
Seat 10: Loveles5 (button) (small blind) showed [Ks 9s] and won ($29.50) with two pair, Nines and Sevens


PokerStars Hand #156214803045:  Hold'em Limit ($3/$6 USD) - 2016/07/20 11:11:47 ET
Table 'Wodan' 10-max Seat #6 is the button
Seat 6: SirRomanov ($72 in chips)
Seat 10: Loveles5 ($123.72 in chips)
SirRomanov: posts small blind $1
Loveles5: posts big blind $3
*** HOLE CARDS ***
SirRomanov: raises $3 to $6
Loveles5: calls $3
*** FLOP *** [Td 3h 2h]
Loveles5: checks
SirRomanov: bets $3
Loveles5: folds
Uncalled bet ($3) returned to SirRomanov
SirRomanov collected $11.76 from pot
SirRomanov: doesn't show hand
*** SUMMARY ***
Total pot $12 | Rake $0.24
Board [Td 3h 2h]
Seat 6: SirRomanov (button) (small blind) collected ($11.76)
Seat 10: Loveles5 (big blind) folded on the Flop


PokerStars Hand #156214780940:  Hold'em Limit ($3/$6 USD) - 2016/07/20 11:11:07 ET
Table 'Wodan' 10-max Seat #6 is the button
Seat 6: SirRomanov ($89.56 in chips)
Seat 10: Loveles5 ($100.58 in chips)
SirRomanov: posts small blind $1
Loveles5: posts big blind $3
*** HOLE CARDS ***
SirRomanov: raises $3 to $6
Loveles5: calls $3
*** FLOP *** [7s 4d As]
Loveles5: checks
SirRomanov: bets $3
Loveles5: raises $3 to $6
SirRomanov: folds
Uncalled bet ($3) returned to Loveles5
simper11 leaves the table
Loveles5 collected $17.64 from pot
Loveles5: doesn't show hand
*** SUMMARY ***
Total pot $18 | Rake $0.36
Board [7s 4d As]
Seat 6: SirRomanov (button) (small blind) folded on the Flop
Seat 10: Loveles5 (big blind) collected ($17.64)


PokerStars Hand #156214837912:  Hold'em Limit ($3/$6 USD) - 2016/07/20 11:12:49 ET
Table 'Wodan' 10-max Seat #10 is the button
Seat 6: SirRomanov ($110.26 in chips)
Seat 10: Loveles5 ($84.72 in chips)
Loveles5: posts small blind $1
SirRomanov: posts big blind $3
*** HOLE CARDS ***
Loveles5: raises $3 to $6
SirRomanov: calls $3
*** FLOP *** [9d 3c 7s]
SirRomanov: checks
Loveles5: bets $3
SirRomanov: folds
Uncalled bet ($3) returned to Loveles5
Loveles5 collected $11.76 from pot
Loveles5: doesn't show hand
*** SUMMARY ***
Total pot $12 | Rake $0.24
Board [9d 3c 7s]
Seat 6: SirRomanov (big blind) folded on the Flop
Seat 10: Loveles5 (button) (small blind) collected ($11.76)


PokerStars Hand #156214843727:  Hold'em Limit ($3/$6 USD) - 2016/07/20 11:12:59 ET
Table 'Wodan' 10-max Seat #6 is the button
Seat 6: SirRomanov ($104.26 in chips)
Seat 10: Loveles5 ($90.48 in chips)
SirRomanov: posts small blind $1
Loveles5: posts big blind $3
*** HOLE CARDS ***
SirRomanov: raises $3 to $6
Loveles5: folds
Uncalled bet ($3) returned to SirRomanov
SirRomanov collected $6 from pot
SirRomanov: doesn't show hand
*** SUMMARY ***
Total pot $6 | Rake $0
Seat 6: SirRomanov (button) (small blind) collected ($6)
Seat 10: Loveles5 (big blind) folded before Flop


PokerStars Hand #156214828059:  Hold'em Limit ($3/$6 USD) - 2016/07/20 11:12:32 ET
Table 'Wodan' 10-max Seat #6 is the button
Seat 6: SirRomanov ($107.26 in chips)
Seat 10: Loveles5 ($87.72 in chips)
SirRomanov: posts small blind $1
Loveles5: posts big blind $3
*** HOLE CARDS ***
SirRomanov: raises $3 to $6
Loveles5: folds
Uncalled bet ($3) returned to SirRomanov
SirRomanov collected $6 from pot
SirRomanov: doesn't show hand
*** SUMMARY ***
Total pot $6 | Rake $0
Seat 6: SirRomanov (button) (small blind) collected ($6)
Seat 10: Loveles5 (big blind) folded before Flop


PokerStars Hand #156214813563:  Hold'em Limit ($3/$6 USD) - 2016/07/20 11:12:06 ET
Table 'Wodan' 10-max Seat #10 is the button
Seat 6: SirRomanov ($77.76 in chips)
Seat 10: Loveles5 ($117.72 in chips)
Loveles5: posts small blind $1
SirRomanov: posts big blind $3
*** HOLE CARDS ***
Loveles5: raises $3 to $6
SirRomanov: raises $3 to $9
Loveles5: calls $3
*** FLOP *** [8s 7s 9s]
SirRomanov: bets $3
Loveles5: calls $3
*** TURN *** [8s 7s 9s] [5h]
SirRomanov: bets $6
Loveles5: raises $6 to $12
SirRomanov: calls $6
*** RIVER *** [8s 7s 9s 5h] [Qs]
SirRomanov: bets $6
Loveles5: calls $6
*** SHOW DOWN ***
SirRomanov: shows [As Kc] (a flush, Ace high)
Loveles5: mucks hand
SirRomanov collected $59.50 from pot
*** SUMMARY ***
Total pot $60 | Rake $0.50
Board [8s 7s 9s 5h Qs]
Seat 6: SirRomanov (big blind) showed [As Kc] and won ($59.50) with a flush, Ace high
Seat 10: Loveles5 (button) (small blind) mucked


PokerStars Hand #156214864132:  Hold'em Limit ($3/$6 USD) - 2016/07/20 11:13:35 ET
Table 'Wodan' 10-max Seat #6 is the button
Seat 6: SirRomanov ($92.26 in chips)
Seat 10: Loveles5 ($101.98 in chips)
SirRomanov: posts small blind $1
Loveles5: posts big blind $3
*** HOLE CARDS ***
SirRomanov: raises $3 to $6
Loveles5: raises $3 to $9
SirRomanov: calls $3
*** FLOP *** [Td 2s Th]
Loveles5: bets $3
SirRomanov: calls $3
*** TURN *** [Td 2s Th] [3d]
Loveles5: checks
SirRomanov: checks
*** RIVER *** [Td 2s Th 3d] [Qh]
Loveles5: checks
SirRomanov: checks
*** SHOW DOWN ***
Loveles5: shows [Ah 5s] (a pair of Tens)
SirRomanov: mucks hand
Loveles5 collected $23.52 from pot
*** SUMMARY ***
Total pot $24 | Rake $0.48
Board [Td 2s Th 3d Qh]
Seat 6: SirRomanov (button) (small blind) mucked
Seat 10: Loveles5 (big blind) showed [Ah 5s] and won ($23.52) with a pair of Tens


PokerStars Hand #156214848547:  Hold'em Limit ($3/$6 USD) - 2016/07/20 11:13:08 ET
Table 'Wodan' 10-max Seat #10 is the button
Seat 6: SirRomanov ($107.26 in chips)
Seat 10: Loveles5 ($87.48 in chips)
Loveles5: posts small blind $1
SirRomanov: posts big blind $3
*** HOLE CARDS ***
Loveles5: raises $3 to $6
SirRomanov: calls $3
*** FLOP *** [3d 8d Qd]
SirRomanov: checks
Loveles5: bets $3
SirRomanov: calls $3
*** TURN *** [3d 8d Qd] [5d]
SirRomanov: checks
Loveles5: checks
*** RIVER *** [3d 8d Qd 5d] [Tc]
SirRomanov: checks
Loveles5: bets $6
SirRomanov: calls $6
*** SHOW DOWN ***
Loveles5: shows [5c 7d] (a flush, Queen high)
SirRomanov: mucks hand
Loveles5 collected $29.50 from pot
*** SUMMARY ***
Total pot $30 | Rake $0.50
Board [3d 8d Qd 5d Tc]
Seat 6: SirRomanov (big blind) mucked
Seat 10: Loveles5 (button) (small blind) showed [5c 7d] and won ($29.50) with a flush, Queen high


PokerStars Hand #156214874633:  Hold'em Limit ($3/$6 USD) - 2016/07/20 11:13:54 ET
Table 'Wodan' 10-max Seat #10 is the button
Seat 6: SirRomanov ($80.26 in chips)
Seat 10: Loveles5 ($113.50 in chips)
Loveles5: posts small blind $1
SirRomanov: posts big blind $3
*** HOLE CARDS ***
Loveles5: raises $3 to $6
SirRomanov: calls $3
*** FLOP *** [Ad 2c 4d]
SirRomanov: checks
Loveles5: bets $3
SirRomanov: folds
Uncalled bet ($3) returned to Loveles5
Loveles5 collected $11.76 from pot
Loveles5: doesn't show hand
*** SUMMARY ***
Total pot $12 | Rake $0.24
Board [Ad 2c 4d]
Seat 6: SirRomanov (big blind) folded on the Flop
Seat 10: Loveles5 (button) (small blind) collected ($11.76)


PokerStars Hand #156214861662:  Hold'em Limit ($3/$6 USD) - 2016/07/20 11:13:31 ET
Table 'Wodan' 10-max Seat #10 is the button
Seat 6: SirRomanov ($91.26 in chips)
Seat 10: Loveles5 ($102.98 in chips)
Loveles5: posts small blind $1
SirRomanov: posts big blind $3
*** HOLE CARDS ***
Loveles5: folds
Uncalled bet ($2) returned to SirRomanov
SirRomanov collected $2 from pot
SirRomanov: doesn't show hand
*** SUMMARY ***
Total pot $2 | Rake $0
Seat 6: SirRomanov (big blind) collected ($2)
Seat 10: Loveles5 (button) (small blind) folded before Flop


PokerStars Hand #156214885051:  Hold'em Limit ($3/$6 USD) - 2016/07/20 11:14:12 ET
Table 'Wodan' 10-max Seat #10 is the button
Seat 6: SirRomanov ($73.26 in chips)
Seat 10: Loveles5 ($120.26 in chips)
Loveles5: posts small blind $1
SirRomanov: posts big blind $3
*** HOLE CARDS ***
Loveles5: raises $3 to $6
SirRomanov: calls $3
*** FLOP *** [2h 3h 7d]
SirRomanov: checks
Loveles5: checks
*** TURN *** [2h 3h 7d] [2s]
SirRomanov: checks
Loveles5: checks
*** RIVER *** [2h 3h 7d 2s] [5c]
SirRomanov: checks
Loveles5: checks
*** SHOW DOWN ***
SirRomanov: shows [6s Kd] (a pair of Deuces)
Loveles5: shows [Kh 6c] (a pair of Deuces)
SirRomanov collected $5.88 from pot
Loveles5 collected $5.88 from pot
*** SUMMARY ***
Total pot $12 | Rake $0.24
Board [2h 3h 7d 2s 5c]
Seat 6: SirRomanov (big blind) showed [6s Kd] and won ($5.88) with a pair of Deuces
Seat 10: Loveles5 (button) (small blind) showed [Kh 6c] and won ($5.88) with a pair of Deuces


PokerStars Hand #156214903254:  Hold'em Limit ($3/$6 USD) - 2016/07/20 11:14:44 ET
Table 'Wodan' 10-max Seat #10 is the button
Seat 6: SirRomanov ($72 in chips)
Seat 10: Loveles5 ($131.66 in chips)
Loveles5: posts small blind $1
SirRomanov: posts big blind $3
*** HOLE CARDS ***
Loveles5: raises $3 to $6
SirRomanov: folds
Uncalled bet ($3) returned to Loveles5
Loveles5 collected $6 from pot
Loveles5: doesn't show hand
*** SUMMARY ***
Total pot $6 | Rake $0
Seat 6: SirRomanov (big blind) folded before Flop
Seat 10: Loveles5 (button) (small blind) collected ($6)


PokerStars Hand #156214892415:  Hold'em Limit ($3/$6 USD) - 2016/07/20 11:14:25 ET
Table 'Wodan' 10-max Seat #6 is the button
Seat 6: SirRomanov ($73.14 in chips)
Seat 10: Loveles5 ($120.14 in chips)
SirRomanov: posts small blind $1
Loveles5: posts big blind $3
*** HOLE CARDS ***
SirRomanov: raises $3 to $6
Loveles5: raises $3 to $9
SirRomanov: calls $3
*** FLOP *** [5s Qd 9h]
Loveles5: bets $3
SirRomanov: calls $3
*** TURN *** [5s Qd 9h] [Ad]
Loveles5: checks
SirRomanov: checks
*** RIVER *** [5s Qd 9h Ad] [6s]
Loveles5: checks
SirRomanov: checks
*** SHOW DOWN ***
Loveles5: shows [7d 7c] (a pair of Sevens)
SirRomanov: mucks hand
Loveles5 collected $23.52 from pot
*** SUMMARY ***
Total pot $24 | Rake $0.48
Board [5s Qd 9h Ad 6s]
Seat 6: SirRomanov (button) (small blind) mucked
Seat 10: Loveles5 (big blind) showed [7d 7c] and won ($23.52) with a pair of Sevens


PokerStars Hand #156214906378:  Hold'em Limit ($3/$6 USD) - 2016/07/20 11:14:50 ET
Table 'Wodan' 10-max Seat #6 is the button
Seat 6: SirRomanov ($72 in chips)
Seat 10: Loveles5 ($134.66 in chips)
SirRomanov: posts small blind $1
Loveles5: posts big blind $3
*** HOLE CARDS ***
SirRomanov: raises $3 to $6
Loveles5: calls $3
*** FLOP *** [5h Kd 9c]
Loveles5: checks
SirRomanov: bets $3
Loveles5: calls $3
*** TURN *** [5h Kd 9c] [4h]
Loveles5: checks
SirRomanov: checks
*** RIVER *** [5h Kd 9c 4h] [6c]
Loveles5: bets $6
SirRomanov: folds
Uncalled bet ($6) returned to Loveles5
Loveles5 collected $17.64 from pot
Loveles5: doesn't show hand
*** SUMMARY ***
Total pot $18 | Rake $0.36
Board [5h Kd 9c 4h 6c]
Seat 6: SirRomanov (button) (small blind) folded on the River
Seat 10: Loveles5 (big blind) collected ($17.64)


PokerStars Hand #156214930543:  Hold'em Limit ($3/$6 USD) - 2016/07/20 11:15:32 ET
Table 'Wodan' 10-max Seat #6 is the button
Seat 6: SirRomanov ($73 in chips)
Seat 10: Loveles5 ($142.30 in chips)
SirRomanov: posts small blind $1
Loveles5: posts big blind $3
*** HOLE CARDS ***
SirRomanov: raises $3 to $6
Loveles5: calls $3
*** FLOP *** [7h 2h 7s]
Loveles5: checks
SirRomanov: bets $3
Loveles5: calls $3
*** TURN *** [7h 2h 7s] [Th]
Loveles5: bets $6
SirRomanov: calls $6
*** RIVER *** [7h 2h 7s Th] [Kc]
Loveles5: bets $6
SirRomanov: folds
Uncalled bet ($6) returned to Loveles5
Loveles5 collected $29.50 from pot
Loveles5: doesn't show hand
*** SUMMARY ***
Total pot $30 | Rake $0.50
Board [7h 2h 7s Th Kc]
Seat 6: SirRomanov (button) (small blind) folded on the River
Seat 10: Loveles5 (big blind) collected ($29.50)


PokerStars Hand #156214976446:  Hold'em Limit ($3/$6 USD) - 2016/07/20 11:16:52 ET
Table 'Wodan' 10-max Seat #10 is the button
Seat 6: SirRomanov ($79.64 in chips)
Seat 10: Loveles5 ($155.56 in chips)
Loveles5: posts small blind $1
SirRomanov: posts big blind $3
*** HOLE CARDS ***
Loveles5: raises $3 to $6
SirRomanov: raises $3 to $9
Loveles5: calls $3
*** FLOP *** [4h 2s 2h]
SirRomanov: bets $3
Loveles5: raises $3 to $6
SirRomanov: calls $3
*** TURN *** [4h 2s 2h] [8h]
SirRomanov: checks
Loveles5: bets $6
SirRomanov: folds
Uncalled bet ($6) returned to Loveles5
Loveles5 collected $29.50 from pot
Loveles5: doesn't show hand
*** SUMMARY ***
Total pot $30 | Rake $0.50
Board [4h 2s 2h 8h]
Seat 6: SirRomanov (big blind) folded on the Turn
Seat 10: Loveles5 (button) (small blind) collected ($29.50)


PokerStars Hand #156214952005:  Hold'em Limit ($3/$6 USD) - 2016/07/20 11:16:10 ET
Table 'Wodan' 10-max Seat #10 is the button
Seat 6: SirRomanov ($72 in chips)
Seat 10: Loveles5 ($156.80 in chips)
Loveles5: posts small blind $1
SirRomanov: posts big blind $3
*** HOLE CARDS ***
Loveles5: raises $3 to $6
SirRomanov: calls $3
*** FLOP *** [8h Qd 8c]
SirRomanov: checks
Loveles5: bets $3
SirRomanov: folds
Uncalled bet ($3) returned to Loveles5
Loveles5 collected $11.76 from pot
Loveles5: doesn't show hand
*** SUMMARY ***
Total pot $12 | Rake $0.24
Board [8h Qd 8c]
Seat 6: SirRomanov (big blind) folded on the Flop
Seat 10: Loveles5 (button) (small blind) collected ($11.76)


PokerStars Hand #156214960463:  Hold'em Limit ($3/$6 USD) - 2016/07/20 11:16:24 ET
Table 'Wodan' 10-max Seat #10 is the button
Seat 6: SirRomanov ($72 in chips)
Seat 10: Loveles5 ($163.56 in chips)
Loveles5: posts small blind $1
SirRomanov: posts big blind $3
*** HOLE CARDS ***
Loveles5: raises $3 to $6
SirRomanov: raises $3 to $9
Loveles5: calls $3
*** FLOP *** [Qd Ad 6d]
SirRomanov: bets $3
Loveles5: folds
Uncalled bet ($3) returned to SirRomanov
SirRomanov collected $17.64 from pot
SirRomanov: doesn't show hand
*** SUMMARY ***
Total pot $18 | Rake $0.36
Board [Qd Ad 6d]
Seat 6: SirRomanov (big blind) collected ($17.64)
Seat 10: Loveles5 (button) (small blind) folded on the Flop


PokerStars Hand #156214991658:  Hold'em Limit ($3/$6 USD) - 2016/07/20 11:17:19 ET
Table 'Wodan' 10-max Seat #10 is the button
Seat 6: SirRomanov ($75 in chips)
Seat 10: Loveles5 ($167.06 in chips)
Loveles5: posts small blind $1
SirRomanov: posts big blind $3
*** HOLE CARDS ***
Loveles5: folds
Uncalled bet ($2) returned to SirRomanov
SirRomanov collected $2 from pot
SirRomanov: doesn't show hand
*** SUMMARY ***
Total pot $2 | Rake $0
Seat 6: SirRomanov (big blind) collected ($2)
Seat 10: Loveles5 (button) (small blind) folded before Flop


PokerStars Hand #156214986303:  Hold'em Limit ($3/$6 USD) - 2016/07/20 11:17:09 ET
Table 'Wodan' 10-max Seat #6 is the button
Seat 6: SirRomanov ($72 in chips)
Seat 10: Loveles5 ($170.06 in chips)
SirRomanov: posts small blind $1
Loveles5: posts big blind $3
*** HOLE CARDS ***
SirRomanov: raises $3 to $6
Loveles5: folds
Uncalled bet ($3) returned to SirRomanov
SirRomanov collected $6 from pot
SirRomanov: doesn't show hand
*** SUMMARY ***
Total pot $6 | Rake $0
Seat 6: SirRomanov (button) (small blind) collected ($6)
Seat 10: Loveles5 (big blind) folded before Flop


