PokerStars Hand #164875887231:  Hold'em Limit ($3/$6 USD) - 2017/01/20 8:25:03 ET
Table 'Woltjer' 6-max Seat #4 is the button
Seat 1: olech1515 ($51.63 in chips)
Seat 4: Agrotait ($71.25 in chips)
Agrotait: posts small blind $1
olech1515: posts big blind $3
*** HOLE CARDS ***
Agrotait: folds
Uncalled bet ($2) returned to olech1515
olech1515 collected $2 from pot
*** SUMMARY ***
Total pot $2 | Rake $0
Seat 1: olech1515 (big blind) collected ($2)
Seat 4: Agrotait (button) (small blind) folded before Flop


PokerStars Hand #164875862178:  Hold'em Limit ($3/$6 USD) - 2017/01/20 8:24:20 ET
Table 'Woltjer' 6-max Seat #1 is the button
Seat 1: olech1515 ($51.88 in chips)
Seat 4: Agrotait ($71.50 in chips)
olech1515: posts small blind $1
Agrotait: posts big blind $3
*** HOLE CARDS ***
olech1515: raises $3 to $6
Agrotait: raises $3 to $9
olech1515: calls $3
*** FLOP *** [Kd 3d 4c]
Agrotait: bets $3
olech1515: raises $3 to $6
Agrotait: calls $3
*** TURN *** [Kd 3d 4c] [7c]
Agrotait: checks
olech1515: bets $6
Agrotait: calls $6
*** RIVER *** [Kd 3d 4c 7c] [Js]
LouisB joins the table at seat #2
Agrotait: checks
olech1515: bets $6
Agrotait: calls $6
*** SHOW DOWN ***
olech1515: shows [6h Ad] (high card Ace)
Agrotait: shows [Ac 6c] (high card Ace)
Agrotait collected $26.75 from pot
olech1515 collected $26.75 from pot
*** SUMMARY ***
Total pot $54 | Rake $0.50
Board [Kd 3d 4c 7c Js]
Seat 1: olech1515 (button) (small blind) showed [6h Ad] and won ($26.75) with high card Ace
Seat 4: Agrotait (big blind) showed [Ac 6c] and won ($26.75) with high card Ace


PokerStars Hand #164877939139:  Hold'em Limit ($3/$6 USD) - 2017/01/20 9:20:09 ET
Table 'Woltjer' 6-max Seat #3 is the button
Seat 3: karambakilla ($85.77 in chips)
Seat 5: rascal_319 ($196.78 in chips)
karambakilla: posts small blind $1
rascal_319: posts big blind $3
*** HOLE CARDS ***
karambakilla: raises $3 to $6
rascal_319: calls $3
*** FLOP *** [5d Qs Td]
rascal_319: checks
karambakilla: bets $3
rascal_319: folds
Uncalled bet ($3) returned to karambakilla
karambakilla collected $11.76 from pot
karambakilla: doesn't show hand
*** SUMMARY ***
Total pot $12 | Rake $0.24
Board [5d Qs Td]
Seat 3: karambakilla (button) (small blind) collected ($11.76)
Seat 5: rascal_319 (big blind) folded on the Flop


