PokerStars Hand #166179852054:  Hold'em Limit ($3/$6 USD) - 2017/02/13 20:51:47 ET
Table 'Woltjer' 6-max Seat #3 is the button
Seat 3: Eklund_1891 ($70 in chips)
Seat 4: AzureCaper ($72 in chips)
Eklund_1891: posts small blind $1
AzureCaper: posts big blind $3
*** HOLE CARDS ***
Eklund_1891: raises $3 to $6
AzureCaper: folds
Uncalled bet ($3) returned to Eklund_1891
Eklund_1891 collected $6 from pot
Eklund_1891: doesn't show hand
*** SUMMARY ***
Total pot $6 | Rake $0
Seat 3: Eklund_1891 (button) (small blind) collected ($6)
Seat 4: AzureCaper (big blind) folded before Flop


PokerStars Hand #166179869676:  Hold'em Limit ($3/$6 USD) - 2017/02/13 20:52:24 ET
Table 'Woltjer' 6-max Seat #3 is the button
Seat 3: Eklund_1891 ($84.52 in chips)
Seat 4: AzureCaper ($72 in chips)
Eklund_1891: posts small blind $1
AzureCaper: posts big blind $3
*** HOLE CARDS ***
Eklund_1891: raises $3 to $6
AzureCaper: calls $3
*** FLOP *** [2d 9s 7d]
AzureCaper: checks
Eklund_1891: bets $3
AzureCaper: calls $3
*** TURN *** [2d 9s 7d] [5h]
AzureCaper: checks
Eklund_1891: bets $6
AzureCaper: calls $6
*** RIVER *** [2d 9s 7d 5h] [Jc]
AzureCaper: bets $6
Eklund_1891: raises $6 to $12
AzureCaper: calls $6
*** SHOW DOWN ***
Eklund_1891: shows [7s 5c] (two pair, Sevens and Fives)
AzureCaper: mucks hand
Eklund_1891 collected $53.50 from pot
*** SUMMARY ***
Total pot $54 | Rake $0.50
Board [2d 9s 7d 5h Jc]
Seat 3: Eklund_1891 (button) (small blind) showed [7s 5c] and won ($53.50) with two pair, Sevens and Fives
Seat 4: AzureCaper (big blind) mucked


PokerStars Hand #166179857412:  Hold'em Limit ($3/$6 USD) - 2017/02/13 20:51:58 ET
Table 'Woltjer' 6-max Seat #4 is the button
Seat 3: Eklund_1891 ($73 in chips)
Seat 4: AzureCaper ($72 in chips)
AzureCaper: posts small blind $1
Eklund_1891: posts big blind $3
*** HOLE CARDS ***
Great_Kang joins the table at seat #5
AzureCaper: raises $3 to $6
Eklund_1891: raises $3 to $9
AzureCaper: calls $3
*** FLOP *** [4c 9c 6c]
Eklund_1891: bets $3
AzureCaper: calls $3
*** TURN *** [4c 9c 6c] [5h]
Eklund_1891: bets $6
AzureCaper: folds
Uncalled bet ($6) returned to Eklund_1891
Eklund_1891 collected $23.52 from pot
Eklund_1891: doesn't show hand
*** SUMMARY ***
Total pot $24 | Rake $0.48
Board [4c 9c 6c 5h]
Seat 3: Eklund_1891 (big blind) collected ($23.52)
Seat 4: AzureCaper (button) (small blind) folded on the Turn


PokerStars Hand #166181081424:  Hold'em Limit ($3/$6 USD) - 2017/02/13 21:37:20 ET
Table 'Woltjer' 6-max Seat #3 is the button
Seat 3: LifeisagameX ($84 in chips)
Seat 4: Actionni13 ($150 in chips)
LifeisagameX: posts small blind $1
Actionni13: posts big blind $3
*** HOLE CARDS ***
LifeisagameX: raises $3 to $6
Actionni13: folds
Uncalled bet ($3) returned to LifeisagameX
LifeisagameX collected $6 from pot
LifeisagameX: doesn't show hand
*** SUMMARY ***
Total pot $6 | Rake $0
Seat 3: LifeisagameX (button) (small blind) collected ($6)
Seat 4: Actionni13 (big blind) folded before Flop


PokerStars Hand #166181121106:  Hold'em Limit ($3/$6 USD) - 2017/02/13 21:38:54 ET
Table 'Woltjer' 6-max Seat #4 is the button
Seat 3: LifeisagameX ($89.76 in chips)
Seat 4: Actionni13 ($161.50 in chips)
Actionni13: posts small blind $1
LifeisagameX: posts big blind $3
*** HOLE CARDS ***
Actionni13: folds
Uncalled bet ($2) returned to LifeisagameX
LifeisagameX collected $2 from pot
LifeisagameX: doesn't show hand
*** SUMMARY ***
Total pot $2 | Rake $0
Seat 3: LifeisagameX (big blind) collected ($2)
Seat 4: Actionni13 (button) (small blind) folded before Flop


PokerStars Hand #166181110693:  Hold'em Limit ($3/$6 USD) - 2017/02/13 21:38:29 ET
Table 'Woltjer' 6-max Seat #3 is the button
Seat 3: LifeisagameX ($84 in chips)
Seat 4: Actionni13 ($167.50 in chips)
LifeisagameX: posts small blind $1
Actionni13: posts big blind $3
*** HOLE CARDS ***
LifeisagameX: raises $3 to $6
Actionni13: calls $3
*** FLOP *** [Jc Kh Qs]
Actionni13: checks
LifeisagameX: bets $3
Actionni13: folds
Uncalled bet ($3) returned to LifeisagameX
LifeisagameX collected $11.76 from pot
LifeisagameX: doesn't show hand
*** SUMMARY ***
Total pot $12 | Rake $0.24
Board [Jc Kh Qs]
Seat 3: LifeisagameX (button) (small blind) collected ($11.76)
Seat 4: Actionni13 (big blind) folded on the Flop


PokerStars Hand #166181086162:  Hold'em Limit ($3/$6 USD) - 2017/02/13 21:37:31 ET
Table 'Woltjer' 6-max Seat #4 is the button
Seat 3: LifeisagameX ($87 in chips)
Seat 4: Actionni13 ($150 in chips)
Actionni13: posts small blind $1
LifeisagameX: posts big blind $3
*** HOLE CARDS ***
Actionni13: raises $3 to $6
LifeisagameX: calls $3
*** FLOP *** [As 2h 3d]
LifeisagameX: checks
Actionni13: bets $3
LifeisagameX: raises $3 to $6
Actionni13: calls $3
*** TURN *** [As 2h 3d] [Ad]
LifeisagameX: bets $6
Actionni13: raises $6 to $12
LifeisagameX: folds
Uncalled bet ($6) returned to Actionni13
Actionni13 collected $35.50 from pot
*** SUMMARY ***
Total pot $36 | Rake $0.50
Board [As 2h 3d Ad]
Seat 3: LifeisagameX (big blind) folded on the Turn
Seat 4: Actionni13 (button) (small blind) collected ($35.50)


PokerStars Hand #166181145095:  Hold'em Limit ($3/$6 USD) - 2017/02/13 21:39:51 ET
Table 'Woltjer' 6-max Seat #4 is the button
Seat 3: LifeisagameX ($96.52 in chips)
Seat 4: Actionni13 ($154.50 in chips)
Actionni13: posts small blind $1
LifeisagameX: posts big blind $3
*** HOLE CARDS ***
Actionni13: raises $3 to $6
LifeisagameX: calls $3
*** FLOP *** [4s Qh 5h]
LifeisagameX: checks
Actionni13: checks
*** TURN *** [4s Qh 5h] [Ad]
LifeisagameX: checks
Actionni13: checks
*** RIVER *** [4s Qh 5h Ad] [Tc]
LifeisagameX: checks
Actionni13: checks
*** SHOW DOWN ***
LifeisagameX: shows [4c Qd] (two pair, Queens and Fours)
Actionni13: mucks hand
LifeisagameX collected $11.76 from pot
*** SUMMARY ***
Total pot $12 | Rake $0.24
Board [4s Qh 5h Ad Tc]
Seat 3: LifeisagameX (big blind) showed [4c Qd] and won ($11.76) with two pair, Queens and Fours
Seat 4: Actionni13 (button) (small blind) mucked


PokerStars Hand #166181141343:  Hold'em Limit ($3/$6 USD) - 2017/02/13 21:39:42 ET
Table 'Woltjer' 6-max Seat #3 is the button
Seat 3: LifeisagameX ($93.52 in chips)
Seat 4: Actionni13 ($157.50 in chips)
LifeisagameX: posts small blind $1
Actionni13: posts big blind $3
*** HOLE CARDS ***
LifeisagameX: raises $3 to $6
Actionni13: folds
Uncalled bet ($3) returned to LifeisagameX
LifeisagameX collected $6 from pot
LifeisagameX: doesn't show hand
*** SUMMARY ***
Total pot $6 | Rake $0
Seat 3: LifeisagameX (button) (small blind) collected ($6)
Seat 4: Actionni13 (big blind) folded before Flop


PokerStars Hand #166181138409:  Hold'em Limit ($3/$6 USD) - 2017/02/13 21:39:35 ET
Table 'Woltjer' 6-max Seat #4 is the button
Seat 3: LifeisagameX ($96.52 in chips)
Seat 4: Actionni13 ($154.50 in chips)
Actionni13: posts small blind $1
LifeisagameX: posts big blind $3
*** HOLE CARDS ***
Actionni13: raises $3 to $6
LifeisagameX: folds
Uncalled bet ($3) returned to Actionni13
Actionni13 collected $6 from pot
*** SUMMARY ***
Total pot $6 | Rake $0
Seat 3: LifeisagameX (big blind) folded before Flop
Seat 4: Actionni13 (button) (small blind) collected ($6)


PokerStars Hand #166181123456:  Hold'em Limit ($3/$6 USD) - 2017/02/13 21:39:00 ET
Table 'Woltjer' 6-max Seat #3 is the button
Seat 3: LifeisagameX ($90.76 in chips)
Seat 4: Actionni13 ($160.50 in chips)
LifeisagameX: posts small blind $1
Actionni13: posts big blind $3
*** HOLE CARDS ***
LifeisagameX: raises $3 to $6
Actionni13: calls $3
*** FLOP *** [7d Ks 2s]
Actionni13: checks
LifeisagameX: checks
*** TURN *** [7d Ks 2s] [Tc]
Actionni13: checks
LifeisagameX: checks
*** RIVER *** [7d Ks 2s Tc] [8h]
Actionni13: checks
LifeisagameX: bets $6
Actionni13: folds
Uncalled bet ($6) returned to LifeisagameX
LifeisagameX collected $11.76 from pot
LifeisagameX: doesn't show hand
*** SUMMARY ***
Total pot $12 | Rake $0.24
Board [7d Ks 2s Tc 8h]
Seat 3: LifeisagameX (button) (small blind) collected ($11.76)
Seat 4: Actionni13 (big blind) folded on the River


PokerStars Hand #166181164150:  Hold'em Limit ($3/$6 USD) - 2017/02/13 21:40:37 ET
Table 'Woltjer' 6-max Seat #4 is the button
Seat 3: LifeisagameX ($90.28 in chips)
Seat 4: Actionni13 ($161.52 in chips)
Actionni13: posts small blind $1
LifeisagameX: posts big blind $3
*** HOLE CARDS ***
Actionni13: raises $3 to $6
LifeisagameX: raises $3 to $9
Actionni13: calls $3
*** FLOP *** [4d Td 5s]
LifeisagameX: bets $3
Actionni13: calls $3
*** TURN *** [4d Td 5s] [Qd]
LifeisagameX: checks
Actionni13: bets $6
LifeisagameX: calls $6
*** RIVER *** [4d Td 5s Qd] [As]
LifeisagameX: checks
Actionni13: checks
*** SHOW DOWN ***
LifeisagameX: shows [Ac 8h] (a pair of Aces)
Actionni13: mucks hand
LifeisagameX collected $35.50 from pot
*** SUMMARY ***
Total pot $36 | Rake $0.50
Board [4d Td 5s Qd As]
Seat 3: LifeisagameX (big blind) showed [Ac 8h] and won ($35.50) with a pair of Aces
Seat 4: Actionni13 (button) (small blind) mucked


PokerStars Hand #166181154555:  Hold'em Limit ($3/$6 USD) - 2017/02/13 21:40:14 ET
Table 'Woltjer' 6-max Seat #3 is the button
Seat 3: LifeisagameX ($102.28 in chips)
Seat 4: Actionni13 ($150 in chips)
LifeisagameX: posts small blind $1
Actionni13: posts big blind $3
*** HOLE CARDS ***
LifeisagameX: raises $3 to $6
Actionni13: raises $3 to $9
LifeisagameX: calls $3
*** FLOP *** [5h 8c Tc]
Actionni13: bets $3
LifeisagameX: calls $3
*** TURN *** [5h 8c Tc] [2d]
Actionni13: bets $6
LifeisagameX: folds
Uncalled bet ($6) returned to Actionni13
Actionni13 collected $23.52 from pot
*** SUMMARY ***
Total pot $24 | Rake $0.48
Board [5h 8c Tc 2d]
Seat 3: LifeisagameX (button) (small blind) folded on the Turn
Seat 4: Actionni13 (big blind) collected ($23.52)


PokerStars Hand #166181214720:  Hold'em Limit ($3/$6 USD) - 2017/02/13 21:42:20 ET
Table 'Woltjer' 6-max Seat #4 is the button
Seat 3: LifeisagameX ($125.28 in chips)
Seat 4: Actionni13 ($150 in chips)
Actionni13: posts small blind $1
LifeisagameX: posts big blind $3
*** HOLE CARDS ***
Actionni13: raises $3 to $6
LifeisagameX: calls $3
*** FLOP *** [8s Kc 9c]
LifeisagameX: checks
Actionni13: bets $3
LifeisagameX: calls $3
*** TURN *** [8s Kc 9c] [5d]
LifeisagameX: checks
Actionni13: checks
*** RIVER *** [8s Kc 9c 5d] [Ad]
LifeisagameX: bets $6
Actionni13: calls $6
*** SHOW DOWN ***
LifeisagameX: shows [Qd 8h] (a pair of Eights)
Actionni13: shows [7c As] (a pair of Aces)
Actionni13 collected $29.50 from pot
*** SUMMARY ***
Total pot $30 | Rake $0.50
Board [8s Kc 9c 5d Ad]
Seat 3: LifeisagameX (big blind) showed [Qd 8h] and lost with a pair of Eights
Seat 4: Actionni13 (button) (small blind) showed [7c As] and won ($29.50) with a pair of Aces


PokerStars Hand #166181178029:  Hold'em Limit ($3/$6 USD) - 2017/02/13 21:41:10 ET
Table 'Woltjer' 6-max Seat #3 is the button
Seat 3: LifeisagameX ($107.78 in chips)
Seat 4: Actionni13 ($150 in chips)
LifeisagameX: posts small blind $1
Actionni13: posts big blind $3
*** HOLE CARDS ***
LifeisagameX: raises $3 to $6
Actionni13: raises $3 to $9
LifeisagameX: calls $3
*** FLOP *** [6h 5c 4c]
Actionni13: bets $3
LifeisagameX: calls $3
*** TURN *** [6h 5c 4c] [4s]
Actionni13: bets $6
LifeisagameX: calls $6
*** RIVER *** [6h 5c 4c 4s] [3h]
Actionni13: checks
LifeisagameX: bets $6
Actionni13: folds
Uncalled bet ($6) returned to LifeisagameX
LifeisagameX collected $35.50 from pot
LifeisagameX: doesn't show hand
*** SUMMARY ***
Total pot $36 | Rake $0.50
Board [6h 5c 4c 4s 3h]
Seat 3: LifeisagameX (button) (small blind) collected ($35.50)
Seat 4: Actionni13 (big blind) folded on the River


PokerStars Hand #166181249411:  Hold'em Limit ($3/$6 USD) - 2017/02/13 21:43:43 ET
Table 'Woltjer' 6-max Seat #4 is the button
Seat 3: LifeisagameX ($133.78 in chips)
Seat 4: Actionni13 ($150 in chips)
Actionni13: posts small blind $1
LifeisagameX: posts big blind $3
*** HOLE CARDS ***
Actionni13: folds
Uncalled bet ($2) returned to LifeisagameX
LifeisagameX collected $2 from pot
LifeisagameX: doesn't show hand
*** SUMMARY ***
Total pot $2 | Rake $0
Seat 3: LifeisagameX (big blind) collected ($2)
Seat 4: Actionni13 (button) (small blind) folded before Flop


PokerStars Hand #166181235987:  Hold'em Limit ($3/$6 USD) - 2017/02/13 21:43:11 ET
Table 'Woltjer' 6-max Seat #3 is the button
Seat 3: LifeisagameX ($110.28 in chips)
Seat 4: Actionni13 ($164.50 in chips)
LifeisagameX: posts small blind $1
Actionni13: posts big blind $3
*** HOLE CARDS ***
LifeisagameX: raises $3 to $6
Actionni13: raises $3 to $9
LifeisagameX: calls $3
*** FLOP *** [2c Jh 2h]
Actionni13: bets $3
LifeisagameX: calls $3
*** TURN *** [2c Jh 2h] [2s]
Actionni13: bets $6
LifeisagameX: calls $6
*** RIVER *** [2c Jh 2h 2s] [7c]
Actionni13: bets $6
LifeisagameX: calls $6
*** SHOW DOWN ***
Actionni13: shows [Ac Ks] (three of a kind, Deuces)
LifeisagameX: shows [As 7d] (a full house, Deuces full of Sevens)
LifeisagameX collected $47.50 from pot
*** SUMMARY ***
Total pot $48 | Rake $0.50
Board [2c Jh 2h 2s 7c]
Seat 3: LifeisagameX (button) (small blind) showed [As 7d] and won ($47.50) with a full house, Deuces full of Sevens
Seat 4: Actionni13 (big blind) showed [Ac Ks] and lost with three of a kind, Deuces


PokerStars Hand #166181267377:  Hold'em Limit ($3/$6 USD) - 2017/02/13 21:44:27 ET
Table 'Woltjer' 6-max Seat #4 is the button
Seat 3: LifeisagameX ($143.42 in chips)
Seat 4: Actionni13 ($150 in chips)
Actionni13: posts small blind $1
LifeisagameX: posts big blind $3
*** HOLE CARDS ***
Actionni13: raises $3 to $6
LifeisagameX: calls $3
*** FLOP *** [9s Kh Qs]
LifeisagameX: checks
Actionni13: bets $3
LifeisagameX: calls $3
*** TURN *** [9s Kh Qs] [Jd]
LifeisagameX: checks
Actionni13: checks
*** RIVER *** [9s Kh Qs Jd] [Kc]
LifeisagameX: checks
Actionni13: checks
*** SHOW DOWN ***
LifeisagameX: shows [4d Jc] (two pair, Kings and Jacks)
Actionni13: mucks hand
LifeisagameX collected $17.64 from pot
*** SUMMARY ***
Total pot $18 | Rake $0.36
Board [9s Kh Qs Jd Kc]
Seat 3: LifeisagameX (big blind) showed [4d Jc] and won ($17.64) with two pair, Kings and Jacks
Seat 4: Actionni13 (button) (small blind) mucked


PokerStars Hand #166181251508:  Hold'em Limit ($3/$6 USD) - 2017/02/13 21:43:48 ET
Table 'Woltjer' 6-max Seat #3 is the button
Seat 3: LifeisagameX ($134.78 in chips)
Seat 4: Actionni13 ($150 in chips)
LifeisagameX: posts small blind $1
Actionni13: posts big blind $3
*** HOLE CARDS ***
LifeisagameX: raises $3 to $6
Actionni13: calls $3
*** FLOP *** [6d 4d Kh]
Actionni13: checks
LifeisagameX: bets $3
Actionni13: calls $3
*** TURN *** [6d 4d Kh] [6h]
Actionni13: checks
LifeisagameX: checks
*** RIVER *** [6d 4d Kh 6h] [6c]
Actionni13: checks
LifeisagameX: checks
*** SHOW DOWN ***
Actionni13: shows [Jd 8c] (three of a kind, Sixes)
LifeisagameX: shows [5s Qh] (three of a kind, Sixes - King+Queen kicker)
LifeisagameX collected $17.64 from pot
*** SUMMARY ***
Total pot $18 | Rake $0.36
Board [6d 4d Kh 6h 6c]
Seat 3: LifeisagameX (button) (small blind) showed [5s Qh] and won ($17.64) with three of a kind, Sixes
Seat 4: Actionni13 (big blind) showed [Jd 8c] and lost with three of a kind, Sixes


PokerStars Hand #166181295905:  Hold'em Limit ($3/$6 USD) - 2017/02/13 21:45:37 ET
Table 'Woltjer' 6-max Seat #3 is the button
Seat 3: LifeisagameX ($152.06 in chips)
Seat 4: Actionni13 ($153 in chips)
LifeisagameX: posts small blind $1
Actionni13: posts big blind $3
*** HOLE CARDS ***
LifeisagameX: raises $3 to $6
Actionni13: calls $3
*** FLOP *** [Qd 2h 2c]
Actionni13: checks
LifeisagameX: checks
*** TURN *** [Qd 2h 2c] [5s]
Actionni13: checks
LifeisagameX: bets $6
Actionni13: calls $6
*** RIVER *** [Qd 2h 2c 5s] [Ah]
Actionni13: checks
LifeisagameX: checks
*** SHOW DOWN ***
Actionni13: shows [Jd 7d] (a pair of Deuces)
LifeisagameX: shows [5d 9h] (two pair, Fives and Deuces)
LifeisagameX collected $23.52 from pot
*** SUMMARY ***
Total pot $24 | Rake $0.48
Board [Qd 2h 2c 5s Ah]
Seat 3: LifeisagameX (button) (small blind) showed [5d 9h] and won ($23.52) with two pair, Fives and Deuces
Seat 4: Actionni13 (big blind) showed [Jd 7d] and lost with a pair of Deuces


PokerStars Hand #166181290370:  Hold'em Limit ($3/$6 USD) - 2017/02/13 21:45:23 ET
Table 'Woltjer' 6-max Seat #4 is the button
Seat 3: LifeisagameX ($155.06 in chips)
Seat 4: Actionni13 ($150 in chips)
Actionni13: posts small blind $1
LifeisagameX: posts big blind $3
*** HOLE CARDS ***
Actionni13: raises $3 to $6
LifeisagameX: folds
Uncalled bet ($3) returned to Actionni13
Actionni13 collected $6 from pot
*** SUMMARY ***
Total pot $6 | Rake $0
Seat 3: LifeisagameX (big blind) folded before Flop
Seat 4: Actionni13 (button) (small blind) collected ($6)


PokerStars Hand #166181286645:  Hold'em Limit ($3/$6 USD) - 2017/02/13 21:45:14 ET
Table 'Woltjer' 6-max Seat #3 is the button
Seat 3: LifeisagameX ($152.06 in chips)
Seat 4: Actionni13 ($150 in chips)
LifeisagameX: posts small blind $1
Actionni13: posts big blind $3
*** HOLE CARDS ***
LifeisagameX: raises $3 to $6
Actionni13: folds
Uncalled bet ($3) returned to LifeisagameX
LifeisagameX collected $6 from pot
LifeisagameX: doesn't show hand
*** SUMMARY ***
Total pot $6 | Rake $0
Seat 3: LifeisagameX (button) (small blind) collected ($6)
Seat 4: Actionni13 (big blind) folded before Flop


PokerStars Hand #166181311844:  Hold'em Limit ($3/$6 USD) - 2017/02/13 21:46:16 ET
Table 'Woltjer' 6-max Seat #4 is the button
Seat 3: LifeisagameX ($163.58 in chips)
Seat 4: Actionni13 ($150 in chips)
Actionni13: posts small blind $1
LifeisagameX: posts big blind $3
*** HOLE CARDS ***
Actionni13: raises $3 to $6
LifeisagameX: calls $3
*** FLOP *** [6h Kd 3c]
LifeisagameX: checks
Actionni13: bets $3
LifeisagameX: calls $3
*** TURN *** [6h Kd 3c] [Qc]
LifeisagameX: checks
Actionni13: bets $6
LifeisagameX: folds
Uncalled bet ($6) returned to Actionni13
Actionni13 collected $17.64 from pot
*** SUMMARY ***
Total pot $18 | Rake $0.36
Board [6h Kd 3c Qc]
Seat 3: LifeisagameX (big blind) folded on the Turn
Seat 4: Actionni13 (button) (small blind) collected ($17.64)


PokerStars Hand #166181347422:  Hold'em Limit ($3/$6 USD) - 2017/02/13 21:47:43 ET
Table 'Woltjer' 6-max Seat #3 is the button
Seat 3: LifeisagameX ($189.08 in chips)
Seat 4: Actionni13 ($150 in chips)
LifeisagameX: posts small blind $1
Actionni13: posts big blind $3
*** HOLE CARDS ***
LifeisagameX: folds
Uncalled bet ($2) returned to Actionni13
Actionni13 collected $2 from pot
*** SUMMARY ***
Total pot $2 | Rake $0
Seat 3: LifeisagameX (button) (small blind) folded before Flop
Seat 4: Actionni13 (big blind) collected ($2)


PokerStars Hand #166181345317:  Hold'em Limit ($3/$6 USD) - 2017/02/13 21:47:38 ET
Table 'Woltjer' 6-max Seat #4 is the button
Seat 3: LifeisagameX ($188.08 in chips)
Seat 4: Actionni13 ($150 in chips)
Actionni13: posts small blind $1
LifeisagameX: posts big blind $3
*** HOLE CARDS ***
Actionni13: folds
Uncalled bet ($2) returned to LifeisagameX
LifeisagameX collected $2 from pot
LifeisagameX: doesn't show hand
*** SUMMARY ***
Total pot $2 | Rake $0
Seat 3: LifeisagameX (big blind) collected ($2)
Seat 4: Actionni13 (button) (small blind) folded before Flop


PokerStars Hand #166181342263:  Hold'em Limit ($3/$6 USD) - 2017/02/13 21:47:31 ET
Table 'Woltjer' 6-max Seat #3 is the button
Seat 3: LifeisagameX ($185.08 in chips)
Seat 4: Actionni13 ($150 in chips)
LifeisagameX: posts small blind $1
Actionni13: posts big blind $3
*** HOLE CARDS ***
LifeisagameX: raises $3 to $6
Actionni13: folds
Uncalled bet ($3) returned to LifeisagameX
LifeisagameX collected $6 from pot
LifeisagameX: doesn't show hand
*** SUMMARY ***
Total pot $6 | Rake $0
Seat 3: LifeisagameX (button) (small blind) collected ($6)
Seat 4: Actionni13 (big blind) folded before Flop


PokerStars Hand #166181340042:  Hold'em Limit ($3/$6 USD) - 2017/02/13 21:47:25 ET
Table 'Woltjer' 6-max Seat #4 is the button
Seat 3: LifeisagameX ($184.08 in chips)
Seat 4: Actionni13 ($150 in chips)
Actionni13: posts small blind $1
LifeisagameX: posts big blind $3
*** HOLE CARDS ***
Actionni13: folds
Uncalled bet ($2) returned to LifeisagameX
LifeisagameX collected $2 from pot
LifeisagameX: doesn't show hand
*** SUMMARY ***
Total pot $2 | Rake $0
Seat 3: LifeisagameX (big blind) collected ($2)
Seat 4: Actionni13 (button) (small blind) folded before Flop


PokerStars Hand #166181329282:  Hold'em Limit ($3/$6 USD) - 2017/02/13 21:46:59 ET
Table 'Woltjer' 6-max Seat #3 is the button
Seat 3: LifeisagameX ($154.58 in chips)
Seat 4: Actionni13 ($158.64 in chips)
LifeisagameX: posts small blind $1
Actionni13: posts big blind $3
*** HOLE CARDS ***
LifeisagameX: raises $3 to $6
Actionni13: raises $3 to $9
LifeisagameX: calls $3
*** FLOP *** [3d 5d 8s]
Actionni13: bets $3
LifeisagameX: calls $3
*** TURN *** [3d 5d 8s] [Ad]
Actionni13: bets $6
LifeisagameX: raises $6 to $12
Actionni13: calls $6
*** RIVER *** [3d 5d 8s Ad] [6c]
Actionni13: checks
LifeisagameX: bets $6
Actionni13: calls $6
*** SHOW DOWN ***
LifeisagameX: shows [Td 2d] (a flush, Ace high)
Actionni13: mucks hand
LifeisagameX collected $59.50 from pot
*** SUMMARY ***
Total pot $60 | Rake $0.50
Board [3d 5d 8s Ad 6c]
Seat 3: LifeisagameX (button) (small blind) showed [Td 2d] and won ($59.50) with a flush, Ace high
Seat 4: Actionni13 (big blind) mucked


PokerStars Hand #166181354177:  Hold'em Limit ($3/$6 USD) - 2017/02/13 21:48:00 ET
Table 'Woltjer' 6-max Seat #4 is the button
Seat 3: LifeisagameX ($188.08 in chips)
Seat 4: Actionni13 ($151 in chips)
Actionni13: posts small blind $1
LifeisagameX: posts big blind $3
*** HOLE CARDS ***
Actionni13: raises $3 to $6
LifeisagameX: calls $3
*** FLOP *** [Kc 2d 5s]
Ablakat joins the table at seat #5
LifeisagameX: checks
Actionni13: bets $3
LifeisagameX: raises $3 to $6
Actionni13: calls $3
*** TURN *** [Kc 2d 5s] [7h]
LifeisagameX: bets $6
Actionni13: calls $6
*** RIVER *** [Kc 2d 5s 7h] [9d]
LifeisagameX: bets $6
Actionni13: raises $6 to $12
LifeisagameX: calls $6
*** SHOW DOWN ***
Actionni13: shows [Kd 8c] (a pair of Kings)
LifeisagameX: shows [9s Kh] (two pair, Kings and Nines)
LifeisagameX collected $59.50 from pot
*** SUMMARY ***
Total pot $60 | Rake $0.50
Board [Kc 2d 5s 7h 9d]
Seat 3: LifeisagameX (big blind) showed [9s Kh] and won ($59.50) with two pair, Kings and Nines
Seat 4: Actionni13 (button) (small blind) showed [Kd 8c] and lost with a pair of Kings


PokerStars Hand #166181384756:  Hold'em Limit ($3/$6 USD) - 2017/02/13 21:49:16 ET
Table 'Woltjer' 6-max Seat #3 is the button
Seat 3: LifeisagameX ($217.58 in chips)
Seat 4: Actionni13 ($150 in chips)
LifeisagameX: posts small blind $1
Actionni13: posts big blind $3
*** HOLE CARDS ***
LifeisagameX: raises $3 to $6
Actionni13: calls $3
*** FLOP *** [6s 9c 7c]
Actionni13: checks
LifeisagameX: bets $3
Actionni13: calls $3
*** TURN *** [6s 9c 7c] [2c]
Actionni13: bets $6
LifeisagameX: calls $6
*** RIVER *** [6s 9c 7c 2c] [6d]
Actionni13: bets $6
LifeisagameX: folds
Uncalled bet ($6) returned to Actionni13
Actionni13 collected $29.50 from pot
*** SUMMARY ***
Total pot $30 | Rake $0.50
Board [6s 9c 7c 2c 6d]
Seat 3: LifeisagameX (button) (small blind) folded on the River
Seat 4: Actionni13 (big blind) collected ($29.50)


PokerStars Hand #166181446861:  Hold'em Limit ($3/$6 USD) - 2017/02/13 21:51:50 ET
Table 'Woltjer' 6-max Seat #5 is the button
Seat 4: Actionni13 ($150 in chips)
Seat 5: Ablakat ($47.58 in chips)
Ablakat: posts small blind $1
Actionni13: posts big blind $3
*** HOLE CARDS ***
Ablakat: raises $3 to $6
Actionni13: calls $3
*** FLOP *** [Ks Qc Kc]
Actionni13: checks
Ablakat: bets $3
Actionni13: calls $3
*** TURN *** [Ks Qc Kc] [Ah]
Actionni13: checks
Ablakat: bets $6
Actionni13: calls $6
*** RIVER *** [Ks Qc Kc Ah] [6h]
Actionni13: checks
Ablakat: bets $6
Actionni13: calls $6
*** SHOW DOWN ***
Ablakat: shows [2h 9h] (a pair of Kings)
Actionni13: shows [3d Ac] (two pair, Aces and Kings)
Actionni13 collected $41.50 from pot
*** SUMMARY ***
Total pot $42 | Rake $0.50
Board [Ks Qc Kc Ah 6h]
Seat 4: Actionni13 (big blind) showed [3d Ac] and won ($41.50) with two pair, Aces and Kings
Seat 5: Ablakat (button) (small blind) showed [2h 9h] and lost with a pair of Kings


PokerStars Hand #166181444309:  Hold'em Limit ($3/$6 USD) - 2017/02/13 21:51:43 ET
Table 'Woltjer' 6-max Seat #4 is the button
Seat 4: Actionni13 ($150 in chips)
Seat 5: Ablakat ($46.58 in chips)
Actionni13: posts small blind $1
Ablakat: posts big blind $3
*** HOLE CARDS ***
Actionni13: folds
Uncalled bet ($2) returned to Ablakat
Ablakat collected $2 from pot
*** SUMMARY ***
Total pot $2 | Rake $0
Seat 4: Actionni13 (button) (small blind) folded before Flop
Seat 5: Ablakat (big blind) collected ($2)


PokerStars Hand #166181465777:  Hold'em Limit ($3/$6 USD) - 2017/02/13 21:52:36 ET
Table 'Woltjer' 6-max Seat #4 is the button
Seat 4: Actionni13 ($164.50 in chips)
Seat 5: Ablakat ($32.22 in chips)
Actionni13: posts small blind $1
Ablakat: posts big blind $3
*** HOLE CARDS ***
Actionni13: raises $3 to $6
Ablakat: calls $3
*** FLOP *** [4c Ks Jc]
Ablakat: checks
Actionni13: bets $3
Ablakat: folds
Uncalled bet ($3) returned to Actionni13
Actionni13 collected $11.76 from pot
*** SUMMARY ***
Total pot $12 | Rake $0.24
Board [4c Ks Jc]
Seat 4: Actionni13 (button) (small blind) collected ($11.76)
Seat 5: Ablakat (big blind) folded on the Flop


PokerStars Hand #166181459478:  Hold'em Limit ($3/$6 USD) - 2017/02/13 21:52:21 ET
Table 'Woltjer' 6-max Seat #5 is the button
Seat 4: Actionni13 ($173.50 in chips)
Seat 5: Ablakat ($23.58 in chips)
Ablakat: posts small blind $1
Actionni13: posts big blind $3
*** HOLE CARDS ***
Ablakat: raises $3 to $6
Actionni13: calls $3
*** FLOP *** [2s 4c 4s]
Actionni13: checks
Ablakat: bets $3
Actionni13: calls $3
*** TURN *** [2s 4c 4s] [Tc]
Actionni13: checks
Ablakat: bets $6
Actionni13: folds
Uncalled bet ($6) returned to Ablakat
Ablakat collected $17.64 from pot
*** SUMMARY ***
Total pot $18 | Rake $0.36
Board [2s 4c 4s Tc]
Seat 4: Actionni13 (big blind) folded on the Turn
Seat 5: Ablakat (button) (small blind) collected ($17.64)


PokerStars Hand #166181456799:  Hold'em Limit ($3/$6 USD) - 2017/02/13 21:52:14 ET
Table 'Woltjer' 6-max Seat #4 is the button
Seat 4: Actionni13 ($170.50 in chips)
Seat 5: Ablakat ($26.58 in chips)
Actionni13: posts small blind $1
Ablakat: posts big blind $3
*** HOLE CARDS ***
Actionni13: raises $3 to $6
Ablakat: folds
Uncalled bet ($3) returned to Actionni13
Actionni13 collected $6 from pot
*** SUMMARY ***
Total pot $6 | Rake $0
Seat 4: Actionni13 (button) (small blind) collected ($6)
Seat 5: Ablakat (big blind) folded before Flop


PokerStars Hand #166181471550:  Hold'em Limit ($3/$6 USD) - 2017/02/13 21:52:50 ET
Table 'Woltjer' 6-max Seat #5 is the button
Seat 4: Actionni13 ($170.26 in chips)
Seat 5: Ablakat ($26.22 in chips)
Ablakat: posts small blind $1
Actionni13: posts big blind $3
*** HOLE CARDS ***
Ablakat: raises $3 to $6
Actionni13: calls $3
*** FLOP *** [7s 6h As]
Actionni13: bets $3
Ablakat: calls $3
*** TURN *** [7s 6h As] [6c]
Actionni13: bets $6
Ablakat: calls $6
*** RIVER *** [7s 6h As 6c] [Ah]
Actionni13: bets $6
Ablakat: raises $5.22 to $11.22 and is all-in
Actionni13: calls $5.22
*** SHOW DOWN ***
Ablakat: shows [Ks Ts] (two pair, Aces and Sixes)
Actionni13: shows [7c 6s] (a full house, Sixes full of Aces)
Actionni13 collected $51.94 from pot
*** SUMMARY ***
Total pot $52.44 | Rake $0.50
Board [7s 6h As 6c Ah]
Seat 4: Actionni13 (big blind) showed [7c 6s] and won ($51.94) with a full house, Sixes full of Aces
Seat 5: Ablakat (button) (small blind) showed [Ks Ts] and lost with two pair, Aces and Sixes


