PokerStars Hand #156200168833:  Hold'em Limit ($3/$6 USD) - 2016/07/19 23:48:15 ET
Table 'Wotho' 6-max Seat #3 is the button
Seat 1: LifeisagameX ($84 in chips)
Seat 3: vitamin168 ($41.52 in chips)
vitamin168: posts small blind $1
LifeisagameX: posts big blind $3
*** HOLE CARDS ***
vitamin168: folds
Uncalled bet ($2) returned to LifeisagameX
LifeisagameX collected $2 from pot
LifeisagameX: doesn't show hand
*** SUMMARY ***
Total pot $2 | Rake $0
Seat 1: LifeisagameX (big blind) collected ($2)
Seat 3: vitamin168 (button) (small blind) folded before Flop


PokerStars Hand #156200159559:  Hold'em Limit ($3/$6 USD) - 2016/07/19 23:47:40 ET
Table 'Wotho' 6-max Seat #1 is the button
Seat 1: LifeisagameX ($84 in chips)
Seat 3: vitamin168 ($30 in chips)
LifeisagameX: posts small blind $1
vitamin168: posts big blind $3
*** HOLE CARDS ***
LifeisagameX: raises $3 to $6
vitamin168: calls $3
*** FLOP *** [Ac 2h 8d]
vitamin168: checks
LifeisagameX: bets $3
vitamin168: raises $3 to $6
LifeisagameX: calls $3
*** TURN *** [Ac 2h 8d] [Kc]
vitamin168: bets $6
LifeisagameX: folds
Uncalled bet ($6) returned to vitamin168
vitamin168 collected $23.52 from pot
vitamin168: doesn't show hand
*** SUMMARY ***
Total pot $24 | Rake $0.48
Board [Ac 2h 8d Kc]
Seat 1: LifeisagameX (button) (small blind) folded on the Turn
Seat 3: vitamin168 (big blind) collected ($23.52)


PokerStars Hand #156200185157:  Hold'em Limit ($3/$6 USD) - 2016/07/19 23:49:17 ET
Table 'Wotho' 6-max Seat #1 is the button
Seat 1: LifeisagameX ($109.26 in chips)
Seat 3: vitamin168 ($15.52 in chips)
LifeisagameX: posts small blind $1
vitamin168: posts big blind $3
*** HOLE CARDS ***
LifeisagameX: folds
Uncalled bet ($2) returned to vitamin168
vitamin168 collected $2 from pot
vitamin168: doesn't show hand
*** SUMMARY ***
Total pot $2 | Rake $0
Seat 1: LifeisagameX (button) (small blind) folded before Flop
Seat 3: vitamin168 (big blind) collected ($2)


PokerStars Hand #156200183964:  Hold'em Limit ($3/$6 USD) - 2016/07/19 23:49:12 ET
Table 'Wotho' 6-max Seat #3 is the button
Seat 1: LifeisagameX ($108.26 in chips)
Seat 3: vitamin168 ($16.52 in chips)
vitamin168: posts small blind $1
LifeisagameX: posts big blind $3
*** HOLE CARDS ***
vitamin168: folds
Uncalled bet ($2) returned to LifeisagameX
LifeisagameX collected $2 from pot
LifeisagameX: doesn't show hand
*** SUMMARY ***
Total pot $2 | Rake $0
Seat 1: LifeisagameX (big blind) collected ($2)
Seat 3: vitamin168 (button) (small blind) folded before Flop


PokerStars Hand #156200181724:  Hold'em Limit ($3/$6 USD) - 2016/07/19 23:49:03 ET
Table 'Wotho' 6-max Seat #1 is the button
Seat 1: LifeisagameX ($105.26 in chips)
Seat 3: vitamin168 ($19.52 in chips)
LifeisagameX: posts small blind $1
vitamin168: posts big blind $3
*** HOLE CARDS ***
LifeisagameX: raises $3 to $6
vitamin168: folds
Uncalled bet ($3) returned to LifeisagameX
LifeisagameX collected $6 from pot
LifeisagameX: doesn't show hand
*** SUMMARY ***
Total pot $6 | Rake $0
Seat 1: LifeisagameX (button) (small blind) collected ($6)
Seat 3: vitamin168 (big blind) folded before Flop


PokerStars Hand #156200175605:  Hold'em Limit ($3/$6 USD) - 2016/07/19 23:48:40 ET
Table 'Wotho' 6-max Seat #3 is the button
Seat 1: LifeisagameX ($90.76 in chips)
Seat 3: vitamin168 ($34.52 in chips)
vitamin168: posts small blind $1
LifeisagameX: posts big blind $3
*** HOLE CARDS ***
vitamin168: raises $3 to $6
LifeisagameX: calls $3
*** FLOP *** [4s Ks 7d]
LifeisagameX: checks
vitamin168: bets $3
LifeisagameX: calls $3
*** TURN *** [4s Ks 7d] [8c]
LifeisagameX: checks
vitamin168: checks
*** RIVER *** [4s Ks 7d 8c] [2s]
LifeisagameX: bets $6
vitamin168: calls $6
*** SHOW DOWN ***
LifeisagameX: shows [7c 3c] (a pair of Sevens)
vitamin168: mucks hand
LifeisagameX collected $29.50 from pot
*** SUMMARY ***
Total pot $30 | Rake $0.50
Board [4s Ks 7d 8c 2s]
Seat 1: LifeisagameX (big blind) showed [7c 3c] and won ($29.50) with a pair of Sevens
Seat 3: vitamin168 (button) (small blind) mucked


PokerStars Hand #156200170210:  Hold'em Limit ($3/$6 USD) - 2016/07/19 23:48:20 ET
Table 'Wotho' 6-max Seat #1 is the button
Seat 1: LifeisagameX ($85 in chips)
Seat 3: vitamin168 ($40.52 in chips)
LifeisagameX: posts small blind $1
vitamin168: posts big blind $3
*** HOLE CARDS ***
LifeisagameX: raises $3 to $6
vitamin168: calls $3
*** FLOP *** [7d Ah 2s]
vitamin168: checks
LifeisagameX: checks
*** TURN *** [7d Ah 2s] [Tc]
vitamin168: checks
LifeisagameX: checks
*** RIVER *** [7d Ah 2s Tc] [Qd]
vitamin168: checks
LifeisagameX: checks
*** SHOW DOWN ***
vitamin168: shows [Kh 8d] (high card Ace)
LifeisagameX: shows [9h Ks] (high card Ace - King+Queen+Ten+Nine kicker)
LifeisagameX collected $11.76 from pot
*** SUMMARY ***
Total pot $12 | Rake $0.24
Board [7d Ah 2s Tc Qd]
Seat 1: LifeisagameX (button) (small blind) showed [9h Ks] and won ($11.76) with high card Ace
Seat 3: vitamin168 (big blind) showed [Kh 8d] and lost with high card Ace


PokerStars Hand #156200189676:  Hold'em Limit ($3/$6 USD) - 2016/07/19 23:49:34 ET
Table 'Wotho' 6-max Seat #1 is the button
Seat 1: LifeisagameX ($116.90 in chips)
Seat 3: vitamin168 ($7.52 in chips)
LifeisagameX: posts small blind $1
vitamin168: posts big blind $3
*** HOLE CARDS ***
LifeisagameX: raises $3 to $6
vitamin168: raises $1.52 to $7.52 and is all-in
LifeisagameX: calls $1.52
*** FLOP *** [Qc Kd 5h]
*** TURN *** [Qc Kd 5h] [Qs]
*** RIVER *** [Qc Kd 5h Qs] [3c]
*** SHOW DOWN ***
vitamin168: shows [7c 7s] (two pair, Queens and Sevens)
LifeisagameX: shows [2d Jh] (a pair of Queens)
vitamin168 collected $14.74 from pot
*** SUMMARY ***
Total pot $15.04 | Rake $0.30
Board [Qc Kd 5h Qs 3c]
Seat 1: LifeisagameX (button) (small blind) showed [2d Jh] and lost with a pair of Queens
Seat 3: vitamin168 (big blind) showed [7c 7s] and won ($14.74) with two pair, Queens and Sevens


PokerStars Hand #156200186488:  Hold'em Limit ($3/$6 USD) - 2016/07/19 23:49:22 ET
Table 'Wotho' 6-max Seat #3 is the button
Seat 1: LifeisagameX ($108.26 in chips)
Seat 3: vitamin168 ($16.52 in chips)
vitamin168: posts small blind $1
LifeisagameX: posts big blind $3
*** HOLE CARDS ***
vitamin168: raises $3 to $6
LifeisagameX: calls $3
*** FLOP *** [2s Qc 3h]
LifeisagameX: checks
vitamin168: bets $3
LifeisagameX: raises $3 to $6
vitamin168: folds
Uncalled bet ($3) returned to LifeisagameX
LifeisagameX collected $17.64 from pot
LifeisagameX: doesn't show hand
*** SUMMARY ***
Total pot $18 | Rake $0.36
Board [2s Qc 3h]
Seat 1: LifeisagameX (big blind) collected ($17.64)
Seat 3: vitamin168 (button) (small blind) folded on the Flop


PokerStars Hand #156200206874:  Hold'em Limit ($3/$6 USD) - 2016/07/19 23:50:41 ET
Table 'Wotho' 6-max Seat #1 is the button
Seat 1: LifeisagameX ($118.02 in chips)
Seat 3: vitamin168 ($5.74 in chips)
LifeisagameX: posts small blind $1
vitamin168: posts big blind $3
*** HOLE CARDS ***
LifeisagameX: raises $3 to $6
vitamin168: calls $2.74 and is all-in
Uncalled bet ($0.26) returned to LifeisagameX
*** FLOP *** [Qs Jd 6h]
*** TURN *** [Qs Jd 6h] [7d]
*** RIVER *** [Qs Jd 6h 7d] [Qc]
*** SHOW DOWN ***
vitamin168: shows [Kc Ac] (a pair of Queens)
LifeisagameX: shows [Jc Tc] (two pair, Queens and Jacks)
LifeisagameX collected $11.25 from pot
*** SUMMARY ***
Total pot $11.48 | Rake $0.23
Board [Qs Jd 6h 7d Qc]
Seat 1: LifeisagameX (button) (small blind) showed [Jc Tc] and won ($11.25) with two pair, Queens and Jacks
Seat 3: vitamin168 (big blind) showed [Kc Ac] and lost with a pair of Queens


PokerStars Hand #156200193871:  Hold'em Limit ($3/$6 USD) - 2016/07/19 23:49:50 ET
Table 'Wotho' 6-max Seat #3 is the button
Seat 1: LifeisagameX ($109.38 in chips)
Seat 3: vitamin168 ($14.74 in chips)
vitamin168: posts small blind $1
LifeisagameX: posts big blind $3
*** HOLE CARDS ***
vitamin168: raises $3 to $6
LifeisagameX: calls $3
*** FLOP *** [3s 2s 9s]
LifeisagameX: checks
vitamin168: bets $3
LifeisagameX: raises $3 to $6
vitamin168: folds
Uncalled bet ($3) returned to LifeisagameX
LifeisagameX collected $17.64 from pot
LifeisagameX: doesn't show hand
*** SUMMARY ***
Total pot $18 | Rake $0.36
Board [3s 2s 9s]
Seat 1: LifeisagameX (big blind) collected ($17.64)
Seat 3: vitamin168 (button) (small blind) folded on the Flop


