PokerStars Hand #171284148243:  Hold'em Limit ($3/$6 USD) - 2017/06/03 9:06:28 ET
Table 'Wotho II' 6-max Seat #1 is the button
Seat 1: Opal10 ($135.82 in chips)
Seat 4: FHstyles ($44.76 in chips)
Opal10: posts small blind $1
FHstyles: posts big blind $3
*** HOLE CARDS ***
Opal10: calls $2
FHstyles: raises $3 to $6
Opal10: raises $3 to $9
FHstyles: calls $3
*** FLOP *** [3c Js 5s]
FHstyles: checks
Opal10: bets $3
FHstyles: raises $3 to $6
Opal10: raises $3 to $9
FHstyles: raises $3 to $12
Betting is capped
Opal10: calls $3
*** TURN *** [3c Js 5s] [Kc]
FHstyles: bets $6
Opal10: raises $6 to $12
FHstyles: calls $6
*** RIVER *** [3c Js 5s Kc] [7d]
FHstyles: checks
Opal10: bets $6
FHstyles: calls $6
*** SHOW DOWN ***
Opal10: shows [Jd Jh] (three of a kind, Jacks)
FHstyles: mucks hand
Opal10 collected $77.50 from pot
*** SUMMARY ***
Total pot $78 | Rake $0.50
Board [3c Js 5s Kc 7d]
Seat 1: Opal10 (button) (small blind) showed [Jd Jh] and won ($77.50) with three of a kind, Jacks
Seat 4: FHstyles (big blind) mucked


PokerStars Hand #171284137952:  Hold'em Limit ($3/$6 USD) - 2017/06/03 9:06:10 ET
Table 'Wotho II' 6-max Seat #4 is the button
Seat 1: Opal10 ($115.32 in chips)
Seat 4: FHstyles ($65.76 in chips)
FHstyles: posts small blind $1
Opal10: posts big blind $3
*** HOLE CARDS ***
FHstyles: raises $3 to $6
Opal10: calls $3
*** FLOP *** [8c 7h 3h]
Opal10: bets $3
FHstyles: calls $3
*** TURN *** [8c 7h 3h] [As]
Opal10: bets $6
FHstyles: calls $6
*** RIVER *** [8c 7h 3h As] [6c]
Opal10: bets $6
FHstyles: calls $6
*** SHOW DOWN ***
Opal10: shows [Kh 6d] (a pair of Sixes)
FHstyles: mucks hand
Opal10 collected $41.50 from pot
*** SUMMARY ***
Total pot $42 | Rake $0.50
Board [8c 7h 3h As 6c]
Seat 1: Opal10 (big blind) showed [Kh 6d] and won ($41.50) with a pair of Sixes
Seat 4: FHstyles (button) (small blind) mucked


PokerStars Hand #171284188411:  Hold'em Limit ($3/$6 USD) - 2017/06/03 9:07:40 ET
Table 'Wotho II' 6-max Seat #4 is the button
Seat 1: Opal10 ($164.96 in chips)
Seat 4: FHstyles ($74.04 in chips)
FHstyles: posts small blind $1
Opal10: posts big blind $3
*** HOLE CARDS ***
FHstyles: folds
Uncalled bet ($2) returned to Opal10
Opal10 collected $2 from pot
Opal10: doesn't show hand
*** SUMMARY ***
Total pot $2 | Rake $0
Seat 1: Opal10 (big blind) collected ($2)
Seat 4: FHstyles (button) (small blind) folded before Flop


PokerStars Hand #171284183363:  Hold'em Limit ($3/$6 USD) - 2017/06/03 9:07:31 ET
Table 'Wotho II' 6-max Seat #1 is the button
Seat 1: Opal10 ($162.08 in chips)
Seat 4: FHstyles ($77.04 in chips)
Opal10: posts small blind $1
FHstyles: posts big blind $3
*** HOLE CARDS ***
Opal10: calls $2
FHstyles: checks
*** FLOP *** [Td 7h 7c]
FHstyles: checks
Opal10: bets $3
FHstyles: folds
Uncalled bet ($3) returned to Opal10
Opal10 collected $5.88 from pot
Opal10: doesn't show hand
*** SUMMARY ***
Total pot $6 | Rake $0.12
Board [Td 7h 7c]
Seat 1: Opal10 (button) (small blind) collected ($5.88)
Seat 4: FHstyles (big blind) folded on the Flop


PokerStars Hand #171284177732:  Hold'em Limit ($3/$6 USD) - 2017/06/03 9:07:21 ET
Table 'Wotho II' 6-max Seat #4 is the button
Seat 1: Opal10 ($168.08 in chips)
Seat 4: FHstyles ($71.28 in chips)
FHstyles: posts small blind $1
Opal10: posts big blind $3
*** HOLE CARDS ***
FHstyles: raises $3 to $6
Opal10: calls $3
*** FLOP *** [5c 5s Jc]
Opal10: checks
FHstyles: bets $3
Opal10: folds
Uncalled bet ($3) returned to FHstyles
FHstyles collected $11.76 from pot
FHstyles: doesn't show hand
*** SUMMARY ***
Total pot $12 | Rake $0.24
Board [5c 5s Jc]
Seat 1: Opal10 (big blind) folded on the Flop
Seat 4: FHstyles (button) (small blind) collected ($11.76)


PokerStars Hand #171284169278:  Hold'em Limit ($3/$6 USD) - 2017/06/03 9:07:06 ET
Table 'Wotho II' 6-max Seat #1 is the button
Seat 1: Opal10 ($180.08 in chips)
Seat 4: FHstyles ($59.76 in chips)
Opal10: posts small blind $1
FHstyles: posts big blind $3
*** HOLE CARDS ***
Opal10: calls $2
FHstyles: checks
*** FLOP *** [Jc 4s 2c]
FHstyles: bets $3
Opal10: calls $3
*** TURN *** [Jc 4s 2c] [8c]
FHstyles: bets $6
Opal10: calls $6
*** RIVER *** [Jc 4s 2c 8c] [Qs]
FHstyles: bets $6
Opal10: folds
Uncalled bet ($6) returned to FHstyles
FHstyles collected $23.52 from pot
FHstyles: doesn't show hand
*** SUMMARY ***
Total pot $24 | Rake $0.48
Board [Jc 4s 2c 8c Qs]
Seat 1: Opal10 (button) (small blind) folded on the River
Seat 4: FHstyles (big blind) collected ($23.52)


PokerStars Hand #171284163249:  Hold'em Limit ($3/$6 USD) - 2017/06/03 9:06:55 ET
Table 'Wotho II' 6-max Seat #4 is the button
Seat 1: Opal10 ($174.32 in chips)
Seat 4: FHstyles ($65.76 in chips)
FHstyles: posts small blind $1
Opal10: posts big blind $3
*** HOLE CARDS ***
FHstyles: raises $3 to $6
Opal10: calls $3
*** FLOP *** [9s Ts 6c]
Opal10: bets $3
FHstyles: folds
Uncalled bet ($3) returned to Opal10
Opal10 collected $11.76 from pot
Opal10: doesn't show hand
*** SUMMARY ***
Total pot $12 | Rake $0.24
Board [9s Ts 6c]
Seat 1: Opal10 (big blind) collected ($11.76)
Seat 4: FHstyles (button) (small blind) folded on the Flop


PokerStars Hand #171284210175:  Hold'em Limit ($3/$6 USD) - 2017/06/03 9:08:20 ET
Table 'Wotho II' 6-max Seat #1 is the button
Seat 1: Opal10 ($165.46 in chips)
Seat 4: FHstyles ($72.54 in chips)
Opal10: posts small blind $1
FHstyles: posts big blind $3
*** HOLE CARDS ***
Opal10: calls $2
FHstyles: checks
*** FLOP *** [5s Kh Qs]
FHstyles: checks
Opal10: checks
*** TURN *** [5s Kh Qs] [Jc]
FHstyles: checks
Opal10: bets $6
Auge72 joins the table at seat #6
FHstyles: folds
Uncalled bet ($6) returned to Opal10
Opal10 collected $5.88 from pot
Opal10: doesn't show hand
*** SUMMARY ***
Total pot $6 | Rake $0.12
Board [5s Kh Qs Jc]
Seat 1: Opal10 (button) (small blind) collected ($5.88)
Seat 4: FHstyles (big blind) folded on the Turn


PokerStars Hand #171284201716:  Hold'em Limit ($3/$6 USD) - 2017/06/03 9:08:04 ET
Table 'Wotho II' 6-max Seat #4 is the button
Seat 1: Opal10 ($144.96 in chips)
Seat 4: FHstyles ($93.54 in chips)
FHstyles: posts small blind $1
Opal10: posts big blind $3
*** HOLE CARDS ***
FHstyles: raises $3 to $6
Opal10: calls $3
*** FLOP *** [Kd 2c 6s]
Opal10: bets $3
FHstyles: calls $3
*** TURN *** [Kd 2c 6s] [7c]
Opal10: bets $6
FHstyles: calls $6
*** RIVER *** [Kd 2c 6s 7c] [8c]
Opal10: bets $6
FHstyles: calls $6
*** SHOW DOWN ***
Opal10: shows [4s Ks] (a pair of Kings)
FHstyles: mucks hand
Opal10 collected $41.50 from pot
*** SUMMARY ***
Total pot $42 | Rake $0.50
Board [Kd 2c 6s 7c 8c]
Seat 1: Opal10 (big blind) showed [4s Ks] and won ($41.50) with a pair of Kings
Seat 4: FHstyles (button) (small blind) mucked


PokerStars Hand #171284191118:  Hold'em Limit ($3/$6 USD) - 2017/06/03 9:07:45 ET
Table 'Wotho II' 6-max Seat #1 is the button
Seat 1: Opal10 ($165.96 in chips)
Seat 4: FHstyles ($73.04 in chips)
Opal10: posts small blind $1
FHstyles: posts big blind $3
*** HOLE CARDS ***
Opal10: raises $3 to $6
FHstyles: raises $3 to $9
Opal10: raises $3 to $12
Betting is capped
FHstyles: calls $3
*** FLOP *** [As Kc 8h]
FHstyles: checks
Opal10: bets $3
FHstyles: calls $3
*** TURN *** [As Kc 8h] [7s]
FHstyles: checks
Opal10: checks
*** RIVER *** [As Kc 8h 7s] [9d]
FHstyles: bets $6
Opal10: calls $6
*** SHOW DOWN ***
FHstyles: shows [9s 9c] (three of a kind, Nines)
Opal10: mucks hand
FHstyles collected $41.50 from pot
*** SUMMARY ***
Total pot $42 | Rake $0.50
Board [As Kc 8h 7s 9d]
Seat 1: Opal10 (button) (small blind) mucked
Seat 4: FHstyles (big blind) showed [9s 9c] and won ($41.50) with three of a kind, Nines


PokerStars Hand #171284250737:  Hold'em Limit ($3/$6 USD) - 2017/06/03 9:09:32 ET
Table 'Wotho II' 6-max Seat #6 is the button
Seat 1: Opal10 ($190.63 in chips)
Seat 6: Auge72 ($98 in chips)
Auge72: posts small blind $1
Opal10: posts big blind $3
*** HOLE CARDS ***
Auge72: raises $3 to $6
Opal10: calls $3
*** FLOP *** [7h 6h 9h]
Opal10: bets $3
Auge72: calls $3
*** TURN *** [7h 6h 9h] [7c]
Opal10: bets $6
Auge72: folds
Uncalled bet ($6) returned to Opal10
Opal10 collected $17.64 from pot
Opal10: doesn't show hand
*** SUMMARY ***
Total pot $18 | Rake $0.36
Board [7h 6h 9h 7c]
Seat 1: Opal10 (big blind) collected ($17.64)
Seat 6: Auge72 (button) (small blind) folded on the Turn


PokerStars Hand #171284246541:  Hold'em Limit ($3/$6 USD) - 2017/06/03 9:09:25 ET
Table 'Wotho II' 6-max Seat #1 is the button
Seat 1: Opal10 ($191.63 in chips)
Seat 6: Auge72 ($97 in chips)
Opal10: posts small blind $1
Auge72: posts big blind $3
*** HOLE CARDS ***
Opal10: folds
Uncalled bet ($2) returned to Auge72
Auge72 collected $2 from pot
*** SUMMARY ***
Total pot $2 | Rake $0
Seat 1: Opal10 (button) (small blind) folded before Flop
Seat 6: Auge72 (big blind) collected ($2)


PokerStars Hand #171284243684:  Hold'em Limit ($3/$6 USD) - 2017/06/03 9:09:20 ET
Table 'Wotho II' 6-max Seat #6 is the button
Seat 1: Opal10 ($190.63 in chips)
Seat 6: Auge72 ($98 in chips)
Auge72: posts small blind $1
Opal10: posts big blind $3
*** HOLE CARDS ***
Auge72: folds
Uncalled bet ($2) returned to Opal10
Opal10 collected $2 from pot
Opal10: doesn't show hand
*** SUMMARY ***
Total pot $2 | Rake $0
Seat 1: Opal10 (big blind) collected ($2)
Seat 6: Auge72 (button) (small blind) folded before Flop


PokerStars Hand #171284228842:  Hold'em Limit ($3/$6 USD) - 2017/06/03 9:08:53 ET
Table 'Wotho II' 6-max Seat #1 is the button
Seat 1: Opal10 ($173.13 in chips)
Seat 6: Auge72 ($116 in chips)
Opal10: posts small blind $1
FHstyles: is sitting out
Auge72: posts big blind $3
*** HOLE CARDS ***
FHstyles leaves the table
Opal10: calls $2
Auge72: checks
*** FLOP *** [Jc 5s 8s]
Auge72: bets $3
Opal10: calls $3
*** TURN *** [Jc 5s 8s] [Ah]
Auge72: checks
Opal10: bets $6
Auge72: calls $6
*** RIVER *** [Jc 5s 8s Ah] [6h]
Auge72: checks
Opal10: bets $6
Auge72: calls $6
*** SHOW DOWN ***
Opal10: shows [Jh 9h] (a pair of Jacks)
Auge72: mucks hand
Opal10 collected $35.50 from pot
*** SUMMARY ***
Total pot $36 | Rake $0.50
Board [Jc 5s 8s Ah 6h]
Seat 1: Opal10 (button) (small blind) showed [Jh 9h] and won ($35.50) with a pair of Jacks
Seat 6: Auge72 (big blind) mucked


PokerStars Hand #171284290770:  Hold'em Limit ($3/$6 USD) - 2017/06/03 9:10:43 ET
Table 'Wotho II' 6-max Seat #6 is the button
Seat 1: Opal10 ($213.65 in chips)
Seat 6: Auge72 ($73.76 in chips)
Auge72: posts small blind $1
Opal10: posts big blind $3
*** HOLE CARDS ***
Auge72: raises $3 to $6
Opal10: calls $3
*** FLOP *** [8h Ac 4h]
Opal10: checks
Auge72: bets $3
Opal10: folds
Uncalled bet ($3) returned to Auge72
Auge72 collected $11.76 from pot
Auge72: doesn't show hand
*** SUMMARY ***
Total pot $12 | Rake $0.24
Board [8h Ac 4h]
Seat 1: Opal10 (big blind) folded on the Flop
Seat 6: Auge72 (button) (small blind) collected ($11.76)


PokerStars Hand #171284284394:  Hold'em Limit ($3/$6 USD) - 2017/06/03 9:10:32 ET
Table 'Wotho II' 6-max Seat #1 is the button
Seat 1: Opal10 ($219.65 in chips)
Seat 6: Auge72 ($68 in chips)
Opal10: posts small blind $1
Auge72: posts big blind $3
*** HOLE CARDS ***
Opal10: calls $2
Auge72: raises $3 to $6
Opal10: calls $3
*** FLOP *** [5h 9c 6s]
Auge72: bets $3
Opal10: folds
Uncalled bet ($3) returned to Auge72
Auge72 collected $11.76 from pot
Auge72: doesn't show hand
*** SUMMARY ***
Total pot $12 | Rake $0.24
Board [5h 9c 6s]
Seat 1: Opal10 (button) (small blind) folded on the Flop
Seat 6: Auge72 (big blind) collected ($11.76)


PokerStars Hand #171284273841:  Hold'em Limit ($3/$6 USD) - 2017/06/03 9:10:13 ET
Table 'Wotho II' 6-max Seat #6 is the button
Seat 1: Opal10 ($202.15 in chips)
Seat 6: Auge72 ($86 in chips)
Auge72: posts small blind $1
Opal10: posts big blind $3
*** HOLE CARDS ***
Auge72: raises $3 to $6
Opal10: raises $3 to $9
Auge72: calls $3
*** FLOP *** [Kh 2s 4h]
Opal10: bets $3
Auge72: calls $3
*** TURN *** [Kh 2s 4h] [8c]
Opal10: bets $6
Auge72: calls $6
*** RIVER *** [Kh 2s 4h 8c] [Th]
Opal10: checks
Auge72: checks
*** SHOW DOWN ***
Opal10: shows [Ah Js] (high card Ace)
Auge72: mucks hand
Opal10 collected $35.50 from pot
*** SUMMARY ***
Total pot $36 | Rake $0.50
Board [Kh 2s 4h 8c Th]
Seat 1: Opal10 (big blind) showed [Ah Js] and won ($35.50) with high card Ace
Seat 6: Auge72 (button) (small blind) mucked


PokerStars Hand #171284265051:  Hold'em Limit ($3/$6 USD) - 2017/06/03 9:09:57 ET
Table 'Wotho II' 6-max Seat #1 is the button
Seat 1: Opal10 ($199.27 in chips)
Seat 6: Auge72 ($89 in chips)
Opal10: posts small blind $1
Auge72: posts big blind $3
*** HOLE CARDS ***
Opal10: calls $2
Auge72: checks
*** FLOP *** [Qh 3s Ts]
Auge72: checks
Opal10: checks
*** TURN *** [Qh 3s Ts] [7d]
Auge72: checks
Opal10: checks
*** RIVER *** [Qh 3s Ts 7d] [8d]
Auge72: checks
Opal10: bets $6
Auge72: folds
Uncalled bet ($6) returned to Opal10
Opal10 collected $5.88 from pot
Opal10: doesn't show hand
*** SUMMARY ***
Total pot $6 | Rake $0.12
Board [Qh 3s Ts 7d 8d]
Seat 1: Opal10 (button) (small blind) collected ($5.88)
Seat 6: Auge72 (big blind) folded on the River


PokerStars Hand #171284330543:  Hold'em Limit ($3/$6 USD) - 2017/06/03 9:11:54 ET
Table 'Wotho II' 6-max Seat #1 is the button
Seat 1: Opal10 ($219.03 in chips)
Seat 6: Auge72 ($67.28 in chips)
Opal10: posts small blind $1
Auge72: posts big blind $3
*** HOLE CARDS ***
Opal10: folds
Uncalled bet ($2) returned to Auge72
Auge72 collected $2 from pot
Auge72: doesn't show hand
*** SUMMARY ***
Total pot $2 | Rake $0
Seat 1: Opal10 (button) (small blind) folded before Flop
Seat 6: Auge72 (big blind) collected ($2)


PokerStars Hand #171284323173:  Hold'em Limit ($3/$6 USD) - 2017/06/03 9:11:41 ET
Table 'Wotho II' 6-max Seat #6 is the button
Seat 1: Opal10 ($216.15 in chips)
Seat 6: Auge72 ($70.28 in chips)
Auge72: posts small blind $1
Opal10: posts big blind $3
*** HOLE CARDS ***
Auge72: calls $2
Opal10: checks
*** FLOP *** [5s Tc 9h]
Opal10: checks
Auge72: checks
*** TURN *** [5s Tc 9h] [2d]
Opal10: bets $6
Auge72: folds
Uncalled bet ($6) returned to Opal10
Opal10 collected $5.88 from pot
Opal10: doesn't show hand
*** SUMMARY ***
Total pot $6 | Rake $0.12
Board [5s Tc 9h 2d]
Seat 1: Opal10 (big blind) collected ($5.88)
Seat 6: Auge72 (button) (small blind) folded on the Turn


PokerStars Hand #171284310072:  Hold'em Limit ($3/$6 USD) - 2017/06/03 9:11:17 ET
Table 'Wotho II' 6-max Seat #1 is the button
Seat 1: Opal10 ($222.15 in chips)
Seat 6: Auge72 ($64.52 in chips)
Opal10: posts small blind $1
Auge72: posts big blind $3
*** HOLE CARDS ***
Opal10: calls $2
Auge72: checks
*** FLOP *** [2h 4s Kd]
Auge72: checks
Opal10: bets $3
Auge72: calls $3
*** TURN *** [2h 4s Kd] [5s]
Auge72: checks
Opal10: checks
*** RIVER *** [2h 4s Kd 5s] [7h]
Auge72: checks
Opal10: checks
*** SHOW DOWN ***
Auge72: shows [6h 4d] (a pair of Fours)
Opal10: mucks hand
Auge72 collected $11.76 from pot
*** SUMMARY ***
Total pot $12 | Rake $0.24
Board [2h 4s Kd 5s 7h]
Seat 1: Opal10 (button) (small blind) mucked
Seat 6: Auge72 (big blind) showed [6h 4d] and won ($11.76) with a pair of Fours


PokerStars Hand #171284306403:  Hold'em Limit ($3/$6 USD) - 2017/06/03 9:11:11 ET
Table 'Wotho II' 6-max Seat #6 is the button
Seat 1: Opal10 ($225.15 in chips)
Seat 6: Auge72 ($61.52 in chips)
Auge72: posts small blind $1
Opal10: posts big blind $3
*** HOLE CARDS ***
Auge72: raises $3 to $6
Opal10: folds
Uncalled bet ($3) returned to Auge72
Auge72 collected $6 from pot
Auge72: doesn't show hand
*** SUMMARY ***
Total pot $6 | Rake $0
Seat 1: Opal10 (big blind) folded before Flop
Seat 6: Auge72 (button) (small blind) collected ($6)


PokerStars Hand #171284297078:  Hold'em Limit ($3/$6 USD) - 2017/06/03 9:10:54 ET
Table 'Wotho II' 6-max Seat #1 is the button
Seat 1: Opal10 ($207.65 in chips)
Seat 6: Auge72 ($79.52 in chips)
Opal10: posts small blind $1
Auge72: posts big blind $3
*** HOLE CARDS ***
Opal10: calls $2
Auge72: checks
*** FLOP *** [7h 5c 4c]
Auge72: bets $3
Opal10: calls $3
*** TURN *** [7h 5c 4c] [Ah]
Auge72: checks
Opal10: bets $6
Auge72: calls $6
*** RIVER *** [7h 5c 4c Ah] [4d]
Auge72: checks
Opal10: bets $6
Auge72: calls $6
*** SHOW DOWN ***
Opal10: shows [7s Qs] (two pair, Sevens and Fours)
Auge72: mucks hand
Opal10 collected $35.50 from pot
*** SUMMARY ***
Total pot $36 | Rake $0.50
Board [7h 5c 4c Ah 4d]
Seat 1: Opal10 (button) (small blind) showed [7s Qs] and won ($35.50) with two pair, Sevens and Fours
Seat 6: Auge72 (big blind) mucked


PokerStars Hand #171284357768:  Hold'em Limit ($3/$6 USD) - 2017/06/03 9:12:42 ET
Table 'Wotho II' 6-max Seat #6 is the button
Seat 1: Opal10 ($238.29 in chips)
Seat 6: Auge72 ($47.28 in chips)
Auge72: posts small blind $1
Opal10: posts big blind $3
*** HOLE CARDS ***
Auge72: folds
Uncalled bet ($2) returned to Opal10
Opal10 collected $2 from pot
Opal10: doesn't show hand
*** SUMMARY ***
Total pot $2 | Rake $0
Seat 1: Opal10 (big blind) collected ($2)
Seat 6: Auge72 (button) (small blind) folded before Flop


PokerStars Hand #171284348531:  Hold'em Limit ($3/$6 USD) - 2017/06/03 9:12:26 ET
Table 'Wotho II' 6-max Seat #1 is the button
Seat 1: Opal10 ($223.79 in chips)
Seat 6: Auge72 ($62.28 in chips)
Opal10: posts small blind $1
Auge72: posts big blind $3
*** HOLE CARDS ***
Opal10: raises $3 to $6
Auge72: calls $3
*** FLOP *** [Js 6c Jh]
Auge72: checks
Opal10: bets $3
Auge72: calls $3
*** TURN *** [Js 6c Jh] [7s]
Auge72: checks
Opal10: bets $6
Auge72: calls $6
*** RIVER *** [Js 6c Jh 7s] [Qd]
Auge72: checks
Opal10: checks
*** SHOW DOWN ***
Auge72: shows [8h Tc] (a pair of Jacks)
Opal10: shows [7d 9s] (two pair, Jacks and Sevens)
Opal10 collected $29.50 from pot
*** SUMMARY ***
Total pot $30 | Rake $0.50
Board [Js 6c Jh 7s Qd]
Seat 1: Opal10 (button) (small blind) showed [7d 9s] and won ($29.50) with two pair, Jacks and Sevens
Seat 6: Auge72 (big blind) showed [8h Tc] and lost with a pair of Jacks


PokerStars Hand #171284345895:  Hold'em Limit ($3/$6 USD) - 2017/06/03 9:12:21 ET
Table 'Wotho II' 6-max Seat #6 is the button
Seat 1: Opal10 ($222.79 in chips)
Seat 6: Auge72 ($63.28 in chips)
Auge72: posts small blind $1
Opal10: posts big blind $3
*** HOLE CARDS ***
Auge72: folds
Uncalled bet ($2) returned to Opal10
Opal10 collected $2 from pot
Opal10: doesn't show hand
*** SUMMARY ***
Total pot $2 | Rake $0
Seat 1: Opal10 (big blind) collected ($2)
Seat 6: Auge72 (button) (small blind) folded before Flop


PokerStars Hand #171284343107:  Hold'em Limit ($3/$6 USD) - 2017/06/03 9:12:16 ET
Table 'Wotho II' 6-max Seat #1 is the button
Seat 1: Opal10 ($223.79 in chips)
Seat 6: Auge72 ($62.28 in chips)
Opal10: posts small blind $1
Auge72: posts big blind $3
*** HOLE CARDS ***
Opal10: folds
Uncalled bet ($2) returned to Auge72
Auge72 collected $2 from pot
Auge72: doesn't show hand
*** SUMMARY ***
Total pot $2 | Rake $0
Seat 1: Opal10 (button) (small blind) folded before Flop
Seat 6: Auge72 (big blind) collected ($2)


PokerStars Hand #171284333225:  Hold'em Limit ($3/$6 USD) - 2017/06/03 9:11:59 ET
Table 'Wotho II' 6-max Seat #6 is the button
Seat 1: Opal10 ($218.03 in chips)
Seat 6: Auge72 ($68.28 in chips)
Auge72: posts small blind $1
Opal10: posts big blind $3
*** HOLE CARDS ***
Auge72: calls $2
Opal10: checks
*** FLOP *** [Qd 7d 8h]
Opal10: bets $3
Auge72: calls $3
*** TURN *** [Qd 7d 8h] [Kc]
Opal10: checks
Auge72: checks
*** RIVER *** [Qd 7d 8h Kc] [4c]
Opal10: checks
Auge72: checks
*** SHOW DOWN ***
Opal10: shows [3d 7c] (a pair of Sevens)
Auge72: mucks hand
Opal10 collected $11.76 from pot
*** SUMMARY ***
Total pot $12 | Rake $0.24
Board [Qd 7d 8h Kc 4c]
Seat 1: Opal10 (big blind) showed [3d 7c] and won ($11.76) with a pair of Sevens
Seat 6: Auge72 (button) (small blind) mucked


PokerStars Hand #171284388810:  Hold'em Limit ($3/$6 USD) - 2017/06/03 9:13:38 ET
Table 'Wotho II' 6-max Seat #1 is the button
Seat 1: Opal10 ($226.93 in chips)
Seat 6: Auge72 ($57.66 in chips)
Opal10: posts small blind $1
Auge72: posts big blind $3
*** HOLE CARDS ***
Opal10: calls $2
Auge72: checks
*** FLOP *** [8d Jc 7c]
Auge72: checks
Opal10: bets $3
Auge72: folds
Uncalled bet ($3) returned to Opal10
Opal10 collected $5.88 from pot
Opal10: doesn't show hand
*** SUMMARY ***
Total pot $6 | Rake $0.12
Board [8d Jc 7c]
Seat 1: Opal10 (button) (small blind) collected ($5.88)
Seat 6: Auge72 (big blind) folded on the Flop


PokerStars Hand #171284382214:  Hold'em Limit ($3/$6 USD) - 2017/06/03 9:13:26 ET
Table 'Wotho II' 6-max Seat #6 is the button
Seat 1: Opal10 ($229.93 in chips)
Seat 6: Auge72 ($54.78 in chips)
Auge72: posts small blind $1
Opal10: posts big blind $3
*** HOLE CARDS ***
Auge72: calls $2
Opal10: checks
*** FLOP *** [8s Jc As]
Opal10: checks
Auge72: bets $3
Opal10: folds
Uncalled bet ($3) returned to Auge72
Auge72 collected $5.88 from pot
Auge72: doesn't show hand
*** SUMMARY ***
Total pot $6 | Rake $0.12
Board [8s Jc As]
Seat 1: Opal10 (big blind) folded on the Flop
Seat 6: Auge72 (button) (small blind) collected ($5.88)


PokerStars Hand #171284376235:  Hold'em Limit ($3/$6 USD) - 2017/06/03 9:13:15 ET
Table 'Wotho II' 6-max Seat #1 is the button
Seat 1: Opal10 ($224.17 in chips)
Seat 6: Auge72 ($60.78 in chips)
Opal10: posts small blind $1
Auge72: posts big blind $3
*** HOLE CARDS ***
Opal10: raises $3 to $6
Auge72: calls $3
*** FLOP *** [9s Ah 3c]
Auge72: checks
Opal10: bets $3
Auge72: folds
Uncalled bet ($3) returned to Opal10
Opal10 collected $11.76 from pot
Opal10: doesn't show hand
*** SUMMARY ***
Total pot $12 | Rake $0.24
Board [9s Ah 3c]
Seat 1: Opal10 (button) (small blind) collected ($11.76)
Seat 6: Auge72 (big blind) folded on the Flop


PokerStars Hand #171284369406:  Hold'em Limit ($3/$6 USD) - 2017/06/03 9:13:03 ET
Table 'Wotho II' 6-max Seat #6 is the button
Seat 1: Opal10 ($221.29 in chips)
Seat 6: Auge72 ($63.78 in chips)
Auge72: posts small blind $1
Opal10: posts big blind $3
*** HOLE CARDS ***
Auge72: calls $2
Opal10: checks
*** FLOP *** [Kh 9h 4d]
Opal10: checks
Auge72: checks
*** TURN *** [Kh 9h 4d] [6h]
Opal10: bets $6
Auge72: folds
Uncalled bet ($6) returned to Opal10
Opal10 collected $5.88 from pot
Opal10: doesn't show hand
*** SUMMARY ***
Total pot $6 | Rake $0.12
Board [Kh 9h 4d 6h]
Seat 1: Opal10 (big blind) collected ($5.88)
Seat 6: Auge72 (button) (small blind) folded on the Turn


PokerStars Hand #171284360838:  Hold'em Limit ($3/$6 USD) - 2017/06/03 9:12:48 ET
Table 'Wotho II' 6-max Seat #1 is the button
Seat 1: Opal10 ($239.29 in chips)
Seat 6: Auge72 ($46.28 in chips)
Opal10: posts small blind $1
Auge72: posts big blind $3
*** HOLE CARDS ***
Opal10: calls $2
Auge72: checks
*** FLOP *** [Ac 7d Js]
Auge72: bets $3
Opal10: calls $3
*** TURN *** [Ac 7d Js] [Qc]
Auge72: checks
Opal10: checks
*** RIVER *** [Ac 7d Js Qc] [2s]
Auge72: checks
Opal10: bets $6
Auge72: raises $6 to $12
Opal10: calls $6
*** SHOW DOWN ***
Auge72: shows [7s 2h] (two pair, Sevens and Deuces)
Opal10: mucks hand
Auge72 collected $35.50 from pot
*** SUMMARY ***
Total pot $36 | Rake $0.50
Board [Ac 7d Js Qc 2s]
Seat 1: Opal10 (button) (small blind) mucked
Seat 6: Auge72 (big blind) showed [7s 2h] and won ($35.50) with two pair, Sevens and Deuces


PokerStars Hand #171284425948:  Hold'em Limit ($3/$6 USD) - 2017/06/03 9:14:44 ET
Table 'Wotho II' 6-max Seat #1 is the button
Seat 1: Opal10 ($244.19 in chips)
Seat 6: Auge72 ($39.42 in chips)
Opal10: posts small blind $1
Auge72: posts big blind $3
*** HOLE CARDS ***
Opal10: calls $2
Auge72: checks
*** FLOP *** [4c 9h Td]
Auge72: bets $3
Opal10: folds
Uncalled bet ($3) returned to Auge72
Auge72 collected $5.88 from pot
Auge72: doesn't show hand
*** SUMMARY ***
Total pot $6 | Rake $0.12
Board [4c 9h Td]
Seat 1: Opal10 (button) (small blind) folded on the Flop
Seat 6: Auge72 (big blind) collected ($5.88)


PokerStars Hand #171284423287:  Hold'em Limit ($3/$6 USD) - 2017/06/03 9:14:39 ET
Table 'Wotho II' 6-max Seat #6 is the button
Seat 1: Opal10 ($243.19 in chips)
Seat 6: Auge72 ($40.42 in chips)
Auge72: posts small blind $1
Opal10: posts big blind $3
*** HOLE CARDS ***
Auge72: folds
Uncalled bet ($2) returned to Opal10
Opal10 collected $2 from pot
Opal10: doesn't show hand
*** SUMMARY ***
Total pot $2 | Rake $0
Seat 1: Opal10 (big blind) collected ($2)
Seat 6: Auge72 (button) (small blind) folded before Flop


PokerStars Hand #171284411323:  Hold'em Limit ($3/$6 USD) - 2017/06/03 9:14:18 ET
Table 'Wotho II' 6-max Seat #6 is the button
Seat 1: Opal10 ($226.69 in chips)
Seat 6: Auge72 ($57.42 in chips)
Auge72: posts small blind $1
Opal10: posts big blind $3
*** HOLE CARDS ***
Auge72: raises $3 to $6
Opal10: calls $3
*** FLOP *** [9h As 8s]
Opal10: bets $3
Auge72: raises $3 to $6
Opal10: calls $3
*** TURN *** [9h As 8s] [7s]
Opal10: bets $6
Auge72: calls $6
*** RIVER *** [9h As 8s 7s] [Th]
Opal10: bets $6
Auge72: folds
Uncalled bet ($6) returned to Opal10
Opal10 collected $35.50 from pot
Opal10: doesn't show hand
*** SUMMARY ***
Total pot $36 | Rake $0.50
Board [9h As 8s 7s Th]
Seat 1: Opal10 (big blind) collected ($35.50)
Seat 6: Auge72 (button) (small blind) folded on the River


PokerStars Hand #171284402405:  Hold'em Limit ($3/$6 USD) - 2017/06/03 9:14:02 ET
Table 'Wotho II' 6-max Seat #1 is the button
Seat 1: Opal10 ($223.81 in chips)
Seat 6: Auge72 ($60.42 in chips)
Opal10: posts small blind $1
Auge72: posts big blind $3
*** HOLE CARDS ***
Opal10: calls $2
Auge72: checks
*** FLOP *** [As Tc 7d]
Auge72: checks
Opal10: checks
*** TURN *** [As Tc 7d] [9c]
Auge72: checks
Opal10: checks
*** RIVER *** [As Tc 7d 9c] [Kc]
Auge72: checks
Opal10: bets $6
Auge72: folds
Uncalled bet ($6) returned to Opal10
Opal10 collected $5.88 from pot
Opal10: doesn't show hand
*** SUMMARY ***
Total pot $6 | Rake $0.12
Board [As Tc 7d 9c Kc]
Seat 1: Opal10 (button) (small blind) collected ($5.88)
Seat 6: Auge72 (big blind) folded on the River


PokerStars Hand #171284394021:  Hold'em Limit ($3/$6 USD) - 2017/06/03 9:13:47 ET
Table 'Wotho II' 6-max Seat #6 is the button
Seat 1: Opal10 ($229.81 in chips)
Seat 6: Auge72 ($54.66 in chips)
Auge72: posts small blind $1
Opal10: posts big blind $3
*** HOLE CARDS ***
Auge72: raises $3 to $6
Opal10: calls $3
*** FLOP *** [Tc 6h 2h]
Opal10: checks
Auge72: bets $3
Opal10: folds
Uncalled bet ($3) returned to Auge72
Auge72 collected $11.76 from pot
Auge72: doesn't show hand
*** SUMMARY ***
Total pot $12 | Rake $0.24
Board [Tc 6h 2h]
Seat 1: Opal10 (big blind) folded on the Flop
Seat 6: Auge72 (button) (small blind) collected ($11.76)


PokerStars Hand #171284454459:  Hold'em Limit ($3/$6 USD) - 2017/06/03 9:15:35 ET
Table 'Wotho II' 6-max Seat #6 is the button
Seat 1: Opal10 ($247.83 in chips)
Seat 6: Auge72 ($35.18 in chips)
Auge72: posts small blind $1
Opal10: posts big blind $3
*** HOLE CARDS ***
Auge72: calls $2
Opal10: checks
*** FLOP *** [Qh 7h 4h]
Opal10: bets $3
Auge72: calls $3
*** TURN *** [Qh 7h 4h] [5c]
Opal10: checks
Auge72: bets $6
Opal10: folds
Uncalled bet ($6) returned to Auge72
Auge72 collected $11.76 from pot
Auge72: doesn't show hand
*** SUMMARY ***
Total pot $12 | Rake $0.24
Board [Qh 7h 4h 5c]
Seat 1: Opal10 (big blind) folded on the Turn
Seat 6: Auge72 (button) (small blind) collected ($11.76)


PokerStars Hand #171284431602:  Hold'em Limit ($3/$6 USD) - 2017/06/03 9:14:54 ET
Table 'Wotho II' 6-max Seat #6 is the button
Seat 1: Opal10 ($241.19 in chips)
Seat 6: Auge72 ($42.30 in chips)
Auge72: posts small blind $1
Opal10: posts big blind $3
*** HOLE CARDS ***
Auge72: raises $3 to $6
Opal10: calls $3
*** FLOP *** [7h 2d 4d]
Opal10: checks
Auge72: checks
*** TURN *** [7h 2d 4d] [6s]
Opal10: bets $6
Auge72: folds
Uncalled bet ($6) returned to Opal10
Opal10 collected $11.76 from pot
Opal10: doesn't show hand
*** SUMMARY ***
Total pot $12 | Rake $0.24
Board [7h 2d 4d 6s]
Seat 1: Opal10 (big blind) collected ($11.76)
Seat 6: Auge72 (button) (small blind) folded on the Turn


PokerStars Hand #171284441428:  Hold'em Limit ($3/$6 USD) - 2017/06/03 9:15:11 ET
Table 'Wotho II' 6-max Seat #1 is the button
Seat 1: Opal10 ($246.95 in chips)
Seat 6: Auge72 ($36.30 in chips)
Opal10: posts small blind $1
Auge72: posts big blind $3
*** HOLE CARDS ***
Opal10: calls $2
Auge72: checks
*** FLOP *** [Td 6s 2c]
Auge72: bets $3
Opal10: folds
Uncalled bet ($3) returned to Auge72
Auge72 collected $5.88 from pot
Auge72: doesn't show hand
*** SUMMARY ***
Total pot $6 | Rake $0.12
Board [Td 6s 2c]
Seat 1: Opal10 (button) (small blind) folded on the Flop
Seat 6: Auge72 (big blind) collected ($5.88)


PokerStars Hand #171284446241:  Hold'em Limit ($3/$6 USD) - 2017/06/03 9:15:20 ET
Table 'Wotho II' 6-max Seat #6 is the button
Seat 1: Opal10 ($243.95 in chips)
Seat 6: Auge72 ($39.18 in chips)
Auge72: posts small blind $1
Opal10: posts big blind $3
*** HOLE CARDS ***
Auge72: folds
Uncalled bet ($2) returned to Opal10
Opal10 collected $2 from pot
Opal10: doesn't show hand
*** SUMMARY ***
Total pot $2 | Rake $0
Seat 1: Opal10 (big blind) collected ($2)
Seat 6: Auge72 (button) (small blind) folded before Flop


PokerStars Hand #171284448790:  Hold'em Limit ($3/$6 USD) - 2017/06/03 9:15:24 ET
Table 'Wotho II' 6-max Seat #1 is the button
Seat 1: Opal10 ($244.95 in chips)
Seat 6: Auge72 ($38.18 in chips)
Opal10: posts small blind $1
Auge72: posts big blind $3
*** HOLE CARDS ***
Opal10: calls $2
Auge72: checks
*** FLOP *** [Ks 9d 2d]
Auge72: checks
Opal10: bets $3
Auge72: folds
Uncalled bet ($3) returned to Opal10
Opal10 collected $5.88 from pot
Opal10: doesn't show hand
*** SUMMARY ***
Total pot $6 | Rake $0.12
Board [Ks 9d 2d]
Seat 1: Opal10 (button) (small blind) collected ($5.88)
Seat 6: Auge72 (big blind) folded on the Flop


PokerStars Hand #171284495266:  Hold'em Limit ($3/$6 USD) - 2017/06/03 9:16:47 ET
Table 'Wotho II' 6-max Seat #6 is the button
Seat 1: Opal10 ($239.47 in chips)
Seat 6: Auge72 ($42.46 in chips)
Auge72: posts small blind $1
Opal10: posts big blind $3
*** HOLE CARDS ***
Auge72: folds
Uncalled bet ($2) returned to Opal10
Opal10 collected $2 from pot
Opal10: doesn't show hand
*** SUMMARY ***
Total pot $2 | Rake $0
Seat 1: Opal10 (big blind) collected ($2)
Seat 6: Auge72 (button) (small blind) folded before Flop


PokerStars Hand #171284488510:  Hold'em Limit ($3/$6 USD) - 2017/06/03 9:16:35 ET
Table 'Wotho II' 6-max Seat #1 is the button
Seat 1: Opal10 ($248.47 in chips)
Seat 6: Auge72 ($33.82 in chips)
Opal10: posts small blind $1
Auge72: posts big blind $3
*** HOLE CARDS ***
Opal10: calls $2
Auge72: raises $3 to $6
Opal10: calls $3
*** FLOP *** [Ts 9c 3c]
Auge72: bets $3
Opal10: calls $3
*** TURN *** [Ts 9c 3c] [Qh]
Auge72: bets $6
Opal10: folds
Uncalled bet ($6) returned to Auge72
Auge72 collected $17.64 from pot
Auge72: doesn't show hand
*** SUMMARY ***
Total pot $18 | Rake $0.36
Board [Ts 9c 3c Qh]
Seat 1: Opal10 (button) (small blind) folded on the Turn
Seat 6: Auge72 (big blind) collected ($17.64)


PokerStars Hand #171284481863:  Hold'em Limit ($3/$6 USD) - 2017/06/03 9:16:23 ET
Table 'Wotho II' 6-max Seat #6 is the button
Seat 1: Opal10 ($242.71 in chips)
Seat 6: Auge72 ($39.82 in chips)
Auge72: posts small blind $1
Opal10: posts big blind $3
*** HOLE CARDS ***
Auge72: calls $2
Opal10: checks
*** FLOP *** [5s Js 6s]
Opal10: bets $3
Auge72: calls $3
*** TURN *** [5s Js 6s] [Kc]
Opal10: bets $6
Auge72: folds
Uncalled bet ($6) returned to Opal10
Opal10 collected $11.76 from pot
Opal10: doesn't show hand
*** SUMMARY ***
Total pot $12 | Rake $0.24
Board [5s Js 6s Kc]
Seat 1: Opal10 (big blind) collected ($11.76)
Seat 6: Auge72 (button) (small blind) folded on the Turn


PokerStars Hand #171284475643:  Hold'em Limit ($3/$6 USD) - 2017/06/03 9:16:12 ET
Table 'Wotho II' 6-max Seat #1 is the button
Seat 1: Opal10 ($239.83 in chips)
Seat 6: Auge72 ($42.82 in chips)
Opal10: posts small blind $1
Auge72: posts big blind $3
*** HOLE CARDS ***
Opal10: calls $2
Auge72: checks
*** FLOP *** [5h Tc As]
Auge72: checks
Opal10: bets $3
Auge72: folds
Uncalled bet ($3) returned to Opal10
Opal10 collected $5.88 from pot
Opal10: doesn't show hand
*** SUMMARY ***
Total pot $6 | Rake $0.12
Board [5h Tc As]
Seat 1: Opal10 (button) (small blind) collected ($5.88)
Seat 6: Auge72 (big blind) folded on the Flop


PokerStars Hand #171284473074:  Hold'em Limit ($3/$6 USD) - 2017/06/03 9:16:08 ET
Table 'Wotho II' 6-max Seat #6 is the button
Seat 1: Opal10 ($238.83 in chips)
Seat 6: Auge72 ($43.82 in chips)
Auge72: posts small blind $1
Opal10: posts big blind $3
*** HOLE CARDS ***
Auge72: folds
Uncalled bet ($2) returned to Opal10
Opal10 collected $2 from pot
Opal10: doesn't show hand
*** SUMMARY ***
Total pot $2 | Rake $0
Seat 1: Opal10 (big blind) collected ($2)
Seat 6: Auge72 (button) (small blind) folded before Flop


PokerStars Hand #171284462396:  Hold'em Limit ($3/$6 USD) - 2017/06/03 9:15:49 ET
Table 'Wotho II' 6-max Seat #1 is the button
Seat 1: Opal10 ($241.83 in chips)
Seat 6: Auge72 ($40.94 in chips)
Opal10: posts small blind $1
Auge72: posts big blind $3
*** HOLE CARDS ***
Opal10: calls $2
Auge72: checks
*** FLOP *** [3d Ac 9s]
Auge72: checks
Opal10: checks
*** TURN *** [3d Ac 9s] [7d]
Auge72: checks
Opal10: checks
*** RIVER *** [3d Ac 9s 7d] [5d]
Auge72: bets $6
Opal10: folds
Uncalled bet ($6) returned to Auge72
Auge72 collected $5.88 from pot
Auge72: doesn't show hand
*** SUMMARY ***
Total pot $6 | Rake $0.12
Board [3d Ac 9s 7d 5d]
Seat 1: Opal10 (button) (small blind) folded on the River
Seat 6: Auge72 (big blind) collected ($5.88)


PokerStars Hand #171284531406:  Hold'em Limit ($3/$6 USD) - 2017/06/03 9:17:51 ET
Table 'Wotho II' 6-max Seat #6 is the button
Seat 1: Opal10 ($218.11 in chips)
Seat 6: Auge72 ($62.48 in chips)
Auge72: posts small blind $1
Opal10: posts big blind $3
*** HOLE CARDS ***
Auge72: folds
Uncalled bet ($2) returned to Opal10
Opal10 collected $2 from pot
Opal10: doesn't show hand
*** SUMMARY ***
Total pot $2 | Rake $0
Seat 1: Opal10 (big blind) collected ($2)
Seat 6: Auge72 (button) (small blind) folded before Flop


PokerStars Hand #171284522232:  Hold'em Limit ($3/$6 USD) - 2017/06/03 9:17:35 ET
Table 'Wotho II' 6-max Seat #1 is the button
Seat 1: Opal10 ($209.47 in chips)
Seat 6: Auge72 ($71.48 in chips)
Opal10: posts small blind $1
Auge72: posts big blind $3
*** HOLE CARDS ***
Opal10: calls $2
Auge72: checks
*** FLOP *** [Kc 2d Jd]
Auge72: checks
Opal10: checks
*** TURN *** [Kc 2d Jd] [4d]
Auge72: checks
Opal10: checks
*** RIVER *** [Kc 2d Jd 4d] [Qc]
Auge72: checks
Opal10: bets $6
Auge72: calls $6
*** SHOW DOWN ***
Opal10: shows [Js 4h] (two pair, Jacks and Fours)
Auge72: mucks hand
Opal10 collected $17.64 from pot
*** SUMMARY ***
Total pot $18 | Rake $0.36
Board [Kc 2d Jd 4d Qc]
Seat 1: Opal10 (button) (small blind) showed [Js 4h] and won ($17.64) with two pair, Jacks and Fours
Seat 6: Auge72 (big blind) mucked


PokerStars Hand #171284515356:  Hold'em Limit ($3/$6 USD) - 2017/06/03 9:17:23 ET
Table 'Wotho II' 6-max Seat #6 is the button
Seat 1: Opal10 ($215.47 in chips)
Seat 6: Auge72 ($65.72 in chips)
Auge72: posts small blind $1
Opal10: posts big blind $3
*** HOLE CARDS ***
Auge72: calls $2
Opal10: checks
*** FLOP *** [4h Kd 5s]
Opal10: bets $3
Auge72: calls $3
*** TURN *** [4h Kd 5s] [Tc]
Opal10: checks
Auge72: bets $6
Opal10: folds
Uncalled bet ($6) returned to Auge72
Auge72 collected $11.76 from pot
Auge72: doesn't show hand
*** SUMMARY ***
Total pot $12 | Rake $0.24
Board [4h Kd 5s Tc]
Seat 1: Opal10 (big blind) folded on the Turn
Seat 6: Auge72 (button) (small blind) collected ($11.76)


PokerStars Hand #171284512765:  Hold'em Limit ($3/$6 USD) - 2017/06/03 9:17:18 ET
Table 'Wotho II' 6-max Seat #1 is the button
Seat 1: Opal10 ($216.47 in chips)
Seat 6: Auge72 ($64.72 in chips)
Opal10: posts small blind $1
Auge72: posts big blind $3
*** HOLE CARDS ***
Opal10: folds
Uncalled bet ($2) returned to Auge72
Auge72 collected $2 from pot
Auge72: doesn't show hand
*** SUMMARY ***
Total pot $2 | Rake $0
Seat 1: Opal10 (button) (small blind) folded before Flop
Seat 6: Auge72 (big blind) collected ($2)


PokerStars Hand #171284497655:  Hold'em Limit ($3/$6 USD) - 2017/06/03 9:16:52 ET
Table 'Wotho II' 6-max Seat #1 is the button
Seat 1: Opal10 ($240.47 in chips)
Seat 6: Auge72 ($41.46 in chips)
Opal10: posts small blind $1
Auge72: posts big blind $3
*** HOLE CARDS ***
Opal10: raises $3 to $6
Auge72: raises $3 to $9
Opal10: calls $3
*** FLOP *** [Qh Jc Td]
Auge72: bets $3
Opal10: calls $3
*** TURN *** [Qh Jc Td] [Tc]
Auge72: bets $6
Opal10: calls $6
*** RIVER *** [Qh Jc Td Tc] [4d]
Auge72: checks
Opal10: checks
*** SHOW DOWN ***
Auge72: shows [8s 8c] (two pair, Tens and Eights)
Opal10: mucks hand
Auge72 collected $35.50 from pot
*** SUMMARY ***
Total pot $36 | Rake $0.50
Board [Qh Jc Td Tc 4d]
Seat 1: Opal10 (button) (small blind) mucked
Seat 6: Auge72 (big blind) showed [8s 8c] and won ($35.50) with two pair, Tens and Eights


PokerStars Hand #171284505785:  Hold'em Limit ($3/$6 USD) - 2017/06/03 9:17:06 ET
Table 'Wotho II' 6-max Seat #6 is the button
Seat 1: Opal10 ($222.47 in chips)
Seat 6: Auge72 ($58.96 in chips)
Auge72: posts small blind $1
Opal10: posts big blind $3
*** HOLE CARDS ***
Auge72: calls $2
Opal10: checks
*** FLOP *** [Qc Kd Kc]
Opal10: bets $3
Auge72: calls $3
*** TURN *** [Qc Kd Kc] [6c]
Opal10: checks
Auge72: bets $6
Opal10: folds
Uncalled bet ($6) returned to Auge72
Auge72 collected $11.76 from pot
Auge72: doesn't show hand
*** SUMMARY ***
Total pot $12 | Rake $0.24
Board [Qc Kd Kc 6c]
Seat 1: Opal10 (big blind) folded on the Turn
Seat 6: Auge72 (button) (small blind) collected ($11.76)


PokerStars Hand #171284533774:  Hold'em Limit ($3/$6 USD) - 2017/06/03 9:17:55 ET
Table 'Wotho II' 6-max Seat #1 is the button
Seat 1: Opal10 ($219.11 in chips)
Seat 6: Auge72 ($61.48 in chips)
Opal10: posts small blind $1
Auge72: posts big blind $3
*** HOLE CARDS ***
Opal10: calls $2
Auge72: raises $3 to $6
Opal10: calls $3
*** FLOP *** [9c Td 6h]
Auge72: bets $3
Opal10: raises $3 to $6
Auge72: calls $3
*** TURN *** [9c Td 6h] [4s]
Auge72: checks
Opal10: bets $6
Auge72: calls $6
*** RIVER *** [9c Td 6h 4s] [7d]
Auge72: bets $6
Opal10: raises $6 to $12
Auge72: raises $6 to $18
Opal10: calls $6
*** SHOW DOWN ***
Auge72: shows [Kd 8h] (a straight, Six to Ten)
Opal10: mucks hand
Auge72 collected $71.50 from pot
*** SUMMARY ***
Total pot $72 | Rake $0.50
Board [9c Td 6h 4s 7d]
Seat 1: Opal10 (button) (small blind) mucked
Seat 6: Auge72 (big blind) showed [Kd 8h] and won ($71.50) with a straight, Six to Ten


PokerStars Hand #171284542572:  Hold'em Limit ($3/$6 USD) - 2017/06/03 9:18:11 ET
Table 'Wotho II' 6-max Seat #6 is the button
Seat 1: Opal10 ($183.11 in chips)
Seat 6: Auge72 ($96.98 in chips)
Auge72: posts small blind $1
Opal10: posts big blind $3
*** HOLE CARDS ***
Auge72: raises $3 to $6
Opal10: raises $3 to $9
Auge72: raises $3 to $12
Betting is capped
Opal10: calls $3
*** FLOP *** [9d 8h Qd]
Opal10: bets $3
Auge72: calls $3
*** TURN *** [9d 8h Qd] [6s]
Opal10: bets $6
Auge72: calls $6
*** RIVER *** [9d 8h Qd 6s] [Td]
Opal10: bets $6
Auge72: calls $6
*** SHOW DOWN ***
Opal10: shows [As Kd] (high card Ace)
Auge72: shows [Ts 9s] (two pair, Tens and Nines)
Auge72 collected $53.50 from pot
*** SUMMARY ***
Total pot $54 | Rake $0.50
Board [9d 8h Qd 6s Td]
Seat 1: Opal10 (big blind) showed [As Kd] and lost with high card Ace
Seat 6: Auge72 (button) (small blind) showed [Ts 9s] and won ($53.50) with two pair, Tens and Nines


PokerStars Hand #171284550691:  Hold'em Limit ($3/$6 USD) - 2017/06/03 9:18:26 ET
Table 'Wotho II' 6-max Seat #1 is the button
Seat 1: Opal10 ($156.11 in chips)
Seat 6: Auge72 ($123.48 in chips)
Opal10: posts small blind $1
Auge72: posts big blind $3
*** HOLE CARDS ***
Opal10: calls $2
Auge72: checks
*** FLOP *** [6s 3d Jd]
Auge72: bets $3
Opal10: raises $3 to $6
Auge72: calls $3
*** TURN *** [6s 3d Jd] [Th]
Auge72: checks
Opal10: bets $6
Auge72: calls $6
*** RIVER *** [6s 3d Jd Th] [Kc]
Auge72: checks
Opal10: bets $6
Auge72: folds
Uncalled bet ($6) returned to Opal10
Opal10 collected $29.50 from pot
Opal10: doesn't show hand
*** SUMMARY ***
Total pot $30 | Rake $0.50
Board [6s 3d Jd Th Kc]
Seat 1: Opal10 (button) (small blind) collected ($29.50)
Seat 6: Auge72 (big blind) folded on the River


PokerStars Hand #171284558614:  Hold'em Limit ($3/$6 USD) - 2017/06/03 9:18:40 ET
Table 'Wotho II' 6-max Seat #6 is the button
Seat 1: Opal10 ($170.61 in chips)
Seat 6: Auge72 ($108.48 in chips)
Auge72: posts small blind $1
Opal10: posts big blind $3
*** HOLE CARDS ***
Auge72: raises $3 to $6
Opal10: calls $3
*** FLOP *** [5h Jc 6h]
Opal10: bets $3
Auge72: raises $3 to $6
Opal10: calls $3
*** TURN *** [5h Jc 6h] [3h]
Opal10: checks
Auge72: bets $6
Opal10: folds
Uncalled bet ($6) returned to Auge72
Auge72 collected $23.52 from pot
Auge72: doesn't show hand
*** SUMMARY ***
Total pot $24 | Rake $0.48
Board [5h Jc 6h 3h]
Seat 1: Opal10 (big blind) folded on the Turn
Seat 6: Auge72 (button) (small blind) collected ($23.52)


PokerStars Hand #171284576965:  Hold'em Limit ($3/$6 USD) - 2017/06/03 9:19:13 ET
Table 'Wotho II' 6-max Seat #6 is the button
Seat 1: Opal10 ($152.61 in chips)
Seat 6: Auge72 ($125.76 in chips)
Auge72: posts small blind $1
Opal10: posts big blind $3
*** HOLE CARDS ***
Auge72: folds
Uncalled bet ($2) returned to Opal10
Opal10 collected $2 from pot
Opal10: doesn't show hand
*** SUMMARY ***
Total pot $2 | Rake $0
Seat 1: Opal10 (big blind) collected ($2)
Seat 6: Auge72 (button) (small blind) folded before Flop


PokerStars Hand #171284571087:  Hold'em Limit ($3/$6 USD) - 2017/06/03 9:19:02 ET
Table 'Wotho II' 6-max Seat #1 is the button
Seat 1: Opal10 ($158.61 in chips)
Seat 6: Auge72 ($120 in chips)
Opal10: posts small blind $1
Auge72: posts big blind $3
*** HOLE CARDS ***
Opal10: calls $2
Auge72: raises $3 to $6
Opal10: calls $3
*** FLOP *** [Ks 2c As]
Auge72: checks
Opal10: checks
*** TURN *** [Ks 2c As] [2h]
Auge72: bets $6
Opal10: folds
Uncalled bet ($6) returned to Auge72
Auge72 collected $11.76 from pot
Auge72: doesn't show hand
*** SUMMARY ***
Total pot $12 | Rake $0.24
Board [Ks 2c As 2h]
Seat 1: Opal10 (button) (small blind) folded on the Turn
Seat 6: Auge72 (big blind) collected ($11.76)


PokerStars Hand #171284579466:  Hold'em Limit ($3/$6 USD) - 2017/06/03 9:19:17 ET
Table 'Wotho II' 6-max Seat #1 is the button
Seat 1: Opal10 ($153.61 in chips)
Seat 6: Auge72 ($124.76 in chips)
Opal10: posts small blind $1
Auge72: posts big blind $3
*** HOLE CARDS ***
Opal10: raises $3 to $6
Auge72: folds
Uncalled bet ($3) returned to Opal10
Opal10 collected $6 from pot
Opal10: doesn't show hand
*** SUMMARY ***
Total pot $6 | Rake $0
Seat 1: Opal10 (button) (small blind) collected ($6)
Seat 6: Auge72 (big blind) folded before Flop


PokerStars Hand #171284582549:  Hold'em Limit ($3/$6 USD) - 2017/06/03 9:19:23 ET
Table 'Wotho II' 6-max Seat #6 is the button
Seat 1: Opal10 ($156.61 in chips)
Seat 6: Auge72 ($121.76 in chips)
Auge72: posts small blind $1
Opal10: posts big blind $3
*** HOLE CARDS ***
Auge72: raises $3 to $6
Opal10: calls $3
*** FLOP *** [3s Ad 6h]
Opal10: bets $3
Auge72: raises $3 to $6
Opal10: calls $3
*** TURN *** [3s Ad 6h] [Jd]
Opal10: bets $6
Auge72: calls $6
*** RIVER *** [3s Ad 6h Jd] [Qd]
Opal10: bets $6
Auge72: folds
Uncalled bet ($6) returned to Opal10
Opal10 collected $35.50 from pot
Opal10: doesn't show hand
*** SUMMARY ***
Total pot $36 | Rake $0.50
Board [3s Ad 6h Jd Qd]
Seat 1: Opal10 (big blind) collected ($35.50)
Seat 6: Auge72 (button) (small blind) folded on the River


PokerStars Hand #171284595820:  Hold'em Limit ($3/$6 USD) - 2017/06/03 9:19:46 ET
Table 'Wotho II' 6-max Seat #6 is the button
Seat 1: Opal10 ($176.99 in chips)
Seat 6: Auge72 ($100.76 in chips)
Auge72: posts small blind $1
Opal10: posts big blind $3
*** HOLE CARDS ***
Auge72: folds
Uncalled bet ($2) returned to Opal10
Opal10 collected $2 from pot
Opal10: doesn't show hand
*** SUMMARY ***
Total pot $2 | Rake $0
Seat 1: Opal10 (big blind) collected ($2)
Seat 6: Auge72 (button) (small blind) folded before Flop


PokerStars Hand #171284591025:  Hold'em Limit ($3/$6 USD) - 2017/06/03 9:19:38 ET
Table 'Wotho II' 6-max Seat #1 is the button
Seat 1: Opal10 ($174.11 in chips)
Seat 6: Auge72 ($103.76 in chips)
Opal10: posts small blind $1
Auge72: posts big blind $3
*** HOLE CARDS ***
Opal10: calls $2
Auge72: checks
*** FLOP *** [Qh 9s 7d]
Auge72: checks
Opal10: bets $3
Auge72: folds
Uncalled bet ($3) returned to Opal10
Opal10 collected $5.88 from pot
Opal10: doesn't show hand
*** SUMMARY ***
Total pot $6 | Rake $0.12
Board [Qh 9s 7d]
Seat 1: Opal10 (button) (small blind) collected ($5.88)
Seat 6: Auge72 (big blind) folded on the Flop


PokerStars Hand #171284598252:  Hold'em Limit ($3/$6 USD) - 2017/06/03 9:19:51 ET
Table 'Wotho II' 6-max Seat #1 is the button
Seat 1: Opal10 ($177.99 in chips)
Seat 6: Auge72 ($99.76 in chips)
Opal10: posts small blind $1
Auge72: posts big blind $3
*** HOLE CARDS ***
Opal10: calls $2
Auge72: checks
*** FLOP *** [8h 8c Kc]
Auge72: checks
Opal10: bets $3
Auge72: folds
Uncalled bet ($3) returned to Opal10
Opal10 collected $5.88 from pot
Opal10: doesn't show hand
*** SUMMARY ***
Total pot $6 | Rake $0.12
Board [8h 8c Kc]
Seat 1: Opal10 (button) (small blind) collected ($5.88)
Seat 6: Auge72 (big blind) folded on the Flop


PokerStars Hand #171284626058:  Hold'em Limit ($3/$6 USD) - 2017/06/03 9:20:40 ET
Table 'Wotho II' 6-max Seat #6 is the button
Seat 1: Opal10 ($219.75 in chips)
Seat 6: Auge72 ($56.76 in chips)
Auge72: posts small blind $1
Opal10: posts big blind $3
*** HOLE CARDS ***
Auge72: raises $3 to $6
Opal10: calls $3
*** FLOP *** [9s Js 8d]
Opal10: bets $3
Auge72: raises $3 to $6
Opal10: calls $3
*** TURN *** [9s Js 8d] [5h]
Opal10: bets $6
Auge72: raises $6 to $12
Opal10: calls $6
*** RIVER *** [9s Js 8d 5h] [As]
Opal10: bets $6
Auge72: raises $6 to $12
Opal10: calls $6
*** SHOW DOWN ***
Auge72: shows [7h Td] (a straight, Seven to Jack)
Opal10: mucks hand
Auge72 collected $71.50 from pot
*** SUMMARY ***
Total pot $72 | Rake $0.50
Board [9s Js 8d 5h As]
Seat 1: Opal10 (big blind) mucked
Seat 6: Auge72 (button) (small blind) showed [7h Td] and won ($71.50) with a straight, Seven to Jack


PokerStars Hand #171284603117:  Hold'em Limit ($3/$6 USD) - 2017/06/03 9:19:59 ET
Table 'Wotho II' 6-max Seat #6 is the button
Seat 1: Opal10 ($180.87 in chips)
Seat 6: Auge72 ($96.76 in chips)
Auge72: posts small blind $1
Opal10: posts big blind $3
*** HOLE CARDS ***
Auge72: folds
Uncalled bet ($2) returned to Opal10
Opal10 collected $2 from pot
Opal10: doesn't show hand
*** SUMMARY ***
Total pot $2 | Rake $0
Seat 1: Opal10 (big blind) collected ($2)
Seat 6: Auge72 (button) (small blind) folded before Flop


PokerStars Hand #171284605686:  Hold'em Limit ($3/$6 USD) - 2017/06/03 9:20:04 ET
Table 'Wotho II' 6-max Seat #1 is the button
Seat 1: Opal10 ($181.87 in chips)
Seat 6: Auge72 ($95.76 in chips)
Opal10: posts small blind $1
Auge72: posts big blind $3
*** HOLE CARDS ***
Opal10: calls $2
Auge72: checks
*** FLOP *** [3d 3c Ac]
Auge72: checks
Opal10: checks
*** TURN *** [3d 3c Ac] [Ts]
Auge72: bets $6
Opal10: calls $6
*** RIVER *** [3d 3c Ac Ts] [Qs]
Auge72: bets $6
Opal10: raises $6 to $12
Auge72: folds
Uncalled bet ($6) returned to Opal10
Opal10 collected $29.50 from pot
Opal10: doesn't show hand
*** SUMMARY ***
Total pot $30 | Rake $0.50
Board [3d 3c Ac Ts Qs]
Seat 1: Opal10 (button) (small blind) collected ($29.50)
Seat 6: Auge72 (big blind) folded on the River


PokerStars Hand #171284613456:  Hold'em Limit ($3/$6 USD) - 2017/06/03 9:20:18 ET
Table 'Wotho II' 6-max Seat #6 is the button
Seat 1: Opal10 ($196.37 in chips)
Seat 6: Auge72 ($80.76 in chips)
Auge72: posts small blind $1
Opal10: posts big blind $3
*** HOLE CARDS ***
Auge72: raises $3 to $6
Opal10: calls $3
*** FLOP *** [7s Ts 6d]
Opal10: checks
Auge72: bets $3
Opal10: calls $3
*** TURN *** [7s Ts 6d] [4c]
Opal10: bets $6
Auge72: calls $6
*** RIVER *** [7s Ts 6d 4c] [3d]
Opal10: bets $6
Auge72: calls $6
*** SHOW DOWN ***
Opal10: shows [9d Th] (a pair of Tens)
Auge72: mucks hand
Opal10 collected $41.50 from pot
*** SUMMARY ***
Total pot $42 | Rake $0.50
Board [7s Ts 6d 4c 3d]
Seat 1: Opal10 (big blind) showed [9d Th] and won ($41.50) with a pair of Tens
Seat 6: Auge72 (button) (small blind) mucked


PokerStars Hand #171284621420:  Hold'em Limit ($3/$6 USD) - 2017/06/03 9:20:32 ET
Table 'Wotho II' 6-max Seat #1 is the button
Seat 1: Opal10 ($216.87 in chips)
Seat 6: Auge72 ($59.76 in chips)
Opal10: posts small blind $1
Auge72: posts big blind $3
*** HOLE CARDS ***
Opal10: calls $2
Auge72: checks
*** FLOP *** [2h Ac Qh]
Auge72: checks
Opal10: bets $3
Auge72: folds
Uncalled bet ($3) returned to Opal10
Opal10 collected $5.88 from pot
Opal10: doesn't show hand
*** SUMMARY ***
Total pot $6 | Rake $0.12
Board [2h Ac Qh]
Seat 1: Opal10 (button) (small blind) collected ($5.88)
Seat 6: Auge72 (big blind) folded on the Flop


PokerStars Hand #171284635587:  Hold'em Limit ($3/$6 USD) - 2017/06/03 9:20:57 ET
Table 'Wotho II' 6-max Seat #1 is the button
Seat 1: Opal10 ($183.75 in chips)
Seat 6: Auge72 ($92.26 in chips)
Opal10: posts small blind $1
Auge72: posts big blind $3
*** HOLE CARDS ***
Opal10: calls $2
Auge72: raises $3 to $6
Opal10: calls $3
*** FLOP *** [Ts 2h 7c]
Auge72: checks
Opal10: checks
*** TURN *** [Ts 2h 7c] [7s]
Auge72: checks
Opal10: checks
*** RIVER *** [Ts 2h 7c 7s] [3d]
Auge72: checks
Opal10: checks
ranapacheca joins the table at seat #3
*** SHOW DOWN ***
Auge72: shows [Kd 8d] (a pair of Sevens)
Opal10: shows [5s 3s] (two pair, Sevens and Threes)
Opal10 collected $11.76 from pot
*** SUMMARY ***
Total pot $12 | Rake $0.24
Board [Ts 2h 7c 7s 3d]
Seat 1: Opal10 (button) (small blind) showed [5s 3s] and won ($11.76) with two pair, Sevens and Threes
Seat 6: Auge72 (big blind) showed [Kd 8d] and lost with a pair of Sevens


PokerStars Hand #171284643880:  Hold'em Limit ($3/$6 USD) - 2017/06/03 9:21:11 ET
Table 'Wotho II' 6-max Seat #6 is the button
Seat 1: Opal10 ($189.51 in chips)
Seat 6: Auge72 ($86.26 in chips)
Auge72: posts small blind $1
Opal10: posts big blind $3
*** HOLE CARDS ***
Auge72: raises $3 to $6
Opal10: raises $3 to $9
Auge72: calls $3
*** FLOP *** [Js 3h Td]
Opal10: bets $3
Auge72: folds
Uncalled bet ($3) returned to Opal10
Opal10 collected $17.64 from pot
Opal10: doesn't show hand
*** SUMMARY ***
Total pot $18 | Rake $0.36
Board [Js 3h Td]
Seat 1: Opal10 (big blind) collected ($17.64)
Seat 6: Auge72 (button) (small blind) folded on the Flop


PokerStars Hand #171288878634:  Hold'em Limit ($3/$6 USD) - 2017/06/03 11:19:02 ET
Table 'Wotho II' 6-max Seat #3 is the button
Seat 3: afghan_321 ($242.74 in chips)
Seat 4: WSpieler ($393.67 in chips)
afghan_321: posts small blind $1
WSpieler: posts big blind $3
*** HOLE CARDS ***
afghan_321: raises $3 to $6
WSpieler: folds
Uncalled bet ($3) returned to afghan_321
afghan_321 collected $6 from pot
*** SUMMARY ***
Total pot $6 | Rake $0
Seat 3: afghan_321 (button) (small blind) collected ($6)
Seat 4: WSpieler (big blind) folded before Flop


PokerStars Hand #171288875254:  Hold'em Limit ($3/$6 USD) - 2017/06/03 11:18:57 ET
Table 'Wotho II' 6-max Seat #4 is the button
Seat 3: afghan_321 ($241.74 in chips)
Seat 4: WSpieler ($394.67 in chips)
WSpieler: posts small blind $1
afghan_321: posts big blind $3
*** HOLE CARDS ***
Rus29APX joins the table at seat #5
WSpieler: folds
Uncalled bet ($2) returned to afghan_321
afghan_321 collected $2 from pot
*** SUMMARY ***
Total pot $2 | Rake $0
Seat 3: afghan_321 (big blind) collected ($2)
Seat 4: WSpieler (button) (small blind) folded before Flop


PokerStars Hand #171289721386:  Hold'em Limit ($3/$6 USD) - 2017/06/03 11:41:01 ET
Table 'Wotho II' 6-max Seat #1 is the button
Seat 1: kikiriki ($69.59 in chips)
Seat 5: Rus29APX ($142.85 in chips)
kikiriki: posts small blind $1
EVBET: is sitting out
EVBET leaves the table
Rus29APX: posts big blind $3
*** HOLE CARDS ***
kikiriki: raises $3 to $6
Rus29APX: calls $3
*** FLOP *** [Td 2c 3s]
Rus29APX: checks
kikiriki: bets $3
Rus29APX: folds
Uncalled bet ($3) returned to kikiriki
kikiriki collected $11.76 from pot
kikiriki: doesn't show hand
*** SUMMARY ***
Total pot $12 | Rake $0.24
Board [Td 2c 3s]
Seat 1: kikiriki (button) (small blind) collected ($11.76)
Seat 5: Rus29APX (big blind) folded on the Flop


PokerStars Hand #171289729361:  Hold'em Limit ($3/$6 USD) - 2017/06/03 11:41:13 ET
Table 'Wotho II' 6-max Seat #5 is the button
Seat 1: kikiriki ($75.35 in chips)
Seat 5: Rus29APX ($136.85 in chips)
Rus29APX: posts small blind $1
kikiriki: posts big blind $3
*** HOLE CARDS ***
Rus29APX: raises $3 to $6
kikiriki: raises $3 to $9
Rus29APX: calls $3
*** FLOP *** [6h 2s 9h]
kikiriki: bets $3
Rus29APX: raises $3 to $6
kikiriki: raises $3 to $9
Rus29APX: calls $3
*** TURN *** [6h 2s 9h] [Js]
kikiriki: bets $6
Rus29APX: calls $6
*** RIVER *** [6h 2s 9h Js] [5h]
kikiriki: checks
Rus29APX: bets $6
kikiriki: calls $6
*** SHOW DOWN ***
Rus29APX: shows [8h 7d] (a straight, Five to Nine)
kikiriki: mucks hand
Rus29APX collected $59.50 from pot
*** SUMMARY ***
Total pot $60 | Rake $0.50
Board [6h 2s 9h Js 5h]
Seat 1: kikiriki (big blind) mucked
Seat 5: Rus29APX (button) (small blind) showed [8h 7d] and won ($59.50) with a straight, Five to Nine


PokerStars Hand #171289750365:  Hold'em Limit ($3/$6 USD) - 2017/06/03 11:41:46 ET
Table 'Wotho II' 6-max Seat #1 is the button
Seat 1: kikiriki ($45.35 in chips)
Seat 5: Rus29APX ($166.35 in chips)
kikiriki: posts small blind $1
Rus29APX: posts big blind $3
*** HOLE CARDS ***
kikiriki: raises $3 to $6
Rus29APX: raises $3 to $9
kikiriki: calls $3
*** FLOP *** [8d 7c 9c]
Rus29APX: bets $3
kikiriki: raises $3 to $6
Rus29APX: raises $3 to $9
kikiriki: raises $3 to $12
Betting is capped
Rus29APX: calls $3
*** TURN *** [8d 7c 9c] [9h]
Rus29APX: checks
kikiriki: checks
*** RIVER *** [8d 7c 9c 9h] [Th]
Rus29APX: bets $6
kikiriki: folds
Uncalled bet ($6) returned to Rus29APX
Rus29APX collected $41.50 from pot
Rus29APX: doesn't show hand
*** SUMMARY ***
Total pot $42 | Rake $0.50
Board [8d 7c 9c 9h Th]
Seat 1: kikiriki (button) (small blind) folded on the River
Seat 5: Rus29APX (big blind) collected ($41.50)


PokerStars Hand #171289799819:  Hold'em Limit ($3/$6 USD) - 2017/06/03 11:43:04 ET
Table 'Wotho II' 6-max Seat #1 is the button
Seat 1: kikiriki ($48.20 in chips)
Seat 5: Rus29APX ($162.50 in chips)
kikiriki: posts small blind $1
Rus29APX: posts big blind $3
*** HOLE CARDS ***
kikiriki: folds
Uncalled bet ($2) returned to Rus29APX
Rus29APX collected $2 from pot
Rus29APX: doesn't show hand
*** SUMMARY ***
Total pot $2 | Rake $0
Seat 1: kikiriki (button) (small blind) folded before Flop
Seat 5: Rus29APX (big blind) collected ($2)


PokerStars Hand #171289777452:  Hold'em Limit ($3/$6 USD) - 2017/06/03 11:42:29 ET
Table 'Wotho II' 6-max Seat #5 is the button
Seat 1: kikiriki ($24.35 in chips)
Seat 5: Rus29APX ($186.85 in chips)
Rus29APX: posts small blind $1
kikiriki: posts big blind $3
*** HOLE CARDS ***
Rus29APX: raises $3 to $6
kikiriki: calls $3
*** FLOP *** [Jd 5s Td]
kikiriki: checks
Rus29APX: bets $3
kikiriki: calls $3
*** TURN *** [Jd 5s Td] [8c]
kikiriki: checks
Rus29APX: bets $6
kikiriki: calls $6
*** RIVER *** [Jd 5s Td 8c] [5h]
kikiriki: checks
Rus29APX: bets $6
kikiriki: raises $3.35 to $9.35 and is all-in
Rus29APX: calls $3.35
*** SHOW DOWN ***
kikiriki: shows [5c 6c] (three of a kind, Fives)
Rus29APX: shows [Js 6d] (two pair, Jacks and Fives)
kikiriki collected $48.20 from pot
*** SUMMARY ***
Total pot $48.70 | Rake $0.50
Board [Jd 5s Td 8c 5h]
Seat 1: kikiriki (big blind) showed [5c 6c] and won ($48.20) with three of a kind, Fives
Seat 5: Rus29APX (button) (small blind) showed [Js 6d] and lost with two pair, Jacks and Fives


PokerStars Hand #171289836441:  Hold'em Limit ($3/$6 USD) - 2017/06/03 11:44:01 ET
Table 'Wotho II' 6-max Seat #1 is the button
Seat 1: kikiriki ($78.70 in chips)
Seat 5: Rus29APX ($131.50 in chips)
kikiriki: posts small blind $1
Rus29APX: posts big blind $3
*** HOLE CARDS ***
kikiriki: raises $3 to $6
Rus29APX: calls $3
*** FLOP *** [6c Ts Ks]
Rus29APX: checks
kikiriki: bets $3
Rus29APX: folds
Uncalled bet ($3) returned to kikiriki
kikiriki collected $11.76 from pot
kikiriki: doesn't show hand
*** SUMMARY ***
Total pot $12 | Rake $0.24
Board [6c Ts Ks]
Seat 1: kikiriki (button) (small blind) collected ($11.76)
Seat 5: Rus29APX (big blind) folded on the Flop


PokerStars Hand #171289828580:  Hold'em Limit ($3/$6 USD) - 2017/06/03 11:43:49 ET
Table 'Wotho II' 6-max Seat #5 is the button
Seat 1: kikiriki ($81.70 in chips)
Seat 5: Rus29APX ($128.50 in chips)
Rus29APX: posts small blind $1
kikiriki: posts big blind $3
*** HOLE CARDS ***
Rus29APX: raises $3 to $6
kikiriki: folds
Uncalled bet ($3) returned to Rus29APX
Rus29APX collected $6 from pot
Rus29APX: doesn't show hand
*** SUMMARY ***
Total pot $6 | Rake $0
Seat 1: kikiriki (big blind) folded before Flop
Seat 5: Rus29APX (button) (small blind) collected ($6)


PokerStars Hand #171289824623:  Hold'em Limit ($3/$6 USD) - 2017/06/03 11:43:42 ET
Table 'Wotho II' 6-max Seat #1 is the button
Seat 1: kikiriki ($82.70 in chips)
Seat 5: Rus29APX ($127.50 in chips)
kikiriki: posts small blind $1
Rus29APX: posts big blind $3
*** HOLE CARDS ***
kikiriki: folds
Uncalled bet ($2) returned to Rus29APX
Rus29APX collected $2 from pot
Rus29APX: doesn't show hand
*** SUMMARY ***
Total pot $2 | Rake $0
Seat 1: kikiriki (button) (small blind) folded before Flop
Seat 5: Rus29APX (big blind) collected ($2)


PokerStars Hand #171289803325:  Hold'em Limit ($3/$6 USD) - 2017/06/03 11:43:09 ET
Table 'Wotho II' 6-max Seat #5 is the button
Seat 1: kikiriki ($47.20 in chips)
Seat 5: Rus29APX ($163.50 in chips)
Rus29APX: posts small blind $1
kikiriki: posts big blind $3
*** HOLE CARDS ***
Rus29APX: raises $3 to $6
kikiriki: raises $3 to $9
Rus29APX: calls $3
*** FLOP *** [4s Ah Qd]
kikiriki: bets $3
Rus29APX: calls $3
*** TURN *** [4s Ah Qd] [3s]
kikiriki: bets $6
Rus29APX: raises $6 to $12
kikiriki: raises $6 to $18
Rus29APX: calls $6
*** RIVER *** [4s Ah Qd 3s] [Qs]
kikiriki: bets $6
Rus29APX: calls $6
*** SHOW DOWN ***
kikiriki: shows [Ks Ad] (two pair, Aces and Queens)
Rus29APX: mucks hand
kikiriki collected $71.50 from pot
*** SUMMARY ***
Total pot $72 | Rake $0.50
Board [4s Ah Qd 3s Qs]
Seat 1: kikiriki (big blind) showed [Ks Ad] and won ($71.50) with two pair, Aces and Queens
Seat 5: Rus29APX (button) (small blind) mucked


PokerStars Hand #171289891383:  Hold'em Limit ($3/$6 USD) - 2017/06/03 11:45:26 ET
Table 'Wotho II' 6-max Seat #1 is the button
Seat 1: kikiriki ($84.10 in chips)
Seat 5: Rus29APX ($125.26 in chips)
kikiriki: posts small blind $1
Rus29APX: posts big blind $3
*** HOLE CARDS ***
kikiriki: folds
Uncalled bet ($2) returned to Rus29APX
Rus29APX collected $2 from pot
Rus29APX: doesn't show hand
*** SUMMARY ***
Total pot $2 | Rake $0
Seat 1: kikiriki (button) (small blind) folded before Flop
Seat 5: Rus29APX (big blind) collected ($2)


PokerStars Hand #171289887032:  Hold'em Limit ($3/$6 USD) - 2017/06/03 11:45:19 ET
Table 'Wotho II' 6-max Seat #5 is the button
Seat 1: kikiriki ($87.10 in chips)
Seat 5: Rus29APX ($122.26 in chips)
Rus29APX: posts small blind $1
kikiriki: posts big blind $3
*** HOLE CARDS ***
Rus29APX: raises $3 to $6
kikiriki: folds
Uncalled bet ($3) returned to Rus29APX
Rus29APX collected $6 from pot
Rus29APX: doesn't show hand
*** SUMMARY ***
Total pot $6 | Rake $0
Seat 1: kikiriki (big blind) folded before Flop
Seat 5: Rus29APX (button) (small blind) collected ($6)


PokerStars Hand #171289867782:  Hold'em Limit ($3/$6 USD) - 2017/06/03 11:44:49 ET
Table 'Wotho II' 6-max Seat #1 is the button
Seat 1: kikiriki ($78.46 in chips)
Seat 5: Rus29APX ($131.26 in chips)
kikiriki: posts small blind $1
Rus29APX: posts big blind $3
*** HOLE CARDS ***
kikiriki: raises $3 to $6
Rus29APX: calls $3
*** FLOP *** [Jd 3d Th]
Rus29APX: checks
kikiriki: bets $3
Rus29APX: calls $3
*** TURN *** [Jd 3d Th] [Kc]
Rus29APX: checks
kikiriki: bets $6
Rus29APX: folds
Uncalled bet ($6) returned to kikiriki
kikiriki collected $17.64 from pot
kikiriki: doesn't show hand
*** SUMMARY ***
Total pot $18 | Rake $0.36
Board [Jd 3d Th Kc]
Seat 1: kikiriki (button) (small blind) collected ($17.64)
Seat 5: Rus29APX (big blind) folded on the Turn


PokerStars Hand #171289851940:  Hold'em Limit ($3/$6 USD) - 2017/06/03 11:44:25 ET
Table 'Wotho II' 6-max Seat #5 is the button
Seat 1: kikiriki ($84.46 in chips)
Seat 5: Rus29APX ($125.50 in chips)
Rus29APX: posts small blind $1
kikiriki: posts big blind $3
*** HOLE CARDS ***
Rus29APX: raises $3 to $6
kikiriki: calls $3
*** FLOP *** [2s As Ah]
kikiriki: checks
Rus29APX: bets $3
kikiriki: folds
Uncalled bet ($3) returned to Rus29APX
Rus29APX collected $11.76 from pot
Rus29APX: doesn't show hand
*** SUMMARY ***
Total pot $12 | Rake $0.24
Board [2s As Ah]
Seat 1: kikiriki (big blind) folded on the Flop
Seat 5: Rus29APX (button) (small blind) collected ($11.76)


PokerStars Hand #171289908052:  Hold'em Limit ($3/$6 USD) - 2017/06/03 11:45:51 ET
Table 'Wotho II' 6-max Seat #5 is the button
Seat 1: kikiriki ($83.10 in chips)
Seat 5: Rus29APX ($126.26 in chips)
Rus29APX: posts small blind $1
kikiriki: posts big blind $3
*** HOLE CARDS ***
Rus29APX: raises $3 to $6
kikiriki: calls $3
*** FLOP *** [Jh 6d 6h]
kikiriki: checks
Rus29APX: bets $3
kikiriki: calls $3
*** TURN *** [Jh 6d 6h] [6c]
kikiriki: checks
Rus29APX: checks
*** RIVER *** [Jh 6d 6h 6c] [6s]
kikiriki: checks
Rus29APX: checks
*** SHOW DOWN ***
kikiriki: shows [Ks 7s] (four of a kind, Sixes)
Rus29APX: mucks hand
kikiriki collected $17.64 from pot
*** SUMMARY ***
Total pot $18 | Rake $0.36
Board [Jh 6d 6h 6c 6s]
Seat 1: kikiriki (big blind) showed [Ks 7s] and won ($17.64) with four of a kind, Sixes
Seat 5: Rus29APX (button) (small blind) mucked


PokerStars Hand #171289898847:  Hold'em Limit ($3/$6 USD) - 2017/06/03 11:45:37 ET
Table 'Wotho II' 6-max Seat #1 is the button
Seat 1: kikiriki ($80.10 in chips)
Seat 5: Rus29APX ($129.26 in chips)
kikiriki: posts small blind $1
Rus29APX: posts big blind $3
*** HOLE CARDS ***
kikiriki: raises $3 to $6
Rus29APX: folds
Uncalled bet ($3) returned to kikiriki
kikiriki collected $6 from pot
kikiriki: doesn't show hand
*** SUMMARY ***
Total pot $6 | Rake $0
Seat 1: kikiriki (button) (small blind) collected ($6)
Seat 5: Rus29APX (big blind) folded before Flop


PokerStars Hand #171289895184:  Hold'em Limit ($3/$6 USD) - 2017/06/03 11:45:32 ET
Table 'Wotho II' 6-max Seat #5 is the button
Seat 1: kikiriki ($83.10 in chips)
Seat 5: Rus29APX ($126.26 in chips)
Rus29APX: posts small blind $1
kikiriki: posts big blind $3
*** HOLE CARDS ***
Rus29APX: raises $3 to $6
kikiriki: folds
Uncalled bet ($3) returned to Rus29APX
Rus29APX collected $6 from pot
Rus29APX: doesn't show hand
*** SUMMARY ***
Total pot $6 | Rake $0
Seat 1: kikiriki (big blind) folded before Flop
Seat 5: Rus29APX (button) (small blind) collected ($6)


PokerStars Hand #171289953590:  Hold'em Limit ($3/$6 USD) - 2017/06/03 11:47:02 ET
Table 'Wotho II' 6-max Seat #1 is the button
Seat 1: kikiriki ($76.74 in chips)
Seat 5: Rus29APX ($131.66 in chips)
kikiriki: posts small blind $1
Rus29APX: posts big blind $3
*** HOLE CARDS ***
kikiriki: folds
Uncalled bet ($2) returned to Rus29APX
Rus29APX collected $2 from pot
Rus29APX: doesn't show hand
*** SUMMARY ***
Total pot $2 | Rake $0
Seat 1: kikiriki (button) (small blind) folded before Flop
Seat 5: Rus29APX (big blind) collected ($2)


PokerStars Hand #171289937458:  Hold'em Limit ($3/$6 USD) - 2017/06/03 11:46:37 ET
Table 'Wotho II' 6-max Seat #5 is the button
Seat 1: kikiriki ($82.74 in chips)
Seat 5: Rus29APX ($125.90 in chips)
Rus29APX: posts small blind $1
kikiriki: posts big blind $3
*** HOLE CARDS ***
Rus29APX: raises $3 to $6
kikiriki: calls $3
*** FLOP *** [2c 9h 6s]
kikiriki: checks
Rus29APX: checks
*** TURN *** [2c 9h 6s] [4s]
kikiriki: checks
Rus29APX: bets $6
kikiriki: folds
Uncalled bet ($6) returned to Rus29APX
Rus29APX collected $11.76 from pot
Rus29APX: doesn't show hand
*** SUMMARY ***
Total pot $12 | Rake $0.24
Board [2c 9h 6s 4s]
Seat 1: kikiriki (big blind) folded on the Turn
Seat 5: Rus29APX (button) (small blind) collected ($11.76)


PokerStars Hand #171289926267:  Hold'em Limit ($3/$6 USD) - 2017/06/03 11:46:20 ET
Table 'Wotho II' 6-max Seat #1 is the button
Seat 1: kikiriki ($91.74 in chips)
Seat 5: Rus29APX ($117.26 in chips)
kikiriki: posts small blind $1
Rus29APX: posts big blind $3
*** HOLE CARDS ***
kikiriki: raises $3 to $6
Rus29APX: raises $3 to $9
kikiriki: calls $3
*** FLOP *** [Jd 2h Td]
Rus29APX: bets $3
kikiriki: folds
Uncalled bet ($3) returned to Rus29APX
Rus29APX collected $17.64 from pot
Rus29APX: doesn't show hand
*** SUMMARY ***
Total pot $18 | Rake $0.36
Board [Jd 2h Td]
Seat 1: kikiriki (button) (small blind) folded on the Flop
Seat 5: Rus29APX (big blind) collected ($17.64)


PokerStars Hand #171289980876:  Hold'em Limit ($3/$6 USD) - 2017/06/03 11:47:45 ET
Table 'Wotho II' 6-max Seat #1 is the button
Seat 1: kikiriki ($99.24 in chips)
Seat 5: Rus29APX ($108.66 in chips)
kikiriki: posts small blind $1
Rus29APX: posts big blind $3
*** HOLE CARDS ***
kikiriki: raises $3 to $6
Rus29APX: folds
Uncalled bet ($3) returned to kikiriki
kikiriki collected $6 from pot
kikiriki: doesn't show hand
*** SUMMARY ***
Total pot $6 | Rake $0
Seat 1: kikiriki (button) (small blind) collected ($6)
Seat 5: Rus29APX (big blind) folded before Flop


PokerStars Hand #171289960094:  Hold'em Limit ($3/$6 USD) - 2017/06/03 11:47:12 ET
Table 'Wotho II' 6-max Seat #5 is the button
Seat 1: kikiriki ($75.74 in chips)
Seat 5: Rus29APX ($132.66 in chips)
Rus29APX: posts small blind $1
kikiriki: posts big blind $3
*** HOLE CARDS ***
Rus29APX: raises $3 to $6
kikiriki: raises $3 to $9
Rus29APX: calls $3
*** FLOP *** [Th 2s 9s]
kikiriki: bets $3
Rus29APX: calls $3
*** TURN *** [Th 2s 9s] [5h]
kikiriki: bets $6
Rus29APX: calls $6
*** RIVER *** [Th 2s 9s 5h] [7s]
kikiriki: bets $6
Rus29APX: calls $6
*** SHOW DOWN ***
kikiriki: shows [As Ts] (a flush, Ace high)
Rus29APX: mucks hand
kikiriki collected $47.50 from pot
*** SUMMARY ***
Total pot $48 | Rake $0.50
Board [Th 2s 9s 5h 7s]
Seat 1: kikiriki (big blind) showed [As Ts] and won ($47.50) with a flush, Ace high
Seat 5: Rus29APX (button) (small blind) mucked


PokerStars Hand #171289986261:  Hold'em Limit ($3/$6 USD) - 2017/06/03 11:47:53 ET
Table 'Wotho II' 6-max Seat #5 is the button
Seat 1: kikiriki ($102.24 in chips)
Seat 5: Rus29APX ($105.66 in chips)
Rus29APX: posts small blind $1
kikiriki: posts big blind $3
*** HOLE CARDS ***
Rus29APX: raises $3 to $6
kikiriki: calls $3
*** FLOP *** [Qh Ts Js]
kikiriki: checks
Rus29APX: bets $3
kikiriki: calls $3
*** TURN *** [Qh Ts Js] [6h]
kikiriki: checks
Rus29APX: checks
*** RIVER *** [Qh Ts Js 6h] [Qc]
kikiriki: bets $6
Rus29APX: folds
Uncalled bet ($6) returned to kikiriki
kikiriki collected $17.64 from pot
kikiriki: doesn't show hand
*** SUMMARY ***
Total pot $18 | Rake $0.36
Board [Qh Ts Js 6h Qc]
Seat 1: kikiriki (big blind) collected ($17.64)
Seat 5: Rus29APX (button) (small blind) folded on the River


PokerStars Hand #171290002465:  Hold'em Limit ($3/$6 USD) - 2017/06/03 11:48:18 ET
Table 'Wotho II' 6-max Seat #1 is the button
Seat 1: kikiriki ($110.88 in chips)
Seat 5: Rus29APX ($96.66 in chips)
kikiriki: posts small blind $1
Rus29APX: posts big blind $3
*** HOLE CARDS ***
kikiriki: raises $3 to $6
Rus29APX: raises $3 to $9
kikiriki: calls $3
*** FLOP *** [Ad Ks 3c]
Rus29APX: bets $3
kikiriki: calls $3
*** TURN *** [Ad Ks 3c] [9h]
Rus29APX: checks
kikiriki: checks
*** RIVER *** [Ad Ks 3c 9h] [Qh]
Rus29APX: bets $6
kikiriki: calls $6
*** SHOW DOWN ***
Rus29APX: shows [Qs Jc] (a pair of Queens)
kikiriki: shows [6s Kc] (a pair of Kings)
kikiriki collected $35.50 from pot
*** SUMMARY ***
Total pot $36 | Rake $0.50
Board [Ad Ks 3c 9h Qh]
Seat 1: kikiriki (button) (small blind) showed [6s Kc] and won ($35.50) with a pair of Kings
Seat 5: Rus29APX (big blind) showed [Qs Jc] and lost with a pair of Queens


