PokerStars Hand #154126345925:  Hold'em Limit ($3/$6 USD) - 2016/06/01 1:12:03 ET
Table 'Wotho' 10-max Seat #5 is the button
Seat 5: parconxxx ($57.29 in chips)
Seat 6: Agrotait ($72 in chips)
parconxxx: posts small blind $1
Agrotait: posts big blind $3
*** HOLE CARDS ***
parconxxx: raises $3 to $6
Agrotait: folds
Uncalled bet ($3) returned to parconxxx
parconxxx collected $6 from pot
*** SUMMARY ***
Total pot $6 | Rake $0
Seat 5: parconxxx (button) (small blind) collected ($6)
Seat 6: Agrotait (big blind) folded before Flop


PokerStars Hand #154126349052:  Hold'em Limit ($3/$6 USD) - 2016/06/01 1:12:16 ET
Table 'Wotho' 10-max Seat #6 is the button
Seat 5: parconxxx ($60.29 in chips)
Seat 6: Agrotait ($69 in chips)
Agrotait: posts small blind $1
parconxxx: posts big blind $3
*** HOLE CARDS ***
Agrotait: raises $3 to $6
parconxxx: calls $3
*** FLOP *** [Tc Th As]
parconxxx: checks
Agrotait: bets $3
parconxxx: calls $3
*** TURN *** [Tc Th As] [Kh]
parconxxx: checks
Agrotait: checks
*** RIVER *** [Tc Th As Kh] [3h]
parconxxx: checks
Agrotait: bets $6
parconxxx: calls $6
*** SHOW DOWN ***
Agrotait: shows [Ac 4c] (two pair, Aces and Tens)
parconxxx: mucks hand
Agrotait collected $29.50 from pot
*** SUMMARY ***
Total pot $30 | Rake $0.50
Board [Tc Th As Kh 3h]
Seat 5: parconxxx (big blind) mucked
Seat 6: Agrotait (button) (small blind) showed [Ac 4c] and won ($29.50) with two pair, Aces and Tens


PokerStars Hand #154126367309:  Hold'em Limit ($3/$6 USD) - 2016/06/01 1:13:33 ET
Table 'Wotho' 10-max Seat #5 is the button
Seat 5: parconxxx ($68.55 in chips)
Seat 6: Agrotait ($72 in chips)
parconxxx: posts small blind $1
Agrotait: posts big blind $3
*** HOLE CARDS ***
parconxxx: folds
Uncalled bet ($2) returned to Agrotait
Agrotait collected $2 from pot
Agrotait: doesn't show hand
*** SUMMARY ***
Total pot $2 | Rake $0
Seat 5: parconxxx (button) (small blind) folded before Flop
Seat 6: Agrotait (big blind) collected ($2)


PokerStars Hand #154126364972:  Hold'em Limit ($3/$6 USD) - 2016/06/01 1:13:23 ET
Table 'Wotho' 10-max Seat #6 is the button
Seat 5: parconxxx ($62.79 in chips)
Seat 6: Agrotait ($65.50 in chips)
Agrotait: posts small blind $1
parconxxx: posts big blind $3
*** HOLE CARDS ***
Agrotait: raises $3 to $6
parconxxx: calls $3
*** FLOP *** [Js Kc 6s]
parconxxx: bets $3
Agrotait: folds
Uncalled bet ($3) returned to parconxxx
parconxxx collected $11.76 from pot
*** SUMMARY ***
Total pot $12 | Rake $0.24
Board [Js Kc 6s]
Seat 5: parconxxx (big blind) collected ($11.76)
Seat 6: Agrotait (button) (small blind) folded on the Flop


PokerStars Hand #154126354811:  Hold'em Limit ($3/$6 USD) - 2016/06/01 1:12:40 ET
Table 'Wotho' 10-max Seat #5 is the button
Seat 5: parconxxx ($45.29 in chips)
Seat 6: Agrotait ($83.50 in chips)
parconxxx: posts small blind $1
Agrotait: posts big blind $3
*** HOLE CARDS ***
parconxxx: raises $3 to $6
Agrotait: calls $3
*** FLOP *** [Ks Jh Ts]
Agrotait: checks
parconxxx: bets $3
Agrotait: raises $3 to $6
parconxxx: calls $3
*** TURN *** [Ks Jh Ts] [Kd]
Agrotait: bets $6
parconxxx: calls $6
*** RIVER *** [Ks Jh Ts Kd] [9h]
Agrotait: checks
parconxxx: bets $6
Agrotait: folds
Uncalled bet ($6) returned to parconxxx
parconxxx collected $35.50 from pot
*** SUMMARY ***
Total pot $36 | Rake $0.50
Board [Ks Jh Ts Kd 9h]
Seat 5: parconxxx (button) (small blind) collected ($35.50)
Seat 6: Agrotait (big blind) folded on the River


PokerStars Hand #154126384130:  Hold'em Limit ($3/$6 USD) - 2016/06/01 1:14:44 ET
Table 'Wotho' 10-max Seat #5 is the button
Seat 5: parconxxx ($75.05 in chips)
Seat 6: Agrotait ($78.76 in chips)
parconxxx: posts small blind $1
Agrotait: posts big blind $3
*** HOLE CARDS ***
parconxxx: calls $2
Agrotait: raises $3 to $6
parconxxx: calls $3
*** FLOP *** [3h Kd 6h]
Agrotait: bets $3
parconxxx: raises $3 to $6
Agrotait: calls $3
*** TURN *** [3h Kd 6h] [4d]
Agrotait: checks
parconxxx: bets $6
Agrotait: folds
Uncalled bet ($6) returned to parconxxx
parconxxx collected $23.52 from pot
*** SUMMARY ***
Total pot $24 | Rake $0.48
Board [3h Kd 6h 4d]
Seat 5: parconxxx (button) (small blind) collected ($23.52)
Seat 6: Agrotait (big blind) folded on the Turn


PokerStars Hand #154126379339:  Hold'em Limit ($3/$6 USD) - 2016/06/01 1:14:24 ET
Table 'Wotho' 10-max Seat #5 is the button
Seat 5: parconxxx ($82.05 in chips)
Seat 6: Agrotait ($72 in chips)
parconxxx: posts small blind $1
Agrotait: posts big blind $3
*** HOLE CARDS ***
parconxxx: folds
Uncalled bet ($2) returned to Agrotait
Agrotait collected $2 from pot
Agrotait: doesn't show hand
*** SUMMARY ***
Total pot $2 | Rake $0
Seat 5: parconxxx (button) (small blind) folded before Flop
Seat 6: Agrotait (big blind) collected ($2)


PokerStars Hand #154126368613:  Hold'em Limit ($3/$6 USD) - 2016/06/01 1:13:38 ET
Table 'Wotho' 10-max Seat #6 is the button
Seat 5: parconxxx ($67.55 in chips)
Seat 6: Agrotait ($73 in chips)
Agrotait: posts small blind $1
parconxxx: posts big blind $3
*** HOLE CARDS ***
Agrotait: raises $3 to $6
parconxxx: calls $3
*** FLOP *** [Kc Js 6s]
parconxxx: checks
Agrotait: bets $3
parconxxx: calls $3
*** TURN *** [Kc Js 6s] [5d]
parconxxx: checks
Agrotait: bets $6
parconxxx: calls $6
*** RIVER *** [Kc Js 6s 5d] [Ad]
parconxxx: checks
Agrotait: checks
*** SHOW DOWN ***
parconxxx: shows [6d Ah] (two pair, Aces and Sixes)
Agrotait: mucks hand
parconxxx collected $29.50 from pot
*** SUMMARY ***
Total pot $30 | Rake $0.50
Board [Kc Js 6s 5d Ad]
Seat 5: parconxxx (big blind) showed [6d Ah] and won ($29.50) with two pair, Aces and Sixes
Seat 6: Agrotait (button) (small blind) mucked


PokerStars Hand #154126393942:  Hold'em Limit ($3/$6 USD) - 2016/06/01 1:15:26 ET
Table 'Wotho' 10-max Seat #5 is the button
Seat 5: parconxxx ($83.57 in chips)
Seat 6: Agrotait ($69.76 in chips)
parconxxx: posts small blind $1
Agrotait: posts big blind $3
*** HOLE CARDS ***
parconxxx: folds
Uncalled bet ($2) returned to Agrotait
Agrotait collected $2 from pot
Agrotait: doesn't show hand
*** SUMMARY ***
Total pot $2 | Rake $0
Seat 5: parconxxx (button) (small blind) folded before Flop
Seat 6: Agrotait (big blind) collected ($2)


PokerStars Hand #154126392131:  Hold'em Limit ($3/$6 USD) - 2016/06/01 1:15:18 ET
Table 'Wotho' 10-max Seat #6 is the button
Seat 5: parconxxx ($86.57 in chips)
Seat 6: Agrotait ($66.76 in chips)
Agrotait: posts small blind $1
parconxxx: posts big blind $3
*** HOLE CARDS ***
Agrotait: raises $3 to $6
parconxxx: folds
Uncalled bet ($3) returned to Agrotait
Agrotait collected $6 from pot
Agrotait: doesn't show hand
*** SUMMARY ***
Total pot $6 | Rake $0
Seat 5: parconxxx (big blind) folded before Flop
Seat 6: Agrotait (button) (small blind) collected ($6)


PokerStars Hand #154126395281:  Hold'em Limit ($3/$6 USD) - 2016/06/01 1:15:32 ET
Table 'Wotho' 10-max Seat #6 is the button
Seat 5: parconxxx ($82.57 in chips)
Seat 6: Agrotait ($70.76 in chips)
Agrotait: posts small blind $1
parconxxx: posts big blind $3
*** HOLE CARDS ***
Agrotait: raises $3 to $6
parconxxx: calls $3
*** FLOP *** [Td 4h Kh]
parconxxx: bets $3
Agrotait: calls $3
*** TURN *** [Td 4h Kh] [8c]
parconxxx: checks
Agrotait: checks
*** RIVER *** [Td 4h Kh 8c] [6h]
parconxxx: checks
Agrotait: bets $6
parconxxx: calls $6
*** SHOW DOWN ***
Agrotait: shows [6c 4d] (two pair, Sixes and Fours)
parconxxx: mucks hand
Agrotait collected $29.50 from pot
*** SUMMARY ***
Total pot $30 | Rake $0.50
Board [Td 4h Kh 8c 6h]
Seat 5: parconxxx (big blind) mucked
Seat 6: Agrotait (button) (small blind) showed [6c 4d] and won ($29.50) with two pair, Sixes and Fours


PokerStars Hand #154126414900:  Hold'em Limit ($3/$6 USD) - 2016/06/01 1:16:54 ET
Table 'Wotho' 10-max Seat #5 is the button
Seat 5: parconxxx ($75.09 in chips)
Seat 6: Agrotait ($77.26 in chips)
parconxxx: posts small blind $1
Agrotait: posts big blind $3
*** HOLE CARDS ***
parconxxx: raises $3 to $6
Agrotait: folds
Uncalled bet ($3) returned to parconxxx
parconxxx collected $6 from pot
*** SUMMARY ***
Total pot $6 | Rake $0
Seat 5: parconxxx (button) (small blind) collected ($6)
Seat 6: Agrotait (big blind) folded before Flop


PokerStars Hand #154126413448:  Hold'em Limit ($3/$6 USD) - 2016/06/01 1:16:48 ET
Table 'Wotho' 10-max Seat #6 is the button
Seat 5: parconxxx ($78.09 in chips)
Seat 6: Agrotait ($74.26 in chips)
Agrotait: posts small blind $1
parconxxx: posts big blind $3
*** HOLE CARDS ***
Agrotait: raises $3 to $6
parconxxx: folds
Uncalled bet ($3) returned to Agrotait
Agrotait collected $6 from pot
Agrotait: doesn't show hand
*** SUMMARY ***
Total pot $6 | Rake $0
Seat 5: parconxxx (big blind) folded before Flop
Seat 6: Agrotait (button) (small blind) collected ($6)


PokerStars Hand #154126402416:  Hold'em Limit ($3/$6 USD) - 2016/06/01 1:16:02 ET
Table 'Wotho' 10-max Seat #5 is the button
Seat 5: parconxxx ($67.57 in chips)
Seat 6: Agrotait ($85.26 in chips)
parconxxx: posts small blind $1
Agrotait: posts big blind $3
*** HOLE CARDS ***
parconxxx: calls $2
Agrotait: checks
*** FLOP *** [6d Kd 5s]
Agrotait: bets $3
parconxxx: raises $3 to $6
Agrotait: folds
Uncalled bet ($3) returned to parconxxx
parconxxx collected $11.76 from pot
*** SUMMARY ***
Total pot $12 | Rake $0.24
Board [6d Kd 5s]
Seat 5: parconxxx (button) (small blind) collected ($11.76)
Seat 6: Agrotait (big blind) folded on the Flop


PokerStars Hand #154126416614:  Hold'em Limit ($3/$6 USD) - 2016/06/01 1:17:01 ET
Table 'Wotho' 10-max Seat #6 is the button
Seat 5: parconxxx ($78.09 in chips)
Seat 6: Agrotait ($74.26 in chips)
Agrotait: posts small blind $1
parconxxx: posts big blind $3
*** HOLE CARDS ***
Agrotait: raises $3 to $6
parconxxx: raises $3 to $9
Agrotait: calls $3
*** FLOP *** [Qh Ac Qd]
parconxxx: bets $3
Agrotait: folds
Uncalled bet ($3) returned to parconxxx
parconxxx collected $17.64 from pot
*** SUMMARY ***
Total pot $18 | Rake $0.36
Board [Qh Ac Qd]
Seat 5: parconxxx (big blind) collected ($17.64)
Seat 6: Agrotait (button) (small blind) folded on the Flop


PokerStars Hand #154126409169:  Hold'em Limit ($3/$6 USD) - 2016/06/01 1:16:30 ET
Table 'Wotho' 10-max Seat #6 is the button
Seat 5: parconxxx ($73.33 in chips)
Seat 6: Agrotait ($79.26 in chips)
Agrotait: posts small blind $1
parconxxx: posts big blind $3
*** HOLE CARDS ***
Agrotait: raises $3 to $6
parconxxx: calls $3
*** FLOP *** [Jh 6s 8d]
parconxxx: bets $3
Agrotait: folds
Uncalled bet ($3) returned to parconxxx
parconxxx collected $11.76 from pot
*** SUMMARY ***
Total pot $12 | Rake $0.24
Board [Jh 6s 8d]
Seat 5: parconxxx (big blind) collected ($11.76)
Seat 6: Agrotait (button) (small blind) folded on the Flop


PokerStars Hand #154126411942:  Hold'em Limit ($3/$6 USD) - 2016/06/01 1:16:42 ET
Table 'Wotho' 10-max Seat #5 is the button
Seat 5: parconxxx ($79.09 in chips)
Seat 6: Agrotait ($73.26 in chips)
parconxxx: posts small blind $1
Agrotait: posts big blind $3
*** HOLE CARDS ***
parconxxx: folds
Uncalled bet ($2) returned to Agrotait
Agrotait collected $2 from pot
Agrotait: doesn't show hand
*** SUMMARY ***
Total pot $2 | Rake $0
Seat 5: parconxxx (button) (small blind) folded before Flop
Seat 6: Agrotait (big blind) collected ($2)


PokerStars Hand #154126424285:  Hold'em Limit ($3/$6 USD) - 2016/06/01 1:17:33 ET
Table 'Wotho' 10-max Seat #6 is the button
Seat 5: parconxxx ($62.73 in chips)
Seat 6: Agrotait ($88.76 in chips)
Agrotait: posts small blind $1
parconxxx: posts big blind $3
*** HOLE CARDS ***
Agrotait: raises $3 to $6
parconxxx: calls $3
*** FLOP *** [Ad Tc 3c]
parconxxx: bets $3
Agrotait: folds
Uncalled bet ($3) returned to parconxxx
parconxxx collected $11.76 from pot
*** SUMMARY ***
Total pot $12 | Rake $0.24
Board [Ad Tc 3c]
Seat 5: parconxxx (big blind) collected ($11.76)
Seat 6: Agrotait (button) (small blind) folded on the Flop


PokerStars Hand #154126429192:  Hold'em Limit ($3/$6 USD) - 2016/06/01 1:17:54 ET
Table 'Wotho' 10-max Seat #5 is the button
Seat 5: parconxxx ($68.49 in chips)
Seat 6: Agrotait ($82.76 in chips)
parconxxx: posts small blind $1
Agrotait: posts big blind $3
*** HOLE CARDS ***
parconxxx: calls $2
Agrotait: raises $3 to $6
parconxxx: calls $3
*** FLOP *** [6s 8s 4h]
Agrotait: checks
parconxxx: checks
*** TURN *** [6s 8s 4h] [Kc]
Agrotait: bets $6
parconxxx: calls $6
*** RIVER *** [6s 8s 4h Kc] [Kd]
Agrotait: checks
parconxxx: bets $6
Agrotait: calls $6
*** SHOW DOWN ***
parconxxx: shows [9c 7s] (a pair of Kings)
Agrotait: shows [Qh Js] (a pair of Kings - Queen kicker)
Agrotait collected $35.50 from pot
*** SUMMARY ***
Total pot $36 | Rake $0.50
Board [6s 8s 4h Kc Kd]
Seat 5: parconxxx (button) (small blind) showed [9c 7s] and lost with a pair of Kings
Seat 6: Agrotait (big blind) showed [Qh Js] and won ($35.50) with a pair of Kings


PokerStars Hand #154126419442:  Hold'em Limit ($3/$6 USD) - 2016/06/01 1:17:13 ET
Table 'Wotho' 10-max Seat #5 is the button
Seat 5: parconxxx ($86.73 in chips)
Seat 6: Agrotait ($65.26 in chips)
parconxxx: posts small blind $1
Agrotait: posts big blind $3
*** HOLE CARDS ***
parconxxx: raises $3 to $6
Agrotait: raises $3 to $9
parconxxx: calls $3
*** FLOP *** [4d 7s 8c]
Agrotait: checks
parconxxx: bets $3
Agrotait: calls $3
*** TURN *** [4d 7s 8c] [2h]
Agrotait: checks
parconxxx: bets $6
Agrotait: calls $6
*** RIVER *** [4d 7s 8c 2h] [8s]
Agrotait: checks
parconxxx: bets $6
Agrotait: calls $6
*** SHOW DOWN ***
parconxxx: shows [9s Jh] (a pair of Eights)
Agrotait: shows [Kc Ah] (a pair of Eights - Ace kicker)
Agrotait collected $47.50 from pot
*** SUMMARY ***
Total pot $48 | Rake $0.50
Board [4d 7s 8c 2h 8s]
Seat 5: parconxxx (button) (small blind) showed [9s Jh] and lost with a pair of Eights
Seat 6: Agrotait (big blind) showed [Kc Ah] and won ($47.50) with a pair of Eights


PokerStars Hand #154126439437:  Hold'em Limit ($3/$6 USD) - 2016/06/01 1:18:38 ET
Table 'Wotho' 10-max Seat #6 is the button
Seat 5: parconxxx ($50.37 in chips)
Seat 6: Agrotait ($100.26 in chips)
Agrotait: posts small blind $1
parconxxx: posts big blind $3
*** HOLE CARDS ***
Agrotait: raises $3 to $6
parconxxx: folds
Uncalled bet ($3) returned to Agrotait
Agrotait collected $6 from pot
Agrotait: doesn't show hand
*** SUMMARY ***
Total pot $6 | Rake $0
Seat 5: parconxxx (big blind) folded before Flop
Seat 6: Agrotait (button) (small blind) collected ($6)


PokerStars Hand #154126446086:  Hold'em Limit ($3/$6 USD) - 2016/06/01 1:19:06 ET
Table 'Wotho' 10-max Seat #6 is the button
Seat 5: parconxxx ($29.37 in chips)
Seat 6: Agrotait ($120.76 in chips)
Agrotait: posts small blind $1
parconxxx: posts big blind $3
*** HOLE CARDS ***
Agrotait: raises $3 to $6
parconxxx: calls $3
*** FLOP *** [2c 9s 4d]
parconxxx: checks
Agrotait: bets $3
parconxxx: raises $3 to $6
Agrotait: calls $3
*** TURN *** [2c 9s 4d] [Qd]
parconxxx: bets $6
Agrotait: folds
Uncalled bet ($6) returned to parconxxx
parconxxx collected $23.52 from pot
*** SUMMARY ***
Total pot $24 | Rake $0.48
Board [2c 9s 4d Qd]
Seat 5: parconxxx (big blind) collected ($23.52)
Seat 6: Agrotait (button) (small blind) folded on the Turn


PokerStars Hand #154126441356:  Hold'em Limit ($3/$6 USD) - 2016/06/01 1:18:46 ET
Table 'Wotho' 10-max Seat #5 is the button
Seat 5: parconxxx ($47.37 in chips)
Seat 6: Agrotait ($103.26 in chips)
parconxxx: posts small blind $1
Agrotait: posts big blind $3
*** HOLE CARDS ***
parconxxx: raises $3 to $6
Agrotait: raises $3 to $9
parconxxx: calls $3
*** FLOP *** [8d 2d Ah]
Agrotait: bets $3
parconxxx: calls $3
*** TURN *** [8d 2d Ah] [Jd]
Agrotait: checks
parconxxx: checks
*** RIVER *** [8d 2d Ah Jd] [Jc]
Agrotait: bets $6
parconxxx: calls $6
*** SHOW DOWN ***
Agrotait: shows [7c Ac] (two pair, Aces and Jacks)
parconxxx: mucks hand
Agrotait collected $35.50 from pot
*** SUMMARY ***
Total pot $36 | Rake $0.50
Board [8d 2d Ah Jd Jc]
Seat 5: parconxxx (button) (small blind) mucked
Seat 6: Agrotait (big blind) showed [7c Ac] and won ($35.50) with two pair, Aces and Jacks


PokerStars Hand #154126434454:  Hold'em Limit ($3/$6 USD) - 2016/06/01 1:18:17 ET
Table 'Wotho' 10-max Seat #6 is the button
Seat 5: parconxxx ($50.49 in chips)
Seat 6: Agrotait ($100.26 in chips)
Agrotait: posts small blind $1
parconxxx: posts big blind $3
*** HOLE CARDS ***
Agrotait: raises $3 to $6
parconxxx: folds
Uncalled bet ($3) returned to Agrotait
Agrotait collected $6 from pot
Agrotait: doesn't show hand
*** SUMMARY ***
Total pot $6 | Rake $0
Seat 5: parconxxx (big blind) folded before Flop
Seat 6: Agrotait (button) (small blind) collected ($6)


PokerStars Hand #154126436274:  Hold'em Limit ($3/$6 USD) - 2016/06/01 1:18:24 ET
Table 'Wotho' 10-max Seat #5 is the button
Seat 5: parconxxx ($47.49 in chips)
Seat 6: Agrotait ($103.26 in chips)
parconxxx: posts small blind $1
Agrotait: posts big blind $3
*** HOLE CARDS ***
parconxxx: calls $2
Agrotait: checks
*** FLOP *** [Qd Qh 9c]
Agrotait: checks
parconxxx: bets $3
Agrotait: folds
Uncalled bet ($3) returned to parconxxx
parconxxx collected $5.88 from pot
*** SUMMARY ***
Total pot $6 | Rake $0.12
Board [Qd Qh 9c]
Seat 5: parconxxx (button) (small blind) collected ($5.88)
Seat 6: Agrotait (big blind) folded on the Flop


PokerStars Hand #154126458146:  Hold'em Limit ($3/$6 USD) - 2016/06/01 1:19:57 ET
Table 'Wotho' 10-max Seat #5 is the button
Seat 5: parconxxx ($34.65 in chips)
Seat 6: Agrotait ($114.28 in chips)
parconxxx: posts small blind $1
Agrotait: posts big blind $3
*** HOLE CARDS ***
parconxxx: folds
Uncalled bet ($2) returned to Agrotait
Agrotait collected $2 from pot
Agrotait: doesn't show hand
*** SUMMARY ***
Total pot $2 | Rake $0
Seat 5: parconxxx (button) (small blind) folded before Flop
Seat 6: Agrotait (big blind) collected ($2)


PokerStars Hand #154126453325:  Hold'em Limit ($3/$6 USD) - 2016/06/01 1:19:37 ET
Table 'Wotho' 10-max Seat #6 is the button
Seat 5: parconxxx ($46.65 in chips)
Seat 6: Agrotait ($102.76 in chips)
Agrotait: posts small blind $1
parconxxx: posts big blind $3
*** HOLE CARDS ***
Agrotait: raises $3 to $6
parconxxx: calls $3
*** FLOP *** [2d 2h 4s]
parconxxx: checks
Agrotait: checks
*** TURN *** [2d 2h 4s] [8h]
parconxxx: checks
Agrotait: checks
*** RIVER *** [2d 2h 4s 8h] [9s]
parconxxx: checks
Agrotait: bets $6
parconxxx: calls $6
*** SHOW DOWN ***
Agrotait: shows [9d 7c] (two pair, Nines and Deuces)
parconxxx: mucks hand
Agrotait collected $23.52 from pot
*** SUMMARY ***
Total pot $24 | Rake $0.48
Board [2d 2h 4s 8h 9s]
Seat 5: parconxxx (big blind) mucked
Seat 6: Agrotait (button) (small blind) showed [9d 7c] and won ($23.52) with two pair, Nines and Deuces


PokerStars Hand #154126449985:  Hold'em Limit ($3/$6 USD) - 2016/06/01 1:19:23 ET
Table 'Wotho' 10-max Seat #5 is the button
Seat 5: parconxxx ($40.89 in chips)
Seat 6: Agrotait ($108.76 in chips)
parconxxx: posts small blind $1
Agrotait: posts big blind $3
*** HOLE CARDS ***
parconxxx: raises $3 to $6
Agrotait: calls $3
*** FLOP *** [2c Ad Ac]
Agrotait: checks
parconxxx: bets $3
Agrotait: folds
Uncalled bet ($3) returned to parconxxx
parconxxx collected $11.76 from pot
*** SUMMARY ***
Total pot $12 | Rake $0.24
Board [2c Ad Ac]
Seat 5: parconxxx (button) (small blind) collected ($11.76)
Seat 6: Agrotait (big blind) folded on the Flop


PokerStars Hand #154126459469:  Hold'em Limit ($3/$6 USD) - 2016/06/01 1:20:03 ET
Table 'Wotho' 10-max Seat #6 is the button
Seat 5: parconxxx ($33.65 in chips)
Seat 6: Agrotait ($115.28 in chips)
Agrotait: posts small blind $1
parconxxx: posts big blind $3
*** HOLE CARDS ***
Agrotait: raises $3 to $6
parconxxx: calls $3
*** FLOP *** [9c 8h 7h]
parconxxx: bets $3
Agrotait: calls $3
*** TURN *** [9c 8h 7h] [Kc]
parconxxx: checks
Agrotait: checks
*** RIVER *** [9c 8h 7h Kc] [6h]
parconxxx: bets $6
Agrotait: calls $6
*** SHOW DOWN ***
parconxxx: shows [8s Td] (a straight, Six to Ten)
Agrotait: mucks hand
parconxxx collected $29.50 from pot
*** SUMMARY ***
Total pot $30 | Rake $0.50
Board [9c 8h 7h Kc 6h]
Seat 5: parconxxx (big blind) showed [8s Td] and won ($29.50) with a straight, Six to Ten
Seat 6: Agrotait (button) (small blind) mucked


PokerStars Hand #154126469049:  Hold'em Limit ($3/$6 USD) - 2016/06/01 1:20:43 ET
Table 'Wotho' 10-max Seat #5 is the button
Seat 5: parconxxx ($46.15 in chips)
Seat 6: Agrotait ($102.16 in chips)
parconxxx: posts small blind $1
Agrotait: posts big blind $3
*** HOLE CARDS ***
parconxxx: folds
Uncalled bet ($2) returned to Agrotait
Agrotait collected $2 from pot
Agrotait: doesn't show hand
*** SUMMARY ***
Total pot $2 | Rake $0
Seat 5: parconxxx (button) (small blind) folded before Flop
Seat 6: Agrotait (big blind) collected ($2)


PokerStars Hand #154126463638:  Hold'em Limit ($3/$6 USD) - 2016/06/01 1:20:20 ET
Table 'Wotho' 10-max Seat #5 is the button
Seat 5: parconxxx ($48.15 in chips)
Seat 6: Agrotait ($100.28 in chips)
parconxxx: posts small blind $1
Agrotait: posts big blind $3
*** HOLE CARDS ***
parconxxx: calls $2
Agrotait: checks
*** FLOP *** [2h 2d Qs]
Agrotait: bets $3
parconxxx: folds
Uncalled bet ($3) returned to Agrotait
Agrotait collected $5.88 from pot
Agrotait: doesn't show hand
*** SUMMARY ***
Total pot $6 | Rake $0.12
Board [2h 2d Qs]
Seat 5: parconxxx (button) (small blind) folded on the Flop
Seat 6: Agrotait (big blind) collected ($5.88)


PokerStars Hand #154126470591:  Hold'em Limit ($3/$6 USD) - 2016/06/01 1:20:49 ET
Table 'Wotho' 10-max Seat #6 is the button
Seat 5: parconxxx ($45.15 in chips)
Seat 6: Agrotait ($103.16 in chips)
Agrotait: posts small blind $1
parconxxx: posts big blind $3
*** HOLE CARDS ***
Agrotait: raises $3 to $6
parconxxx: calls $3
*** FLOP *** [5c 3d Qh]
parconxxx: checks
Agrotait: bets $3
parconxxx: calls $3
*** TURN *** [5c 3d Qh] [8s]
parconxxx: checks
Agrotait: checks
*** RIVER *** [5c 3d Qh 8s] [Ts]
parconxxx: checks
Agrotait: checks
*** SHOW DOWN ***
parconxxx: shows [Ks 2c] (high card King)
Agrotait: mucks hand
parconxxx collected $17.64 from pot
*** SUMMARY ***
Total pot $18 | Rake $0.36
Board [5c 3d Qh 8s Ts]
Seat 5: parconxxx (big blind) showed [Ks 2c] and won ($17.64) with high card King
Seat 6: Agrotait (button) (small blind) mucked


PokerStars Hand #154126466443:  Hold'em Limit ($3/$6 USD) - 2016/06/01 1:20:32 ET
Table 'Wotho' 10-max Seat #6 is the button
Seat 5: parconxxx ($45.15 in chips)
Seat 6: Agrotait ($103.16 in chips)
Agrotait: posts small blind $1
parconxxx: posts big blind $3
*** HOLE CARDS ***
Agrotait: folds
Uncalled bet ($2) returned to parconxxx
parconxxx collected $2 from pot
*** SUMMARY ***
Total pot $2 | Rake $0
Seat 5: parconxxx (big blind) collected ($2)
Seat 6: Agrotait (button) (small blind) folded before Flop


PokerStars Hand #154126474831:  Hold'em Limit ($3/$6 USD) - 2016/06/01 1:21:08 ET
Table 'Wotho' 10-max Seat #5 is the button
Seat 5: parconxxx ($53.79 in chips)
Seat 6: Agrotait ($94.16 in chips)
parconxxx: posts small blind $1
Agrotait: posts big blind $3
*** HOLE CARDS ***
parconxxx: calls $2
Agrotait: checks
*** FLOP *** [6d 4h 3s]
Agrotait: checks
parconxxx: bets $3
Agrotait: calls $3
*** TURN *** [6d 4h 3s] [3d]
Agrotait: checks
parconxxx: checks
*** RIVER *** [6d 4h 3s 3d] [Ah]
Agrotait: checks
parconxxx: bets $6
Agrotait: calls $6
*** SHOW DOWN ***
parconxxx: shows [Qh Qc] (two pair, Queens and Threes)
Agrotait: mucks hand
parconxxx collected $23.52 from pot
*** SUMMARY ***
Total pot $24 | Rake $0.48
Board [6d 4h 3s 3d Ah]
Seat 5: parconxxx (button) (small blind) showed [Qh Qc] and won ($23.52) with two pair, Queens and Threes
Seat 6: Agrotait (big blind) mucked


PokerStars Hand #154126480648:  Hold'em Limit ($3/$6 USD) - 2016/06/01 1:21:32 ET
Table 'Wotho' 10-max Seat #6 is the button
Seat 5: parconxxx ($65.31 in chips)
Seat 6: Agrotait ($82.16 in chips)
Agrotait: posts small blind $1
parconxxx: posts big blind $3
*** HOLE CARDS ***
Agrotait: raises $3 to $6
parconxxx: calls $3
*** FLOP *** [Qd Ad 8c]
parconxxx: checks
Agrotait: bets $3
parconxxx: calls $3
*** TURN *** [Qd Ad 8c] [Kd]
parconxxx: checks
Agrotait: checks
*** RIVER *** [Qd Ad 8c Kd] [6c]
parconxxx: checks
Agrotait: bets $6
parconxxx: calls $6
*** SHOW DOWN ***
Agrotait: shows [7c Kh] (a pair of Kings)
parconxxx: mucks hand
Agrotait collected $29.50 from pot
*** SUMMARY ***
Total pot $30 | Rake $0.50
Board [Qd Ad 8c Kd 6c]
Seat 5: parconxxx (big blind) mucked
Seat 6: Agrotait (button) (small blind) showed [7c Kh] and won ($29.50) with a pair of Kings


PokerStars Hand #154126486008:  Hold'em Limit ($3/$6 USD) - 2016/06/01 1:21:55 ET
Table 'Wotho' 10-max Seat #5 is the button
Seat 5: parconxxx ($50.31 in chips)
Seat 6: Agrotait ($96.66 in chips)
parconxxx: posts small blind $1
Agrotait: posts big blind $3
*** HOLE CARDS ***
parconxxx: calls $2
Agrotait: checks
*** FLOP *** [2h 8s 5d]
Agrotait: checks
parconxxx: bets $3
Agrotait: folds
Uncalled bet ($3) returned to parconxxx
parconxxx collected $5.88 from pot
*** SUMMARY ***
Total pot $6 | Rake $0.12
Board [2h 8s 5d]
Seat 5: parconxxx (button) (small blind) collected ($5.88)
Seat 6: Agrotait (big blind) folded on the Flop


PokerStars Hand #154126491355:  Hold'em Limit ($3/$6 USD) - 2016/06/01 1:22:18 ET
Table 'Wotho' 10-max Seat #6 is the button
Seat 5: parconxxx ($53.19 in chips)
Seat 6: Agrotait ($93.66 in chips)
Agrotait: posts small blind $1
parconxxx: posts big blind $3
*** HOLE CARDS ***
Agrotait: raises $3 to $6
parconxxx: calls $3
*** FLOP *** [5d Kd Kc]
parconxxx: checks
Agrotait: bets $3
parconxxx: calls $3
*** TURN *** [5d Kd Kc] [6c]
parconxxx: checks
Agrotait: bets $6
parconxxx: calls $6
*** RIVER *** [5d Kd Kc 6c] [9s]
parconxxx: checks
Agrotait: bets $6
parconxxx: calls $6
*** SHOW DOWN ***
Agrotait: shows [6d Ad] (two pair, Kings and Sixes)
parconxxx: shows [Td Ts] (two pair, Kings and Tens)
parconxxx collected $41.50 from pot
*** SUMMARY ***
Total pot $42 | Rake $0.50
Board [5d Kd Kc 6c 9s]
Seat 5: parconxxx (big blind) showed [Td Ts] and won ($41.50) with two pair, Kings and Tens
Seat 6: Agrotait (button) (small blind) showed [6d Ad] and lost with two pair, Kings and Sixes


PokerStars Hand #154126496316:  Hold'em Limit ($3/$6 USD) - 2016/06/01 1:22:39 ET
Table 'Wotho' 10-max Seat #5 is the button
Seat 5: parconxxx ($73.69 in chips)
Seat 6: Agrotait ($72.66 in chips)
parconxxx: posts small blind $1
Agrotait: posts big blind $3
*** HOLE CARDS ***
parconxxx: calls $2
Agrotait: checks
*** FLOP *** [8s Ac 7d]
Agrotait: bets $3
parconxxx: calls $3
*** TURN *** [8s Ac 7d] [3h]
Agrotait: bets $6
parconxxx: calls $6
*** RIVER *** [8s Ac 7d 3h] [7h]
Agrotait: checks
parconxxx: bets $6
Agrotait: calls $6
*** SHOW DOWN ***
parconxxx: shows [Ad 4h] (two pair, Aces and Sevens)
Agrotait: mucks hand
parconxxx collected $35.50 from pot
*** SUMMARY ***
Total pot $36 | Rake $0.50
Board [8s Ac 7d 3h 7h]
Seat 5: parconxxx (button) (small blind) showed [Ad 4h] and won ($35.50) with two pair, Aces and Sevens
Seat 6: Agrotait (big blind) mucked


PokerStars Hand #154126512614:  Hold'em Limit ($3/$6 USD) - 2016/06/01 1:23:48 ET
Table 'Wotho' 10-max Seat #6 is the button
Seat 5: parconxxx ($87.95 in chips)
Seat 6: Agrotait ($74.64 in chips)
Agrotait: posts small blind $1
parconxxx: posts big blind $3
*** HOLE CARDS ***
Agrotait: raises $3 to $6
parconxxx: calls $3
*** FLOP *** [6c Tc 2h]
parconxxx: checks
Agrotait: bets $3
parconxxx: calls $3
*** TURN *** [6c Tc 2h] [2s]
parconxxx: bets $6
Agrotait: calls $6
*** RIVER *** [6c Tc 2h 2s] [9d]
parconxxx: bets $6
Agrotait: calls $6
*** SHOW DOWN ***
parconxxx: shows [3s Ts] (two pair, Tens and Deuces)
Agrotait: shows [Th Ah] (two pair, Tens and Deuces - Ace kicker)
Agrotait collected $41.50 from pot
*** SUMMARY ***
Total pot $42 | Rake $0.50
Board [6c Tc 2h 2s 9d]
Seat 5: parconxxx (big blind) showed [3s Ts] and lost with two pair, Tens and Deuces
Seat 6: Agrotait (button) (small blind) showed [Th Ah] and won ($41.50) with two pair, Tens and Deuces


PokerStars Hand #154126500741:  Hold'em Limit ($3/$6 USD) - 2016/06/01 1:22:58 ET
Table 'Wotho' 10-max Seat #6 is the button
Seat 5: parconxxx ($91.19 in chips)
Seat 6: Agrotait ($72 in chips)
Agrotait: posts small blind $1
parconxxx: posts big blind $3
*** HOLE CARDS ***
Agrotait: raises $3 to $6
parconxxx: calls $3
*** FLOP *** [8d 5h 8c]
parconxxx: checks
Agrotait: bets $3
parconxxx: calls $3
*** TURN *** [8d 5h 8c] [Kh]
parconxxx: checks
Agrotait: bets $6
parconxxx: folds
Uncalled bet ($6) returned to Agrotait
Agrotait collected $17.64 from pot
Agrotait: doesn't show hand
*** SUMMARY ***
Total pot $18 | Rake $0.36
Board [8d 5h 8c Kh]
Seat 5: parconxxx (big blind) folded on the Turn
Seat 6: Agrotait (button) (small blind) collected ($17.64)


PokerStars Hand #154126507557:  Hold'em Limit ($3/$6 USD) - 2016/06/01 1:23:27 ET
Table 'Wotho' 10-max Seat #5 is the button
Seat 5: parconxxx ($82.19 in chips)
Seat 6: Agrotait ($80.64 in chips)
parconxxx: posts small blind $1
Agrotait: posts big blind $3
*** HOLE CARDS ***
parconxxx: calls $2
Agrotait: checks
*** FLOP *** [Ks 4h 4d]
Agrotait: bets $3
parconxxx: calls $3
*** TURN *** [Ks 4h 4d] [2s]
Agrotait: checks
parconxxx: checks
*** RIVER *** [Ks 4h 4d 2s] [Jd]
Agrotait: checks
parconxxx: bets $6
Agrotait: folds
Uncalled bet ($6) returned to parconxxx
parconxxx collected $11.76 from pot
*** SUMMARY ***
Total pot $12 | Rake $0.24
Board [Ks 4h 4d 2s Jd]
Seat 5: parconxxx (button) (small blind) collected ($11.76)
Seat 6: Agrotait (big blind) folded on the River


PokerStars Hand #154126517361:  Hold'em Limit ($3/$6 USD) - 2016/06/01 1:24:08 ET
Table 'Wotho' 10-max Seat #5 is the button
Seat 5: parconxxx ($66.95 in chips)
Seat 6: Agrotait ($95.14 in chips)
parconxxx: posts small blind $1
Agrotait: posts big blind $3
*** HOLE CARDS ***
parconxxx: raises $3 to $6
Agrotait: calls $3
*** FLOP *** [Qs Ah 8s]
Agrotait: checks
parconxxx: bets $3
Agrotait: raises $3 to $6
parconxxx: raises $3 to $9
Agrotait: calls $3
*** TURN *** [Qs Ah 8s] [8c]
Agrotait: checks
parconxxx: bets $6
Agrotait: calls $6
*** RIVER *** [Qs Ah 8s 8c] [Kh]
Agrotait: checks
parconxxx: bets $6
Agrotait: calls $6
*** SHOW DOWN ***
parconxxx: shows [Ad As] (a full house, Aces full of Eights)
Agrotait: mucks hand
parconxxx collected $53.50 from pot
*** SUMMARY ***
Total pot $54 | Rake $0.50
Board [Qs Ah 8s 8c Kh]
Seat 5: parconxxx (button) (small blind) showed [Ad As] and won ($53.50) with a full house, Aces full of Eights
Seat 6: Agrotait (big blind) mucked


PokerStars Hand #154126523653:  Hold'em Limit ($3/$6 USD) - 2016/06/01 1:24:35 ET
Table 'Wotho' 10-max Seat #6 is the button
Seat 5: parconxxx ($93.45 in chips)
Seat 6: Agrotait ($68.14 in chips)
Agrotait: posts small blind $1
parconxxx: posts big blind $3
*** HOLE CARDS ***
Agrotait: raises $3 to $6
parconxxx: calls $3
*** FLOP *** [7h Js Qs]
parconxxx: bets $3
Agrotait: calls $3
*** TURN *** [7h Js Qs] [2s]
parconxxx: checks
Agrotait: checks
*** RIVER *** [7h Js Qs 2s] [9c]
parconxxx: bets $6
Agrotait: calls $6
*** SHOW DOWN ***
parconxxx: shows [3c 6d] (high card Queen)
Agrotait: shows [7s 6h] (a pair of Sevens)
Agrotait collected $29.50 from pot
*** SUMMARY ***
Total pot $30 | Rake $0.50
Board [7h Js Qs 2s 9c]
Seat 5: parconxxx (big blind) showed [3c 6d] and lost with high card Queen
Seat 6: Agrotait (button) (small blind) showed [7s 6h] and won ($29.50) with a pair of Sevens


PokerStars Hand #154126533324:  Hold'em Limit ($3/$6 USD) - 2016/06/01 1:25:16 ET
Table 'Wotho' 10-max Seat #5 is the button
Seat 5: parconxxx ($78.45 in chips)
Seat 6: Agrotait ($82.64 in chips)
parconxxx: posts small blind $1
Agrotait: posts big blind $3
*** HOLE CARDS ***
parconxxx: calls $2
Agrotait: checks
*** FLOP *** [Kh Ah 2s]
Agrotait: bets $3
parconxxx: raises $3 to $6
Agrotait: folds
Uncalled bet ($3) returned to parconxxx
parconxxx collected $11.76 from pot
*** SUMMARY ***
Total pot $12 | Rake $0.24
Board [Kh Ah 2s]
Seat 5: parconxxx (button) (small blind) collected ($11.76)
Seat 6: Agrotait (big blind) folded on the Flop


PokerStars Hand #154126544602:  Hold'em Limit ($3/$6 USD) - 2016/06/01 1:26:05 ET
Table 'Wotho' 10-max Seat #5 is the button
Seat 5: parconxxx ($104.71 in chips)
Seat 6: Agrotait ($72 in chips)
parconxxx: posts small blind $1
Agrotait: posts big blind $3
*** HOLE CARDS ***
parconxxx: folds
Uncalled bet ($2) returned to Agrotait
Agrotait collected $2 from pot
Agrotait: doesn't show hand
*** SUMMARY ***
Total pot $2 | Rake $0
Seat 5: parconxxx (button) (small blind) folded before Flop
Seat 6: Agrotait (big blind) collected ($2)


PokerStars Hand #154126540274:  Hold'em Limit ($3/$6 USD) - 2016/06/01 1:25:46 ET
Table 'Wotho' 10-max Seat #6 is the button
Seat 5: parconxxx ($84.21 in chips)
Seat 6: Agrotait ($76.64 in chips)
Agrotait: posts small blind $1
parconxxx: posts big blind $3
*** HOLE CARDS ***
Agrotait: raises $3 to $6
parconxxx: raises $3 to $9
Agrotait: calls $3
*** FLOP *** [6d 9c As]
parconxxx: checks
Agrotait: checks
*** TURN *** [6d 9c As] [6h]
parconxxx: bets $6
Agrotait: calls $6
*** RIVER *** [6d 9c As 6h] [Ah]
parconxxx: bets $6
Agrotait: calls $6
*** SHOW DOWN ***
parconxxx: shows [Ks Kh] (two pair, Aces and Kings)
Agrotait: mucks hand
parconxxx collected $41.50 from pot
*** SUMMARY ***
Total pot $42 | Rake $0.50
Board [6d 9c As 6h Ah]
Seat 5: parconxxx (big blind) showed [Ks Kh] and won ($41.50) with two pair, Aces and Kings
Seat 6: Agrotait (button) (small blind) mucked


PokerStars Hand #154126550208:  Hold'em Limit ($3/$6 USD) - 2016/06/01 1:26:28 ET
Table 'Wotho' 10-max Seat #5 is the button
Seat 5: parconxxx ($112.35 in chips)
Seat 6: Agrotait ($64 in chips)
parconxxx: posts small blind $1
Agrotait: posts big blind $3
*** HOLE CARDS ***
parconxxx: calls $2
Agrotait: checks
*** FLOP *** [5c Kh 5d]
Agrotait: bets $3
parconxxx: folds
Uncalled bet ($3) returned to Agrotait
Agrotait collected $5.88 from pot
Agrotait: doesn't show hand
*** SUMMARY ***
Total pot $6 | Rake $0.12
Board [5c Kh 5d]
Seat 5: parconxxx (button) (small blind) folded on the Flop
Seat 6: Agrotait (big blind) collected ($5.88)


PokerStars Hand #154126545960:  Hold'em Limit ($3/$6 USD) - 2016/06/01 1:26:10 ET
Table 'Wotho' 10-max Seat #6 is the button
Seat 5: parconxxx ($103.71 in chips)
Seat 6: Agrotait ($73 in chips)
Agrotait: posts small blind $1
parconxxx: posts big blind $3
*** HOLE CARDS ***
Agrotait: raises $3 to $6
parconxxx: calls $3
*** FLOP *** [Jc 3d 9d]
parconxxx: checks
Agrotait: bets $3
parconxxx: calls $3
*** TURN *** [Jc 3d 9d] [Qc]
parconxxx: checks
Agrotait: checks
*** RIVER *** [Jc 3d 9d Qc] [Kc]
parconxxx: bets $6
Agrotait: folds
Uncalled bet ($6) returned to parconxxx
parconxxx collected $17.64 from pot
*** SUMMARY ***
Total pot $18 | Rake $0.36
Board [Jc 3d 9d Qc Kc]
Seat 5: parconxxx (big blind) collected ($17.64)
Seat 6: Agrotait (button) (small blind) folded on the River


PokerStars Hand #154126559608:  Hold'em Limit ($3/$6 USD) - 2016/06/01 1:27:08 ET
Table 'Wotho' 10-max Seat #5 is the button
Seat 5: parconxxx ($117.99 in chips)
Seat 6: Agrotait ($72 in chips)
parconxxx: posts small blind $1
Agrotait: posts big blind $3
*** HOLE CARDS ***
parconxxx: folds
Uncalled bet ($2) returned to Agrotait
Agrotait collected $2 from pot
Agrotait: doesn't show hand
*** SUMMARY ***
Total pot $2 | Rake $0
Seat 5: parconxxx (button) (small blind) folded before Flop
Seat 6: Agrotait (big blind) collected ($2)


PokerStars Hand #154126553199:  Hold'em Limit ($3/$6 USD) - 2016/06/01 1:26:41 ET
Table 'Wotho' 10-max Seat #6 is the button
Seat 5: parconxxx ($109.35 in chips)
Seat 6: Agrotait ($66.88 in chips)
Agrotait: posts small blind $1
parconxxx: posts big blind $3
*** HOLE CARDS ***
Agrotait: raises $3 to $6
parconxxx: calls $3
*** FLOP *** [3h Td Kd]
parconxxx: checks
Agrotait: bets $3
parconxxx: calls $3
*** TURN *** [3h Td Kd] [Th]
parconxxx: bets $6
Agrotait: folds
Uncalled bet ($6) returned to parconxxx
parconxxx collected $17.64 from pot
parconxxx: shows [Qs 7s] (a pair of Tens)
*** SUMMARY ***
Total pot $18 | Rake $0.36
Board [3h Td Kd Th]
Seat 5: parconxxx (big blind) collected ($17.64)
Seat 6: Agrotait (button) (small blind) folded on the Turn


PokerStars Hand #154126572777:  Hold'em Limit ($3/$6 USD) - 2016/06/01 1:28:04 ET
Table 'Wotho' 10-max Seat #5 is the button
Seat 5: parconxxx ($107.99 in chips)
Seat 6: Agrotait ($81.64 in chips)
parconxxx: posts small blind $1
Agrotait: posts big blind $3
*** HOLE CARDS ***
parconxxx: calls $2
Agrotait: checks
*** FLOP *** [9c 5h Jh]
Agrotait: checks
parconxxx: bets $3
Agrotait: folds
Uncalled bet ($3) returned to parconxxx
parconxxx collected $5.88 from pot
*** SUMMARY ***
Total pot $6 | Rake $0.12
Board [9c 5h Jh]
Seat 5: parconxxx (button) (small blind) collected ($5.88)
Seat 6: Agrotait (big blind) folded on the Flop


PokerStars Hand #154126560914:  Hold'em Limit ($3/$6 USD) - 2016/06/01 1:27:14 ET
Table 'Wotho' 10-max Seat #6 is the button
Seat 5: parconxxx ($116.99 in chips)
Seat 6: Agrotait ($73 in chips)
Agrotait: posts small blind $1
parconxxx: posts big blind $3
*** HOLE CARDS ***
Agrotait: raises $3 to $6
parconxxx: calls $3
*** FLOP *** [Kd 9s 8c]
parconxxx: checks
Agrotait: bets $3
parconxxx: calls $3
*** TURN *** [Kd 9s 8c] [Kc]
parconxxx: checks
Agrotait: bets $6
parconxxx: folds
Uncalled bet ($6) returned to Agrotait
Agrotait collected $17.64 from pot
Agrotait: doesn't show hand
*** SUMMARY ***
Total pot $18 | Rake $0.36
Board [Kd 9s 8c Kc]
Seat 5: parconxxx (big blind) folded on the Turn
Seat 6: Agrotait (button) (small blind) collected ($17.64)


PokerStars Hand #154126583648:  Hold'em Limit ($3/$6 USD) - 2016/06/01 1:28:50 ET
Table 'Wotho' 10-max Seat #6 is the button
Seat 5: parconxxx ($118.51 in chips)
Seat 6: Agrotait ($70.64 in chips)
Agrotait: posts small blind $1
parconxxx: posts big blind $3
*** HOLE CARDS ***
Agrotait: raises $3 to $6
parconxxx: folds
Uncalled bet ($3) returned to Agrotait
Agrotait collected $6 from pot
Agrotait: doesn't show hand
*** SUMMARY ***
Total pot $6 | Rake $0
Seat 5: parconxxx (big blind) folded before Flop
Seat 6: Agrotait (button) (small blind) collected ($6)


PokerStars Hand #154126576454:  Hold'em Limit ($3/$6 USD) - 2016/06/01 1:28:20 ET
Table 'Wotho' 10-max Seat #6 is the button
Seat 5: parconxxx ($110.87 in chips)
Seat 6: Agrotait ($78.64 in chips)
Agrotait: posts small blind $1
parconxxx: posts big blind $3
*** HOLE CARDS ***
Agrotait: raises $3 to $6
parconxxx: calls $3
*** FLOP *** [Ad Kc 9c]
parconxxx: checks
Agrotait: bets $3
parconxxx: calls $3
*** TURN *** [Ad Kc 9c] [2s]
parconxxx: checks
Agrotait: checks
*** RIVER *** [Ad Kc 9c 2s] [2c]
parconxxx: checks
Agrotait: checks
*** SHOW DOWN ***
parconxxx: shows [Kd Qs] (two pair, Kings and Deuces)
Agrotait: mucks hand
parconxxx collected $17.64 from pot
*** SUMMARY ***
Total pot $18 | Rake $0.36
Board [Ad Kc 9c 2s 2c]
Seat 5: parconxxx (big blind) showed [Kd Qs] and won ($17.64) with two pair, Kings and Deuces
Seat 6: Agrotait (button) (small blind) mucked


PokerStars Hand #154126581901:  Hold'em Limit ($3/$6 USD) - 2016/06/01 1:28:43 ET
Table 'Wotho' 10-max Seat #5 is the button
Seat 5: parconxxx ($119.51 in chips)
Seat 6: Agrotait ($69.64 in chips)
parconxxx: posts small blind $1
Agrotait: posts big blind $3
*** HOLE CARDS ***
parconxxx: folds
Uncalled bet ($2) returned to Agrotait
Agrotait collected $2 from pot
Agrotait: doesn't show hand
*** SUMMARY ***
Total pot $2 | Rake $0
Seat 5: parconxxx (button) (small blind) folded before Flop
Seat 6: Agrotait (big blind) collected ($2)


PokerStars Hand #154126593900:  Hold'em Limit ($3/$6 USD) - 2016/06/01 1:29:33 ET
Table 'Wotho' 10-max Seat #6 is the button
Seat 5: parconxxx ($94.51 in chips)
Seat 6: Agrotait ($94.14 in chips)
Agrotait: posts small blind $1
parconxxx: posts big blind $3
*** HOLE CARDS ***
Agrotait: folds
Uncalled bet ($2) returned to parconxxx
parconxxx collected $2 from pot
*** SUMMARY ***
Total pot $2 | Rake $0
Seat 5: parconxxx (big blind) collected ($2)
Seat 6: Agrotait (button) (small blind) folded before Flop


PokerStars Hand #154126595779:  Hold'em Limit ($3/$6 USD) - 2016/06/01 1:29:41 ET
Table 'Wotho' 10-max Seat #5 is the button
Seat 5: parconxxx ($95.51 in chips)
Seat 6: Agrotait ($93.14 in chips)
parconxxx: posts small blind $1
Agrotait: posts big blind $3
*** HOLE CARDS ***
parconxxx: calls $2
Agrotait: checks
*** FLOP *** [2d 4c 2h]
Agrotait: bets $3
parconxxx: raises $3 to $6
Agrotait: calls $3
*** TURN *** [2d 4c 2h] [Tc]
Agrotait: checks
parconxxx: checks
*** RIVER *** [2d 4c 2h Tc] [Th]
Agrotait: bets $6
parconxxx: calls $6
*** SHOW DOWN ***
Agrotait: shows [4d 2s] (a full house, Deuces full of Tens)
parconxxx: mucks hand
Agrotait collected $29.50 from pot
*** SUMMARY ***
Total pot $30 | Rake $0.50
Board [2d 4c 2h Tc Th]
Seat 5: parconxxx (button) (small blind) mucked
Seat 6: Agrotait (big blind) showed [4d 2s] and won ($29.50) with a full house, Deuces full of Tens


PokerStars Hand #154126586028:  Hold'em Limit ($3/$6 USD) - 2016/06/01 1:29:00 ET
Table 'Wotho' 10-max Seat #5 is the button
Seat 5: parconxxx ($115.51 in chips)
Seat 6: Agrotait ($73.64 in chips)
parconxxx: posts small blind $1
Agrotait: posts big blind $3
*** HOLE CARDS ***
parconxxx: calls $2
Agrotait: raises $3 to $6
parconxxx: calls $3
*** FLOP *** [4h 8c Jc]
Agrotait: bets $3
parconxxx: calls $3
*** TURN *** [4h 8c Jc] [3s]
Agrotait: bets $6
parconxxx: calls $6
*** RIVER *** [4h 8c Jc 3s] [2c]
Agrotait: bets $6
parconxxx: calls $6
*** SHOW DOWN ***
Agrotait: shows [3h 3d] (three of a kind, Threes)
parconxxx: mucks hand
Agrotait collected $41.50 from pot
*** SUMMARY ***
Total pot $42 | Rake $0.50
Board [4h 8c Jc 3s 2c]
Seat 5: parconxxx (button) (small blind) mucked
Seat 6: Agrotait (big blind) showed [3h 3d] and won ($41.50) with three of a kind, Threes


PokerStars Hand #154126608498:  Hold'em Limit ($3/$6 USD) - 2016/06/01 1:30:35 ET
Table 'Wotho' 10-max Seat #5 is the button
Seat 5: parconxxx ($95.01 in chips)
Seat 6: Agrotait ($92.64 in chips)
parconxxx: posts small blind $1
Agrotait: posts big blind $3
*** HOLE CARDS ***
parconxxx: calls $2
Agrotait: raises $3 to $6
parconxxx: calls $3
*** FLOP *** [Ad Ah 7c]
Agrotait: bets $3
parconxxx: calls $3
*** TURN *** [Ad Ah 7c] [2h]
Agrotait: bets $6
parconxxx: calls $6
*** RIVER *** [Ad Ah 7c 2h] [7s]
Agrotait: bets $6
parconxxx: calls $6
*** SHOW DOWN ***
Agrotait: shows [8s As] (a full house, Aces full of Sevens)
parconxxx: mucks hand
Agrotait collected $41.50 from pot
*** SUMMARY ***
Total pot $42 | Rake $0.50
Board [Ad Ah 7c 2h 7s]
Seat 5: parconxxx (button) (small blind) mucked
Seat 6: Agrotait (big blind) showed [8s As] and won ($41.50) with a full house, Aces full of Sevens


PokerStars Hand #154126603340:  Hold'em Limit ($3/$6 USD) - 2016/06/01 1:30:13 ET
Table 'Wotho' 10-max Seat #6 is the button
Seat 5: parconxxx ($80.51 in chips)
Seat 6: Agrotait ($107.64 in chips)
Agrotait: posts small blind $1
parconxxx: posts big blind $3
*** HOLE CARDS ***
Agrotait: raises $3 to $6
parconxxx: calls $3
*** FLOP *** [Ts 5d Ac]
parconxxx: bets $3
Agrotait: calls $3
*** TURN *** [Ts 5d Ac] [8s]
parconxxx: checks
Agrotait: bets $6
parconxxx: calls $6
*** RIVER *** [Ts 5d Ac 8s] [Ad]
parconxxx: checks
Agrotait: checks
*** SHOW DOWN ***
parconxxx: shows [5s Kd] (two pair, Aces and Fives)
Agrotait: mucks hand
parconxxx collected $29.50 from pot
*** SUMMARY ***
Total pot $30 | Rake $0.50
Board [Ts 5d Ac 8s Ad]
Seat 5: parconxxx (big blind) showed [5s Kd] and won ($29.50) with two pair, Aces and Fives
Seat 6: Agrotait (button) (small blind) mucked


PokerStars Hand #154126614099:  Hold'em Limit ($3/$6 USD) - 2016/06/01 1:30:58 ET
Table 'Wotho' 10-max Seat #6 is the button
Seat 5: parconxxx ($74.01 in chips)
Seat 6: Agrotait ($113.14 in chips)
Agrotait: posts small blind $1
parconxxx: posts big blind $3
*** HOLE CARDS ***
Agrotait: folds
Uncalled bet ($2) returned to parconxxx
parconxxx collected $2 from pot
*** SUMMARY ***
Total pot $2 | Rake $0
Seat 5: parconxxx (big blind) collected ($2)
Seat 6: Agrotait (button) (small blind) folded before Flop


PokerStars Hand #154126621663:  Hold'em Limit ($3/$6 USD) - 2016/06/01 1:31:30 ET
Table 'Wotho' 10-max Seat #6 is the button
Seat 5: parconxxx ($78.01 in chips)
Seat 6: Agrotait ($109.14 in chips)
Agrotait: posts small blind $1
parconxxx: posts big blind $3
*** HOLE CARDS ***
Agrotait: folds
Uncalled bet ($2) returned to parconxxx
parconxxx collected $2 from pot
*** SUMMARY ***
Total pot $2 | Rake $0
Seat 5: parconxxx (big blind) collected ($2)
Seat 6: Agrotait (button) (small blind) folded before Flop


PokerStars Hand #154126616650:  Hold'em Limit ($3/$6 USD) - 2016/06/01 1:31:09 ET
Table 'Wotho' 10-max Seat #5 is the button
Seat 5: parconxxx ($75.01 in chips)
Seat 6: Agrotait ($112.14 in chips)
parconxxx: posts small blind $1
Agrotait: posts big blind $3
*** HOLE CARDS ***
parconxxx: raises $3 to $6
Agrotait: folds
Uncalled bet ($3) returned to parconxxx
parconxxx collected $6 from pot
*** SUMMARY ***
Total pot $6 | Rake $0
Seat 5: parconxxx (button) (small blind) collected ($6)
Seat 6: Agrotait (big blind) folded before Flop


PokerStars Hand #154126623307:  Hold'em Limit ($3/$6 USD) - 2016/06/01 1:31:37 ET
Table 'Wotho' 10-max Seat #5 is the button
Seat 5: parconxxx ($79.01 in chips)
Seat 6: Agrotait ($108.14 in chips)
parconxxx: posts small blind $1
Agrotait: posts big blind $3
*** HOLE CARDS ***
parconxxx: raises $3 to $6
Agrotait: raises $3 to $9
parconxxx: calls $3
*** FLOP *** [Kh Js 8s]
Agrotait: bets $3
parconxxx: calls $3
*** TURN *** [Kh Js 8s] [5c]
Agrotait: checks
parconxxx: checks
*** RIVER *** [Kh Js 8s 5c] [Ks]
Agrotait: checks
parconxxx: checks
*** SHOW DOWN ***
Agrotait: shows [9h Ah] (a pair of Kings)
parconxxx: shows [7h 8c] (two pair, Kings and Eights)
parconxxx collected $23.52 from pot
*** SUMMARY ***
Total pot $24 | Rake $0.48
Board [Kh Js 8s 5c Ks]
Seat 5: parconxxx (button) (small blind) showed [7h 8c] and won ($23.52) with two pair, Kings and Eights
Seat 6: Agrotait (big blind) showed [9h Ah] and lost with a pair of Kings


PokerStars Hand #154126629153:  Hold'em Limit ($3/$6 USD) - 2016/06/01 1:32:02 ET
Table 'Wotho' 10-max Seat #6 is the button
Seat 5: parconxxx ($90.53 in chips)
Seat 6: Agrotait ($96.14 in chips)
Agrotait: posts small blind $1
parconxxx: posts big blind $3
*** HOLE CARDS ***
Agrotait: raises $3 to $6
parconxxx: calls $3
*** FLOP *** [Ah 3s Ad]
parconxxx: checks
Agrotait: bets $3
parconxxx: calls $3
*** TURN *** [Ah 3s Ad] [5h]
parconxxx: checks
Agrotait: bets $6
parconxxx: calls $6
*** RIVER *** [Ah 3s Ad 5h] [2c]
parconxxx: checks
Agrotait: checks
*** SHOW DOWN ***
parconxxx: shows [2h Ac] (a full house, Aces full of Deuces)
Agrotait: mucks hand
parconxxx collected $29.50 from pot
*** SUMMARY ***
Total pot $30 | Rake $0.50
Board [Ah 3s Ad 5h 2c]
Seat 5: parconxxx (big blind) showed [2h Ac] and won ($29.50) with a full house, Aces full of Deuces
Seat 6: Agrotait (button) (small blind) mucked


PokerStars Hand #154126636976:  Hold'em Limit ($3/$6 USD) - 2016/06/01 1:32:35 ET
Table 'Wotho' 10-max Seat #5 is the button
Seat 5: parconxxx ($105.03 in chips)
Seat 6: Agrotait ($81.14 in chips)
parconxxx: posts small blind $1
Agrotait: posts big blind $3
*** HOLE CARDS ***
parconxxx: calls $2
Agrotait: checks
*** FLOP *** [7s 9d 7d]
Agrotait: bets $3
parconxxx: calls $3
*** TURN *** [7s 9d 7d] [7c]
Agrotait: checks
parconxxx: bets $6
Agrotait: folds
Uncalled bet ($6) returned to parconxxx
parconxxx collected $11.76 from pot
*** SUMMARY ***
Total pot $12 | Rake $0.24
Board [7s 9d 7d 7c]
Seat 5: parconxxx (button) (small blind) collected ($11.76)
Seat 6: Agrotait (big blind) folded on the Turn


PokerStars Hand #154126642793:  Hold'em Limit ($3/$6 USD) - 2016/06/01 1:33:00 ET
Table 'Wotho' 10-max Seat #6 is the button
Seat 5: parconxxx ($110.79 in chips)
Seat 6: Agrotait ($75.14 in chips)
Agrotait: posts small blind $1
parconxxx: posts big blind $3
*** HOLE CARDS ***
Agrotait: raises $3 to $6
parconxxx: calls $3
*** FLOP *** [Jc 4c Qc]
parconxxx: checks
Agrotait: bets $3
parconxxx: calls $3
*** TURN *** [Jc 4c Qc] [4s]
parconxxx: checks
Agrotait: bets $6
parconxxx: calls $6
*** RIVER *** [Jc 4c Qc 4s] [As]
parconxxx: checks
Agrotait: bets $6
parconxxx: calls $6
*** SHOW DOWN ***
Agrotait: shows [Ah 7h] (two pair, Aces and Fours)
parconxxx: mucks hand
Agrotait collected $41.50 from pot
*** SUMMARY ***
Total pot $42 | Rake $0.50
Board [Jc 4c Qc 4s As]
Seat 5: parconxxx (big blind) mucked
Seat 6: Agrotait (button) (small blind) showed [Ah 7h] and won ($41.50) with two pair, Aces and Fours


PokerStars Hand #154126649264:  Hold'em Limit ($3/$6 USD) - 2016/06/01 1:33:28 ET
Table 'Wotho' 10-max Seat #5 is the button
Seat 5: parconxxx ($89.79 in chips)
Seat 6: Agrotait ($95.64 in chips)
parconxxx: posts small blind $1
Agrotait: posts big blind $3
*** HOLE CARDS ***
parconxxx: raises $3 to $6
Agrotait: calls $3
*** FLOP *** [6s 3c Jh]
Agrotait: checks
parconxxx: bets $3
Agrotait: calls $3
*** TURN *** [6s 3c Jh] [4c]
Agrotait: checks
parconxxx: bets $6
Agrotait: raises $6 to $12
parconxxx: calls $6
*** RIVER *** [6s 3c Jh 4c] [Td]
Agrotait: checks
parconxxx: checks
*** SHOW DOWN ***
Agrotait: shows [5h Ks] (high card King)
parconxxx: shows [5s As] (high card Ace)
parconxxx collected $41.50 from pot
*** SUMMARY ***
Total pot $42 | Rake $0.50
Board [6s 3c Jh 4c Td]
Seat 5: parconxxx (button) (small blind) showed [5s As] and won ($41.50) with high card Ace
Seat 6: Agrotait (big blind) showed [5h Ks] and lost with high card King


PokerStars Hand #154126658667:  Hold'em Limit ($3/$6 USD) - 2016/06/01 1:34:08 ET
Table 'Wotho' 10-max Seat #6 is the button
Seat 5: parconxxx ($110.29 in chips)
Seat 6: Agrotait ($74.64 in chips)
Agrotait: posts small blind $1
parconxxx: posts big blind $3
*** HOLE CARDS ***
Agrotait: raises $3 to $6
parconxxx: calls $3
*** FLOP *** [Ks 3s Tc]
parconxxx: bets $3
Agrotait: calls $3
*** TURN *** [Ks 3s Tc] [6c]
parconxxx: bets $6
Agrotait: calls $6
*** RIVER *** [Ks 3s Tc 6c] [Ts]
parconxxx: checks
Agrotait: bets $6
parconxxx: calls $6
*** SHOW DOWN ***
Agrotait: shows [Td Jc] (three of a kind, Tens)
parconxxx: mucks hand
Agrotait collected $41.50 from pot
*** SUMMARY ***
Total pot $42 | Rake $0.50
Board [Ks 3s Tc 6c Ts]
Seat 5: parconxxx (big blind) mucked
Seat 6: Agrotait (button) (small blind) showed [Td Jc] and won ($41.50) with three of a kind, Tens


PokerStars Hand #154126668152:  Hold'em Limit ($3/$6 USD) - 2016/06/01 1:34:48 ET
Table 'Wotho' 10-max Seat #5 is the button
Seat 5: parconxxx ($89.29 in chips)
Seat 6: Agrotait ($95.14 in chips)
parconxxx: posts small blind $1
Agrotait: posts big blind $3
*** HOLE CARDS ***
parconxxx: raises $3 to $6
Agrotait: folds
Uncalled bet ($3) returned to parconxxx
parconxxx collected $6 from pot
*** SUMMARY ***
Total pot $6 | Rake $0
Seat 5: parconxxx (button) (small blind) collected ($6)
Seat 6: Agrotait (big blind) folded before Flop


PokerStars Hand #154126670921:  Hold'em Limit ($3/$6 USD) - 2016/06/01 1:34:59 ET
Table 'Wotho' 10-max Seat #6 is the button
Seat 5: parconxxx ($92.29 in chips)
Seat 6: Agrotait ($92.14 in chips)
Agrotait: posts small blind $1
parconxxx: posts big blind $3
*** HOLE CARDS ***
Agrotait: raises $3 to $6
parconxxx: calls $3
*** FLOP *** [3s Jh 4h]
parconxxx: bets $3
Agrotait: calls $3
*** TURN *** [3s Jh 4h] [8c]
parconxxx: bets $6
Agrotait: calls $6
*** RIVER *** [3s Jh 4h 8c] [4s]
parconxxx: bets $6
Agrotait: folds
Uncalled bet ($6) returned to parconxxx
parconxxx collected $29.50 from pot
*** SUMMARY ***
Total pot $30 | Rake $0.50
Board [3s Jh 4h 8c 4s]
Seat 5: parconxxx (big blind) collected ($29.50)
Seat 6: Agrotait (button) (small blind) folded on the River


PokerStars Hand #154126679692:  Hold'em Limit ($3/$6 USD) - 2016/06/01 1:35:36 ET
Table 'Wotho' 10-max Seat #5 is the button
Seat 5: parconxxx ($106.79 in chips)
Seat 6: Agrotait ($77.14 in chips)
parconxxx: posts small blind $1
Agrotait: posts big blind $3
*** HOLE CARDS ***
parconxxx: raises $3 to $6
Agrotait: calls $3
*** FLOP *** [3c 2s 9c]
Agrotait: checks
parconxxx: checks
*** TURN *** [3c 2s 9c] [7s]
Agrotait: checks
parconxxx: checks
*** RIVER *** [3c 2s 9c 7s] [Ah]
Agrotait: checks
parconxxx: bets $6
Agrotait: folds
Uncalled bet ($6) returned to parconxxx
parconxxx collected $11.76 from pot
*** SUMMARY ***
Total pot $12 | Rake $0.24
Board [3c 2s 9c 7s Ah]
Seat 5: parconxxx (button) (small blind) collected ($11.76)
Seat 6: Agrotait (big blind) folded on the River


PokerStars Hand #154126694385:  Hold'em Limit ($3/$6 USD) - 2016/06/01 1:36:39 ET
Table 'Wotho' 10-max Seat #5 is the button
Seat 5: parconxxx ($133.05 in chips)
Seat 6: Agrotait ($72 in chips)
parconxxx: posts small blind $1
Agrotait: posts big blind $3
*** HOLE CARDS ***
parconxxx: calls $2
Agrotait: raises $3 to $6
parconxxx: calls $3
*** FLOP *** [2d 7c 7d]
Agrotait: bets $3
parconxxx: calls $3
*** TURN *** [2d 7c 7d] [8h]
Agrotait: bets $6
parconxxx: calls $6
*** RIVER *** [2d 7c 7d 8h] [5h]
Agrotait: checks
parconxxx: bets $6
Agrotait: calls $6
*** SHOW DOWN ***
parconxxx: shows [Ad 2c] (two pair, Sevens and Deuces)
Agrotait: mucks hand
parconxxx collected $41.50 from pot
*** SUMMARY ***
Total pot $42 | Rake $0.50
Board [2d 7c 7d 8h 5h]
Seat 5: parconxxx (button) (small blind) showed [Ad 2c] and won ($41.50) with two pair, Sevens and Deuces
Seat 6: Agrotait (big blind) mucked


PokerStars Hand #154126687140:  Hold'em Limit ($3/$6 USD) - 2016/06/01 1:36:08 ET
Table 'Wotho' 10-max Seat #6 is the button
Seat 5: parconxxx ($112.55 in chips)
Seat 6: Agrotait ($71.14 in chips)
Agrotait: posts small blind $1
parconxxx: posts big blind $3
*** HOLE CARDS ***
Agrotait: raises $3 to $6
parconxxx: calls $3
*** FLOP *** [Jh 6h Jd]
parconxxx: checks
Agrotait: bets $3
parconxxx: calls $3
*** TURN *** [Jh 6h Jd] [Tc]
parconxxx: checks
Agrotait: bets $6
parconxxx: raises $6 to $12
Agrotait: calls $6
*** RIVER *** [Jh 6h Jd Tc] [Ad]
parconxxx: bets $6
Agrotait: folds
Uncalled bet ($6) returned to parconxxx
parconxxx collected $41.50 from pot
*** SUMMARY ***
Total pot $42 | Rake $0.50
Board [Jh 6h Jd Tc Ad]
Seat 5: parconxxx (big blind) collected ($41.50)
Seat 6: Agrotait (button) (small blind) folded on the River


PokerStars Hand #154126716007:  Hold'em Limit ($3/$6 USD) - 2016/06/01 1:38:10 ET
Table 'Wotho' 10-max Seat #6 is the button
Seat 5: parconxxx ($138.31 in chips)
Seat 6: Agrotait ($86.50 in chips)
Agrotait: posts small blind $1
parconxxx: posts big blind $3
*** HOLE CARDS ***
Agrotait: folds
Uncalled bet ($2) returned to parconxxx
parconxxx collected $2 from pot
*** SUMMARY ***
Total pot $2 | Rake $0
Seat 5: parconxxx (big blind) collected ($2)
Seat 6: Agrotait (button) (small blind) folded before Flop


PokerStars Hand #154126707132:  Hold'em Limit ($3/$6 USD) - 2016/06/01 1:37:33 ET
Table 'Wotho' 10-max Seat #5 is the button
Seat 5: parconxxx ($132.55 in chips)
Seat 6: Agrotait ($92.50 in chips)
parconxxx: posts small blind $1
Agrotait: posts big blind $3
*** HOLE CARDS ***
parconxxx: calls $2
Agrotait: checks
*** FLOP *** [9s 8c Ts]
Agrotait: bets $3
parconxxx: calls $3
*** TURN *** [9s 8c Ts] [9h]
Agrotait: checks
parconxxx: checks
*** RIVER *** [9s 8c Ts 9h] [Ad]
Agrotait: checks
parconxxx: bets $6
Agrotait: folds
Uncalled bet ($6) returned to parconxxx
parconxxx collected $11.76 from pot
*** SUMMARY ***
Total pot $12 | Rake $0.24
Board [9s 8c Ts 9h Ad]
Seat 5: parconxxx (button) (small blind) collected ($11.76)
Seat 6: Agrotait (big blind) folded on the River


PokerStars Hand #154126717478:  Hold'em Limit ($3/$6 USD) - 2016/06/01 1:38:16 ET
Table 'Wotho' 10-max Seat #5 is the button
Seat 5: parconxxx ($139.31 in chips)
Seat 6: Agrotait ($85.50 in chips)
parconxxx: posts small blind $1
Agrotait: posts big blind $3
*** HOLE CARDS ***
parconxxx: folds
Uncalled bet ($2) returned to Agrotait
Agrotait collected $2 from pot
Agrotait: doesn't show hand
*** SUMMARY ***
Total pot $2 | Rake $0
Seat 5: parconxxx (button) (small blind) folded before Flop
Seat 6: Agrotait (big blind) collected ($2)


PokerStars Hand #154126699608:  Hold'em Limit ($3/$6 USD) - 2016/06/01 1:37:01 ET
Table 'Wotho' 10-max Seat #6 is the button
Seat 5: parconxxx ($153.55 in chips)
Seat 6: Agrotait ($72 in chips)
Agrotait: posts small blind $1
parconxxx: posts big blind $3
*** HOLE CARDS ***
Agrotait: raises $3 to $6
parconxxx: calls $3
*** FLOP *** [Qs Qh 2h]
parconxxx: checks
Agrotait: bets $3
parconxxx: calls $3
*** TURN *** [Qs Qh 2h] [Kc]
parconxxx: bets $6
Agrotait: calls $6
*** RIVER *** [Qs Qh 2h Kc] [3s]
parconxxx: bets $6
Agrotait: calls $6
*** SHOW DOWN ***
parconxxx: shows [Td 9d] (a pair of Queens)
Agrotait: shows [9c Ad] (a pair of Queens - Ace kicker)
Agrotait collected $41.50 from pot
*** SUMMARY ***
Total pot $42 | Rake $0.50
Board [Qs Qh 2h Kc 3s]
Seat 5: parconxxx (big blind) showed [Td 9d] and lost with a pair of Queens
Seat 6: Agrotait (button) (small blind) showed [9c Ad] and won ($41.50) with a pair of Queens


PokerStars Hand #154126718957:  Hold'em Limit ($3/$6 USD) - 2016/06/01 1:38:22 ET
Table 'Wotho' 10-max Seat #6 is the button
Seat 5: parconxxx ($138.31 in chips)
Seat 6: Agrotait ($86.50 in chips)
Agrotait: posts small blind $1
parconxxx: posts big blind $3
*** HOLE CARDS ***
Agrotait: raises $3 to $6
parconxxx: calls $3
*** FLOP *** [2s 4c 7c]
parconxxx: checks
Agrotait: bets $3
parconxxx: calls $3
*** TURN *** [2s 4c 7c] [Th]
parconxxx: checks
Agrotait: bets $6
parconxxx: calls $6
*** RIVER *** [2s 4c 7c Th] [Qd]
parconxxx: checks
Agrotait: checks
*** SHOW DOWN ***
parconxxx: shows [5c 7s] (a pair of Sevens)
Agrotait: mucks hand
parconxxx collected $29.50 from pot
*** SUMMARY ***
Total pot $30 | Rake $0.50
Board [2s 4c 7c Th Qd]
Seat 5: parconxxx (big blind) showed [5c 7s] and won ($29.50) with a pair of Sevens
Seat 6: Agrotait (button) (small blind) mucked


PokerStars Hand #154126727910:  Hold'em Limit ($3/$6 USD) - 2016/06/01 1:39:00 ET
Table 'Wotho' 10-max Seat #6 is the button
Seat 5: parconxxx ($158.57 in chips)
Seat 6: Agrotait ($65.50 in chips)
Agrotait: posts small blind $1
parconxxx: posts big blind $3
*** HOLE CARDS ***
Agrotait: raises $3 to $6
parconxxx: calls $3
*** FLOP *** [6d 6s 5s]
parconxxx: checks
Agrotait: bets $3
parconxxx: calls $3
*** TURN *** [6d 6s 5s] [8h]
parconxxx: checks
Agrotait: bets $6
parconxxx: calls $6
*** RIVER *** [6d 6s 5s 8h] [4s]
parconxxx: checks
Agrotait: checks
*** SHOW DOWN ***
parconxxx: shows [Ad 9s] (a pair of Sixes)
Agrotait: shows [5h Kh] (two pair, Sixes and Fives)
Agrotait collected $29.50 from pot
*** SUMMARY ***
Total pot $30 | Rake $0.50
Board [6d 6s 5s 8h 4s]
Seat 5: parconxxx (big blind) showed [Ad 9s] and lost with a pair of Sixes
Seat 6: Agrotait (button) (small blind) showed [5h Kh] and won ($29.50) with two pair, Sixes and Fives


PokerStars Hand #154126723680:  Hold'em Limit ($3/$6 USD) - 2016/06/01 1:38:42 ET
Table 'Wotho' 10-max Seat #5 is the button
Seat 5: parconxxx ($152.81 in chips)
Seat 6: Agrotait ($71.50 in chips)
parconxxx: posts small blind $1
Agrotait: posts big blind $3
*** HOLE CARDS ***
parconxxx: calls $2
Agrotait: checks
*** FLOP *** [7h 8d Ts]
Agrotait: bets $3
parconxxx: calls $3
*** TURN *** [7h 8d Ts] [7s]
Agrotait: checks
parconxxx: bets $6
Agrotait: folds
Uncalled bet ($6) returned to parconxxx
parconxxx collected $11.76 from pot
*** SUMMARY ***
Total pot $12 | Rake $0.24
Board [7h 8d Ts 7s]
Seat 5: parconxxx (button) (small blind) collected ($11.76)
Seat 6: Agrotait (big blind) folded on the Turn


PokerStars Hand #154126735309:  Hold'em Limit ($3/$6 USD) - 2016/06/01 1:39:31 ET
Table 'Wotho' 10-max Seat #6 is the button
Seat 5: parconxxx ($142.57 in chips)
Seat 6: Agrotait ($81 in chips)
Agrotait: posts small blind $1
parconxxx: posts big blind $3
*** HOLE CARDS ***
Agrotait: folds
Uncalled bet ($2) returned to parconxxx
parconxxx collected $2 from pot
*** SUMMARY ***
Total pot $2 | Rake $0
Seat 5: parconxxx (big blind) collected ($2)
Seat 6: Agrotait (button) (small blind) folded before Flop


PokerStars Hand #154126742049:  Hold'em Limit ($3/$6 USD) - 2016/06/01 1:40:00 ET
Table 'Wotho' 10-max Seat #6 is the button
Seat 5: parconxxx ($152.21 in chips)
Seat 6: Agrotait ($71 in chips)
Agrotait: posts small blind $1
parconxxx: posts big blind $3
*** HOLE CARDS ***
Agrotait: folds
Uncalled bet ($2) returned to parconxxx
parconxxx collected $2 from pot
*** SUMMARY ***
Total pot $2 | Rake $0
Seat 5: parconxxx (big blind) collected ($2)
Seat 6: Agrotait (button) (small blind) folded before Flop


PokerStars Hand #154126736615:  Hold'em Limit ($3/$6 USD) - 2016/06/01 1:39:37 ET
Table 'Wotho' 10-max Seat #5 is the button
Seat 5: parconxxx ($143.57 in chips)
Seat 6: Agrotait ($80 in chips)
parconxxx: posts small blind $1
Agrotait: posts big blind $3
*** HOLE CARDS ***
parconxxx: calls $2
Agrotait: raises $3 to $6
parconxxx: calls $3
*** FLOP *** [3d 5d Ks]
Agrotait: bets $3
parconxxx: calls $3
*** TURN *** [3d 5d Ks] [9s]
Agrotait: checks
parconxxx: checks
*** RIVER *** [3d 5d Ks 9s] [Jh]
Agrotait: checks
parconxxx: checks
*** SHOW DOWN ***
Agrotait: shows [7s Ac] (high card Ace)
parconxxx: shows [3c 8c] (a pair of Threes)
parconxxx collected $17.64 from pot
*** SUMMARY ***
Total pot $18 | Rake $0.36
Board [3d 5d Ks 9s Jh]
Seat 5: parconxxx (button) (small blind) showed [3c 8c] and won ($17.64) with a pair of Threes
Seat 6: Agrotait (big blind) showed [7s Ac] and lost with high card Ace


PokerStars Hand #154126734009:  Hold'em Limit ($3/$6 USD) - 2016/06/01 1:39:25 ET
Table 'Wotho' 10-max Seat #5 is the button
Seat 5: parconxxx ($143.57 in chips)
Seat 6: Agrotait ($80 in chips)
parconxxx: posts small blind $1
Agrotait: posts big blind $3
*** HOLE CARDS ***
parconxxx: folds
Uncalled bet ($2) returned to Agrotait
Agrotait collected $2 from pot
Agrotait: doesn't show hand
*** SUMMARY ***
Total pot $2 | Rake $0
Seat 5: parconxxx (button) (small blind) folded before Flop
Seat 6: Agrotait (big blind) collected ($2)


PokerStars Hand #154126755464:  Hold'em Limit ($3/$6 USD) - 2016/06/01 1:40:56 ET
Table 'Wotho' 10-max Seat #5 is the button
Seat 5: parconxxx ($144.21 in chips)
Seat 6: Agrotait ($78.76 in chips)
parconxxx: posts small blind $1
Agrotait: posts big blind $3
*** HOLE CARDS ***
parconxxx: calls $2
Agrotait: checks
*** FLOP *** [3h Ad 3c]
Agrotait: bets $3
parconxxx: folds
Uncalled bet ($3) returned to Agrotait
Agrotait collected $5.88 from pot
Agrotait: doesn't show hand
*** SUMMARY ***
Total pot $6 | Rake $0.12
Board [3h Ad 3c]
Seat 5: parconxxx (button) (small blind) folded on the Flop
Seat 6: Agrotait (big blind) collected ($5.88)


PokerStars Hand #154126743406:  Hold'em Limit ($3/$6 USD) - 2016/06/01 1:40:05 ET
Table 'Wotho' 10-max Seat #5 is the button
Seat 5: parconxxx ($153.21 in chips)
Seat 6: Agrotait ($70 in chips)
parconxxx: posts small blind $1
Agrotait: posts big blind $3
*** HOLE CARDS ***
parconxxx: calls $2
Agrotait: raises $3 to $6
parconxxx: calls $3
*** FLOP *** [8h Qh 7c]
Agrotait: bets $3
parconxxx: folds
Uncalled bet ($3) returned to Agrotait
Agrotait collected $11.76 from pot
Agrotait: doesn't show hand
*** SUMMARY ***
Total pot $12 | Rake $0.24
Board [8h Qh 7c]
Seat 5: parconxxx (button) (small blind) folded on the Flop
Seat 6: Agrotait (big blind) collected ($11.76)


PokerStars Hand #154126752700:  Hold'em Limit ($3/$6 USD) - 2016/06/01 1:40:44 ET
Table 'Wotho' 10-max Seat #6 is the button
Seat 5: parconxxx ($147.21 in chips)
Seat 6: Agrotait ($75.76 in chips)
Agrotait: posts small blind $1
parconxxx: posts big blind $3
*** HOLE CARDS ***
Agrotait: raises $3 to $6
parconxxx: folds
Uncalled bet ($3) returned to Agrotait
Agrotait collected $6 from pot
Agrotait: doesn't show hand
*** SUMMARY ***
Total pot $6 | Rake $0
Seat 5: parconxxx (big blind) folded before Flop
Seat 6: Agrotait (button) (small blind) collected ($6)


PokerStars Hand #154126771636:  Hold'em Limit ($3/$6 USD) - 2016/06/01 1:42:04 ET
Table 'Wotho' 10-max Seat #6 is the button
Seat 5: parconxxx ($162.71 in chips)
Seat 6: Agrotait ($72 in chips)
Agrotait: posts small blind $1
parconxxx: posts big blind $3
*** HOLE CARDS ***
Agrotait: folds
Uncalled bet ($2) returned to parconxxx
parconxxx collected $2 from pot
*** SUMMARY ***
Total pot $2 | Rake $0
Seat 5: parconxxx (big blind) collected ($2)
Seat 6: Agrotait (button) (small blind) folded before Flop


PokerStars Hand #154126773103:  Hold'em Limit ($3/$6 USD) - 2016/06/01 1:42:10 ET
Table 'Wotho' 10-max Seat #5 is the button
Seat 5: parconxxx ($163.71 in chips)
Seat 6: Agrotait ($71 in chips)
parconxxx: posts small blind $1
Agrotait: posts big blind $3
*** HOLE CARDS ***
parconxxx: raises $3 to $6
Agrotait: calls $3
*** FLOP *** [9d Qs Jh]
Agrotait: checks
parconxxx: bets $3
Agrotait: raises $3 to $6
parconxxx: folds
Uncalled bet ($3) returned to Agrotait
Agrotait collected $17.64 from pot
Agrotait: doesn't show hand
*** SUMMARY ***
Total pot $18 | Rake $0.36
Board [9d Qs Jh]
Seat 5: parconxxx (button) (small blind) folded on the Flop
Seat 6: Agrotait (big blind) collected ($17.64)


PokerStars Hand #154126758816:  Hold'em Limit ($3/$6 USD) - 2016/06/01 1:41:11 ET
Table 'Wotho' 10-max Seat #6 is the button
Seat 5: parconxxx ($141.21 in chips)
Seat 6: Agrotait ($81.64 in chips)
Agrotait: posts small blind $1
parconxxx: posts big blind $3
*** HOLE CARDS ***
Agrotait: folds
Uncalled bet ($2) returned to parconxxx
parconxxx collected $2 from pot
*** SUMMARY ***
Total pot $2 | Rake $0
Seat 5: parconxxx (big blind) collected ($2)
Seat 6: Agrotait (button) (small blind) folded before Flop


PokerStars Hand #154126763824:  Hold'em Limit ($3/$6 USD) - 2016/06/01 1:41:31 ET
Table 'Wotho' 10-max Seat #5 is the button
Seat 5: parconxxx ($142.21 in chips)
Seat 6: Agrotait ($80.64 in chips)
parconxxx: posts small blind $1
Agrotait: posts big blind $3
*** HOLE CARDS ***
parconxxx: raises $3 to $6
Agrotait: calls $3
*** FLOP *** [8h 7h As]
Agrotait: checks
parconxxx: bets $3
Agrotait: calls $3
*** TURN *** [8h 7h As] [Kd]
Agrotait: checks
parconxxx: bets $6
Agrotait: calls $6
*** RIVER *** [8h 7h As Kd] [Qs]
Agrotait: checks
parconxxx: bets $6
Agrotait: calls $6
*** SHOW DOWN ***
parconxxx: shows [Js Kc] (a pair of Kings)
Agrotait: mucks hand
parconxxx collected $41.50 from pot
*** SUMMARY ***
Total pot $42 | Rake $0.50
Board [8h 7h As Kd Qs]
Seat 5: parconxxx (button) (small blind) showed [Js Kc] and won ($41.50) with a pair of Kings
Seat 6: Agrotait (big blind) mucked


PokerStars Hand #154126776614:  Hold'em Limit ($3/$6 USD) - 2016/06/01 1:42:25 ET
Table 'Wotho' 10-max Seat #6 is the button
Seat 5: parconxxx ($154.71 in chips)
Seat 6: Agrotait ($79.64 in chips)
Agrotait: posts small blind $1
parconxxx: posts big blind $3
*** HOLE CARDS ***
Agrotait: raises $3 to $6
parconxxx: folds
Uncalled bet ($3) returned to Agrotait
Agrotait collected $6 from pot
Agrotait: doesn't show hand
*** SUMMARY ***
Total pot $6 | Rake $0
Seat 5: parconxxx (big blind) folded before Flop
Seat 6: Agrotait (button) (small blind) collected ($6)


PokerStars Hand #154126783396:  Hold'em Limit ($3/$6 USD) - 2016/06/01 1:42:54 ET
Table 'Wotho' 10-max Seat #6 is the button
Seat 5: parconxxx ($151.47 in chips)
Seat 6: Agrotait ($82.40 in chips)
Agrotait: posts small blind $1
parconxxx: posts big blind $3
*** HOLE CARDS ***
Agrotait: folds
Uncalled bet ($2) returned to parconxxx
parconxxx collected $2 from pot
*** SUMMARY ***
Total pot $2 | Rake $0
Seat 5: parconxxx (big blind) collected ($2)
Seat 6: Agrotait (button) (small blind) folded before Flop


PokerStars Hand #154126778074:  Hold'em Limit ($3/$6 USD) - 2016/06/01 1:42:31 ET
Table 'Wotho' 10-max Seat #5 is the button
Seat 5: parconxxx ($151.71 in chips)
Seat 6: Agrotait ($82.64 in chips)
parconxxx: posts small blind $1
Agrotait: posts big blind $3
*** HOLE CARDS ***
parconxxx: raises $3 to $6
Agrotait: calls $3
*** FLOP *** [4d 8h Ac]
Agrotait: checks
parconxxx: bets $3
Agrotait: raises $3 to $6
parconxxx: calls $3
*** TURN *** [4d 8h Ac] [Kc]
Agrotait: checks
parconxxx: checks
*** RIVER *** [4d 8h Ac Kc] [6d]
Agrotait: checks
parconxxx: checks
*** SHOW DOWN ***
Agrotait: shows [4h 9h] (a pair of Fours)
parconxxx: shows [4c 9d] (a pair of Fours)
Agrotait collected $11.76 from pot
parconxxx collected $11.76 from pot
*** SUMMARY ***
Total pot $24 | Rake $0.48
Board [4d 8h Ac Kc 6d]
Seat 5: parconxxx (button) (small blind) showed [4c 9d] and won ($11.76) with a pair of Fours
Seat 6: Agrotait (big blind) showed [4h 9h] and won ($11.76) with a pair of Fours


PokerStars Hand #154126792098:  Hold'em Limit ($3/$6 USD) - 2016/06/01 1:43:30 ET
Table 'Wotho' 10-max Seat #6 is the button
Seat 5: parconxxx ($134.47 in chips)
Seat 6: Agrotait ($98.90 in chips)
Agrotait: posts small blind $1
parconxxx: posts big blind $3
*** HOLE CARDS ***
Agrotait: raises $3 to $6
parconxxx: calls $3
*** FLOP *** [8s Js 2c]
parconxxx: checks
Agrotait: bets $3
parconxxx: calls $3
*** TURN *** [8s Js 2c] [6d]
parconxxx: checks
Agrotait: bets $6
parconxxx: calls $6
*** RIVER *** [8s Js 2c 6d] [4s]
parconxxx: checks
Agrotait: checks
*** SHOW DOWN ***
parconxxx: shows [Ad 2s] (a pair of Deuces)
Agrotait: mucks hand
parconxxx collected $29.50 from pot
*** SUMMARY ***
Total pot $30 | Rake $0.50
Board [8s Js 2c 6d 4s]
Seat 5: parconxxx (big blind) showed [Ad 2s] and won ($29.50) with a pair of Deuces
Seat 6: Agrotait (button) (small blind) mucked


PokerStars Hand #154126796234:  Hold'em Limit ($3/$6 USD) - 2016/06/01 1:43:48 ET
Table 'Wotho' 10-max Seat #5 is the button
Seat 5: parconxxx ($148.97 in chips)
Seat 6: Agrotait ($83.90 in chips)
parconxxx: posts small blind $1
Agrotait: posts big blind $3
*** HOLE CARDS ***
parconxxx: calls $2
Agrotait: raises $3 to $6
parconxxx: calls $3
*** FLOP *** [Qc 6d Qh]
Agrotait: bets $3
parconxxx: calls $3
*** TURN *** [Qc 6d Qh] [6s]
Agrotait: bets $6
parconxxx: calls $6
*** RIVER *** [Qc 6d Qh 6s] [9s]
Agrotait: checks
parconxxx: bets $6
Agrotait: folds
Uncalled bet ($6) returned to parconxxx
parconxxx collected $29.50 from pot
parconxxx: shows [2s Ts] (two pair, Queens and Sixes)
*** SUMMARY ***
Total pot $30 | Rake $0.50
Board [Qc 6d Qh 6s 9s]
Seat 5: parconxxx (button) (small blind) collected ($29.50)
Seat 6: Agrotait (big blind) folded on the River


PokerStars Hand #154126784666:  Hold'em Limit ($3/$6 USD) - 2016/06/01 1:42:59 ET
Table 'Wotho' 10-max Seat #5 is the button
Seat 5: parconxxx ($152.47 in chips)
Seat 6: Agrotait ($81.40 in chips)
parconxxx: posts small blind $1
Agrotait: posts big blind $3
*** HOLE CARDS ***
parconxxx: raises $3 to $6
Agrotait: calls $3
*** FLOP *** [9c 8h 3h]
Agrotait: checks
parconxxx: bets $3
Agrotait: raises $3 to $6
parconxxx: calls $3
*** TURN *** [9c 8h 3h] [Ac]
Agrotait: bets $6
parconxxx: calls $6
*** RIVER *** [9c 8h 3h Ac] [3c]
Agrotait: bets $6
parconxxx: folds
Uncalled bet ($6) returned to Agrotait
Agrotait collected $35.50 from pot
Agrotait: doesn't show hand
*** SUMMARY ***
Total pot $36 | Rake $0.50
Board [9c 8h 3h Ac 3c]
Seat 5: parconxxx (button) (small blind) folded on the River
Seat 6: Agrotait (big blind) collected ($35.50)


PokerStars Hand #154126807721:  Hold'em Limit ($3/$6 USD) - 2016/06/01 1:44:37 ET
Table 'Wotho' 10-max Seat #5 is the button
Seat 5: parconxxx ($142.47 in chips)
Seat 6: Agrotait ($89.40 in chips)
parconxxx: posts small blind $1
Agrotait: posts big blind $3
*** HOLE CARDS ***
parconxxx: calls $2
Agrotait: raises $3 to $6
parconxxx: calls $3
*** FLOP *** [4c 7s 2h]
Agrotait: bets $3
parconxxx: calls $3
*** TURN *** [4c 7s 2h] [9d]
Agrotait: bets $6
parconxxx: calls $6
*** RIVER *** [4c 7s 2h 9d] [2d]
Agrotait: checks
parconxxx: bets $6
Agrotait: calls $6
*** SHOW DOWN ***
parconxxx: shows [5s Ad] (a pair of Deuces)
Agrotait: shows [5c Ac] (a pair of Deuces)
Agrotait collected $20.75 from pot
parconxxx collected $20.75 from pot
*** SUMMARY ***
Total pot $42 | Rake $0.50
Board [4c 7s 2h 9d 2d]
Seat 5: parconxxx (button) (small blind) showed [5s Ad] and won ($20.75) with a pair of Deuces
Seat 6: Agrotait (big blind) showed [5c Ac] and won ($20.75) with a pair of Deuces


PokerStars Hand #154126813692:  Hold'em Limit ($3/$6 USD) - 2016/06/01 1:45:02 ET
Table 'Wotho' 10-max Seat #6 is the button
Seat 5: parconxxx ($142.22 in chips)
Seat 6: Agrotait ($89.15 in chips)
Agrotait: posts small blind $1
parconxxx: posts big blind $3
*** HOLE CARDS ***
Agrotait: raises $3 to $6
parconxxx: calls $3
*** FLOP *** [Jc 2h 4h]
parconxxx: checks
Agrotait: bets $3
parconxxx: calls $3
*** TURN *** [Jc 2h 4h] [7d]
parconxxx: checks
Agrotait: bets $6
parconxxx: calls $6
*** RIVER *** [Jc 2h 4h 7d] [As]
parconxxx: checks
Agrotait: bets $6
parconxxx: raises $6 to $12
Agrotait: calls $6
*** SHOW DOWN ***
parconxxx: shows [Ac 5h] (a pair of Aces)
Agrotait: mucks hand
parconxxx collected $53.50 from pot
*** SUMMARY ***
Total pot $54 | Rake $0.50
Board [Jc 2h 4h 7d As]
Seat 5: parconxxx (big blind) showed [Ac 5h] and won ($53.50) with a pair of Aces
Seat 6: Agrotait (button) (small blind) mucked


PokerStars Hand #154126824885:  Hold'em Limit ($3/$6 USD) - 2016/06/01 1:45:49 ET
Table 'Wotho' 10-max Seat #5 is the button
Seat 5: parconxxx ($168.72 in chips)
Seat 6: Agrotait ($62.15 in chips)
parconxxx: posts small blind $1
Agrotait: posts big blind $3
*** HOLE CARDS ***
parconxxx: calls $2
Agrotait: checks
*** FLOP *** [Ks Js 7c]
Agrotait: bets $3
parconxxx: calls $3
*** TURN *** [Ks Js 7c] [6h]
Agrotait: checks
parconxxx: bets $6
Agrotait: folds
Uncalled bet ($6) returned to parconxxx
parconxxx collected $11.76 from pot
*** SUMMARY ***
Total pot $12 | Rake $0.24
Board [Ks Js 7c 6h]
Seat 5: parconxxx (button) (small blind) collected ($11.76)
Seat 6: Agrotait (big blind) folded on the Turn


PokerStars Hand #154126838147:  Hold'em Limit ($3/$6 USD) - 2016/06/01 1:46:44 ET
Table 'Wotho' 10-max Seat #6 is the button
Seat 5: parconxxx ($177.12 in chips)
Seat 6: Agrotait ($68.76 in chips)
Agrotait: posts small blind $1
parconxxx: posts big blind $3
*** HOLE CARDS ***
Agrotait: raises $3 to $6
parconxxx: calls $3
*** FLOP *** [9h 3d Jd]
parconxxx: checks
Agrotait: bets $3
parconxxx: calls $3
*** TURN *** [9h 3d Jd] [4d]
parconxxx: checks
Agrotait: bets $6
parconxxx: calls $6
*** RIVER *** [9h 3d Jd 4d] [2c]
parconxxx: checks
Agrotait: checks
*** SHOW DOWN ***
parconxxx: shows [Js 7h] (a pair of Jacks)
Agrotait: mucks hand
parconxxx collected $29.50 from pot
*** SUMMARY ***
Total pot $30 | Rake $0.50
Board [9h 3d Jd 4d 2c]
Seat 5: parconxxx (big blind) showed [Js 7h] and won ($29.50) with a pair of Jacks
Seat 6: Agrotait (button) (small blind) mucked


PokerStars Hand #154126831009:  Hold'em Limit ($3/$6 USD) - 2016/06/01 1:46:15 ET
Table 'Wotho' 10-max Seat #6 is the button
Seat 5: parconxxx ($174.48 in chips)
Seat 6: Agrotait ($72 in chips)
Agrotait: posts small blind $1
parconxxx: posts big blind $3
*** HOLE CARDS ***
Agrotait: raises $3 to $6
parconxxx: calls $3
*** FLOP *** [4d 8d Ah]
parconxxx: checks
Agrotait: bets $3
parconxxx: calls $3
*** TURN *** [4d 8d Ah] [Kd]
parconxxx: checks
Agrotait: checks
*** RIVER *** [4d 8d Ah Kd] [3h]
parconxxx: bets $6
Agrotait: folds
Uncalled bet ($6) returned to parconxxx
parconxxx collected $17.64 from pot
*** SUMMARY ***
Total pot $18 | Rake $0.36
Board [4d 8d Ah Kd 3h]
Seat 5: parconxxx (big blind) collected ($17.64)
Seat 6: Agrotait (button) (small blind) folded on the River


PokerStars Hand #154126835444:  Hold'em Limit ($3/$6 USD) - 2016/06/01 1:46:33 ET
Table 'Wotho' 10-max Seat #5 is the button
Seat 5: parconxxx ($183.12 in chips)
Seat 6: Agrotait ($63 in chips)
parconxxx: posts small blind $1
Agrotait: posts big blind $3
*** HOLE CARDS ***
parconxxx: calls $2
Agrotait: raises $3 to $6
parconxxx: calls $3
*** FLOP *** [Tc Ks 8h]
Agrotait: bets $3
parconxxx: folds
Uncalled bet ($3) returned to Agrotait
Agrotait collected $11.76 from pot
Agrotait: doesn't show hand
*** SUMMARY ***
Total pot $12 | Rake $0.24
Board [Tc Ks 8h]
Seat 5: parconxxx (button) (small blind) folded on the Flop
Seat 6: Agrotait (big blind) collected ($11.76)


PokerStars Hand #154126842864:  Hold'em Limit ($3/$6 USD) - 2016/06/01 1:47:04 ET
Table 'Wotho' 10-max Seat #5 is the button
Seat 5: parconxxx ($191.62 in chips)
Seat 6: Agrotait ($72 in chips)
parconxxx: posts small blind $1
Agrotait: posts big blind $3
*** HOLE CARDS ***
parconxxx: calls $2
Agrotait: checks
*** FLOP *** [As Qc 2h]
Agrotait: bets $3
parconxxx: calls $3
*** TURN *** [As Qc 2h] [2d]
Agrotait: checks
parconxxx: bets $6
Agrotait: folds
Uncalled bet ($6) returned to parconxxx
parconxxx collected $11.76 from pot
*** SUMMARY ***
Total pot $12 | Rake $0.24
Board [As Qc 2h 2d]
Seat 5: parconxxx (button) (small blind) collected ($11.76)
Seat 6: Agrotait (big blind) folded on the Turn


PokerStars Hand #154126858860:  Hold'em Limit ($3/$6 USD) - 2016/06/01 1:48:11 ET
Table 'Wotho' 10-max Seat #5 is the button
Seat 5: parconxxx ($206.02 in chips)
Seat 6: Agrotait ($72 in chips)
parconxxx: posts small blind $1
Agrotait: posts big blind $3
*** HOLE CARDS ***
parconxxx: folds
Uncalled bet ($2) returned to Agrotait
Agrotait collected $2 from pot
Agrotait: doesn't show hand
*** SUMMARY ***
Total pot $2 | Rake $0
Seat 5: parconxxx (button) (small blind) folded before Flop
Seat 6: Agrotait (big blind) collected ($2)


PokerStars Hand #154126853379:  Hold'em Limit ($3/$6 USD) - 2016/06/01 1:47:48 ET
Table 'Wotho' 10-max Seat #6 is the button
Seat 5: parconxxx ($197.38 in chips)
Seat 6: Agrotait ($66 in chips)
Agrotait: posts small blind $1
parconxxx: posts big blind $3
*** HOLE CARDS ***
Agrotait: raises $3 to $6
parconxxx: calls $3
*** FLOP *** [Ks Qd Ah]
parconxxx: checks
Agrotait: bets $3
parconxxx: calls $3
*** TURN *** [Ks Qd Ah] [9h]
parconxxx: checks
Agrotait: checks
*** RIVER *** [Ks Qd Ah 9h] [As]
parconxxx: bets $6
Agrotait: folds
Uncalled bet ($6) returned to parconxxx
parconxxx collected $17.64 from pot
*** SUMMARY ***
Total pot $18 | Rake $0.36
Board [Ks Qd Ah 9h As]
Seat 5: parconxxx (big blind) collected ($17.64)
Seat 6: Agrotait (button) (small blind) folded on the River


PokerStars Hand #154126852074:  Hold'em Limit ($3/$6 USD) - 2016/06/01 1:47:42 ET
Table 'Wotho' 10-max Seat #5 is the button
Seat 5: parconxxx ($198.38 in chips)
Seat 6: Agrotait ($65 in chips)
parconxxx: posts small blind $1
Agrotait: posts big blind $3
*** HOLE CARDS ***
parconxxx: folds
Uncalled bet ($2) returned to Agrotait
Agrotait collected $2 from pot
Agrotait: doesn't show hand
*** SUMMARY ***
Total pot $2 | Rake $0
Seat 5: parconxxx (button) (small blind) folded before Flop
Seat 6: Agrotait (big blind) collected ($2)


PokerStars Hand #154126850688:  Hold'em Limit ($3/$6 USD) - 2016/06/01 1:47:37 ET
Table 'Wotho' 10-max Seat #6 is the button
Seat 5: parconxxx ($197.38 in chips)
Seat 6: Agrotait ($66 in chips)
Agrotait: posts small blind $1
parconxxx: posts big blind $3
*** HOLE CARDS ***
Agrotait: folds
Uncalled bet ($2) returned to parconxxx
parconxxx collected $2 from pot
*** SUMMARY ***
Total pot $2 | Rake $0
Seat 5: parconxxx (big blind) collected ($2)
Seat 6: Agrotait (button) (small blind) folded before Flop


PokerStars Hand #154126868774:  Hold'em Limit ($3/$6 USD) - 2016/06/01 1:48:52 ET
Table 'Wotho' 10-max Seat #6 is the button
Seat 5: parconxxx ($216.52 in chips)
Seat 6: Agrotait ($77.76 in chips)
Agrotait: posts small blind $1
parconxxx: posts big blind $3
*** HOLE CARDS ***
Agrotait: raises $3 to $6
parconxxx: calls $3
*** FLOP *** [Js As Qc]
parconxxx: checks
Agrotait: bets $3
parconxxx: calls $3
*** TURN *** [Js As Qc] [9d]
parconxxx: checks
Agrotait: checks
*** RIVER *** [Js As Qc 9d] [8c]
parconxxx: bets $6
Agrotait: folds
Uncalled bet ($6) returned to parconxxx
parconxxx collected $17.64 from pot
*** SUMMARY ***
Total pot $18 | Rake $0.36
Board [Js As Qc 9d 8c]
Seat 5: parconxxx (big blind) collected ($17.64)
Seat 6: Agrotait (button) (small blind) folded on the River


PokerStars Hand #154126860266:  Hold'em Limit ($3/$6 USD) - 2016/06/01 1:48:17 ET
Table 'Wotho' 10-max Seat #6 is the button
Seat 5: parconxxx ($205.02 in chips)
Seat 6: Agrotait ($73 in chips)
Agrotait: posts small blind $1
parconxxx: posts big blind $3
*** HOLE CARDS ***
Agrotait: raises $3 to $6
parconxxx: calls $3
*** FLOP *** [8c Td 5s]
parconxxx: checks
Agrotait: bets $3
parconxxx: raises $3 to $6
Agrotait: calls $3
*** TURN *** [8c Td 5s] [4c]
parconxxx: bets $6
Agrotait: calls $6
*** RIVER *** [8c Td 5s 4c] [Tc]
parconxxx: bets $6
Agrotait: folds
Uncalled bet ($6) returned to parconxxx
parconxxx collected $35.50 from pot
*** SUMMARY ***
Total pot $36 | Rake $0.50
Board [8c Td 5s 4c Tc]
Seat 5: parconxxx (big blind) collected ($35.50)
Seat 6: Agrotait (button) (small blind) folded on the River


PokerStars Hand #154126865419:  Hold'em Limit ($3/$6 USD) - 2016/06/01 1:48:38 ET
Table 'Wotho' 10-max Seat #5 is the button
Seat 5: parconxxx ($222.52 in chips)
Seat 6: Agrotait ($72 in chips)
parconxxx: posts small blind $1
Agrotait: posts big blind $3
*** HOLE CARDS ***
parconxxx: calls $2
Agrotait: raises $3 to $6
parconxxx: calls $3
*** FLOP *** [2c Kh 4s]
Agrotait: bets $3
parconxxx: folds
Uncalled bet ($3) returned to Agrotait
Agrotait collected $11.76 from pot
Agrotait: doesn't show hand
*** SUMMARY ***
Total pot $12 | Rake $0.24
Board [2c Kh 4s]
Seat 5: parconxxx (button) (small blind) folded on the Flop
Seat 6: Agrotait (big blind) collected ($11.76)


PokerStars Hand #154126878917:  Hold'em Limit ($3/$6 USD) - 2016/06/01 1:49:34 ET
Table 'Wotho' 10-max Seat #6 is the button
Seat 5: parconxxx ($228.04 in chips)
Seat 6: Agrotait ($65.76 in chips)
Agrotait: posts small blind $1
parconxxx: posts big blind $3
*** HOLE CARDS ***
Agrotait: calls $2
parconxxx: raises $3 to $6
Agrotait: calls $3
*** FLOP *** [Tc 6d Jd]
parconxxx: bets $3
Agrotait: folds
Uncalled bet ($3) returned to parconxxx
parconxxx collected $11.76 from pot
*** SUMMARY ***
Total pot $12 | Rake $0.24
Board [Tc 6d Jd]
Seat 5: parconxxx (big blind) collected ($11.76)
Seat 6: Agrotait (button) (small blind) folded on the Flop


PokerStars Hand #154126882847:  Hold'em Limit ($3/$6 USD) - 2016/06/01 1:49:50 ET
Table 'Wotho' 10-max Seat #5 is the button
Seat 5: parconxxx ($233.80 in chips)
Seat 6: Agrotait ($72 in chips)
parconxxx: posts small blind $1
Agrotait: posts big blind $3
*** HOLE CARDS ***
parconxxx: raises $3 to $6
Agrotait: raises $3 to $9
parconxxx: calls $3
*** FLOP *** [Jc Kc Ts]
Agrotait: bets $3
parconxxx: calls $3
*** TURN *** [Jc Kc Ts] [Qs]
Agrotait: checks
parconxxx: bets $6
Agrotait: calls $6
*** RIVER *** [Jc Kc Ts Qs] [As]
Agrotait: checks
parconxxx: checks
*** SHOW DOWN ***
Agrotait: shows [Th Qh] (a straight, Ten to Ace)
parconxxx: shows [9h 9c] (a straight, Ten to Ace)
Agrotait collected $17.75 from pot
parconxxx collected $17.75 from pot
*** SUMMARY ***
Total pot $36 | Rake $0.50
Board [Jc Kc Ts Qs As]
Seat 5: parconxxx (button) (small blind) showed [9h 9c] and won ($17.75) with a straight, Ten to Ace
Seat 6: Agrotait (big blind) showed [Th Qh] and won ($17.75) with a straight, Ten to Ace


PokerStars Hand #154126873527:  Hold'em Limit ($3/$6 USD) - 2016/06/01 1:49:11 ET
Table 'Wotho' 10-max Seat #5 is the button
Seat 5: parconxxx ($225.16 in chips)
Seat 6: Agrotait ($68.76 in chips)
parconxxx: posts small blind $1
Agrotait: posts big blind $3
*** HOLE CARDS ***
parconxxx: calls $2
Agrotait: checks
*** FLOP *** [2h 6h 7c]
Agrotait: checks
parconxxx: bets $3
Agrotait: folds
Uncalled bet ($3) returned to parconxxx
parconxxx collected $5.88 from pot
*** SUMMARY ***
Total pot $6 | Rake $0.12
Board [2h 6h 7c]
Seat 5: parconxxx (button) (small blind) collected ($5.88)
Seat 6: Agrotait (big blind) folded on the Flop


PokerStars Hand #154126902648:  Hold'em Limit ($3/$6 USD) - 2016/06/01 1:51:12 ET
Table 'Wotho' 10-max Seat #6 is the button
Seat 5: parconxxx ($262.05 in chips)
Seat 6: Agrotait ($72 in chips)
Agrotait: posts small blind $1
parconxxx: posts big blind $3
*** HOLE CARDS ***
Agrotait: folds
Uncalled bet ($2) returned to parconxxx
parconxxx collected $2 from pot
*** SUMMARY ***
Total pot $2 | Rake $0
Seat 5: parconxxx (big blind) collected ($2)
Seat 6: Agrotait (button) (small blind) folded before Flop


PokerStars Hand #154126896150:  Hold'em Limit ($3/$6 USD) - 2016/06/01 1:50:45 ET
Table 'Wotho' 10-max Seat #5 is the button
Seat 5: parconxxx ($238.55 in chips)
Seat 6: Agrotait ($66.75 in chips)
parconxxx: posts small blind $1
Agrotait: posts big blind $3
*** HOLE CARDS ***
parconxxx: raises $3 to $6
Agrotait: raises $3 to $9
parconxxx: calls $3
*** FLOP *** [6s Kd 2c]
Agrotait: bets $3
parconxxx: calls $3
*** TURN *** [6s Kd 2c] [8s]
Agrotait: checks
parconxxx: bets $6
Agrotait: calls $6
*** RIVER *** [6s Kd 2c 8s] [9c]
Agrotait: checks
parconxxx: bets $6
Agrotait: calls $6
*** SHOW DOWN ***
parconxxx: shows [Kc 7d] (a pair of Kings)
Agrotait: mucks hand
parconxxx collected $47.50 from pot
*** SUMMARY ***
Total pot $48 | Rake $0.50
Board [6s Kd 2c 8s 9c]
Seat 5: parconxxx (button) (small blind) showed [Kc 7d] and won ($47.50) with a pair of Kings
Seat 6: Agrotait (big blind) mucked


PokerStars Hand #154126892542:  Hold'em Limit ($3/$6 USD) - 2016/06/01 1:50:30 ET
Table 'Wotho' 10-max Seat #5 is the button
Seat 5: parconxxx ($234.55 in chips)
Seat 6: Agrotait ($70.75 in chips)
parconxxx: posts small blind $1
Agrotait: posts big blind $3
*** HOLE CARDS ***
parconxxx: raises $3 to $6
Agrotait: folds
Uncalled bet ($3) returned to parconxxx
parconxxx collected $6 from pot
*** SUMMARY ***
Total pot $6 | Rake $0
Seat 5: parconxxx (button) (small blind) collected ($6)
Seat 6: Agrotait (big blind) folded before Flop


PokerStars Hand #154126891308:  Hold'em Limit ($3/$6 USD) - 2016/06/01 1:50:25 ET
Table 'Wotho' 10-max Seat #6 is the button
Seat 5: parconxxx ($233.55 in chips)
Seat 6: Agrotait ($71.75 in chips)
Agrotait: posts small blind $1
parconxxx: posts big blind $3
*** HOLE CARDS ***
Agrotait: folds
Uncalled bet ($2) returned to parconxxx
parconxxx collected $2 from pot
*** SUMMARY ***
Total pot $2 | Rake $0
Seat 5: parconxxx (big blind) collected ($2)
Seat 6: Agrotait (button) (small blind) folded before Flop


PokerStars Hand #154126894350:  Hold'em Limit ($3/$6 USD) - 2016/06/01 1:50:38 ET
Table 'Wotho' 10-max Seat #6 is the button
Seat 5: parconxxx ($237.55 in chips)
Seat 6: Agrotait ($67.75 in chips)
Agrotait: posts small blind $1
parconxxx: posts big blind $3
*** HOLE CARDS ***
Agrotait: folds
Uncalled bet ($2) returned to parconxxx
parconxxx collected $2 from pot
*** SUMMARY ***
Total pot $2 | Rake $0
Seat 5: parconxxx (big blind) collected ($2)
Seat 6: Agrotait (button) (small blind) folded before Flop


PokerStars Hand #154126904063:  Hold'em Limit ($3/$6 USD) - 2016/06/01 1:51:18 ET
Table 'Wotho' 10-max Seat #5 is the button
Seat 5: parconxxx ($263.05 in chips)
Seat 6: Agrotait ($71 in chips)
parconxxx: posts small blind $1
Agrotait: posts big blind $3
*** HOLE CARDS ***
parconxxx: calls $2
Agrotait: checks
*** FLOP *** [6d 2s Qc]
Agrotait: bets $3
parconxxx: calls $3
*** TURN *** [6d 2s Qc] [Qs]
Agrotait: checks
parconxxx: checks
*** RIVER *** [6d 2s Qc Qs] [Kd]
Agrotait: checks
parconxxx: bets $6
Agrotait: raises $6 to $12
parconxxx: folds
Uncalled bet ($6) returned to Agrotait
Agrotait collected $23.52 from pot
Agrotait: doesn't show hand
*** SUMMARY ***
Total pot $24 | Rake $0.48
Board [6d 2s Qc Qs Kd]
Seat 5: parconxxx (button) (small blind) folded on the River
Seat 6: Agrotait (big blind) collected ($23.52)


PokerStars Hand #154126923261:  Hold'em Limit ($3/$6 USD) - 2016/06/01 1:52:38 ET
Table 'Wotho' 10-max Seat #6 is the button
Seat 5: parconxxx ($270.55 in chips)
Seat 6: Agrotait ($62.52 in chips)
Agrotait: posts small blind $1
parconxxx: posts big blind $3
*** HOLE CARDS ***
Agrotait: raises $3 to $6
parconxxx: calls $3
*** FLOP *** [7s 8s 9h]
parconxxx: checks
Agrotait: checks
*** TURN *** [7s 8s 9h] [Th]
parconxxx: checks
Agrotait: checks
*** RIVER *** [7s 8s 9h Th] [6s]
parconxxx: bets $6
Agrotait: calls $6
*** SHOW DOWN ***
parconxxx: shows [Kd 5h] (a straight, Six to Ten)
Agrotait: shows [Ks Td] (a straight, Six to Ten)
parconxxx collected $11.76 from pot
Agrotait collected $11.76 from pot
*** SUMMARY ***
Total pot $24 | Rake $0.48
Board [7s 8s 9h Th 6s]
Seat 5: parconxxx (big blind) showed [Kd 5h] and won ($11.76) with a straight, Six to Ten
Seat 6: Agrotait (button) (small blind) showed [Ks Td] and won ($11.76) with a straight, Six to Ten


PokerStars Hand #154126921526:  Hold'em Limit ($3/$6 USD) - 2016/06/01 1:52:31 ET
Table 'Wotho' 10-max Seat #5 is the button
Seat 5: parconxxx ($271.55 in chips)
Seat 6: Agrotait ($61.52 in chips)
parconxxx: posts small blind $1
Agrotait: posts big blind $3
*** HOLE CARDS ***
parconxxx: folds
Uncalled bet ($2) returned to Agrotait
Agrotait collected $2 from pot
Agrotait: doesn't show hand
*** SUMMARY ***
Total pot $2 | Rake $0
Seat 5: parconxxx (button) (small blind) folded before Flop
Seat 6: Agrotait (big blind) collected ($2)


PokerStars Hand #154126912789:  Hold'em Limit ($3/$6 USD) - 2016/06/01 1:51:55 ET
Table 'Wotho' 10-max Seat #6 is the button
Seat 5: parconxxx ($251.05 in chips)
Seat 6: Agrotait ($82.52 in chips)
Agrotait: posts small blind $1
parconxxx: posts big blind $3
*** HOLE CARDS ***
Agrotait: raises $3 to $6
parconxxx: calls $3
*** FLOP *** [Kd 7c Jc]
parconxxx: checks
Agrotait: bets $3
parconxxx: calls $3
*** TURN *** [Kd 7c Jc] [Js]
parconxxx: bets $6
Agrotait: calls $6
*** RIVER *** [Kd 7c Jc Js] [6d]
parconxxx: bets $6
Agrotait: calls $6
*** SHOW DOWN ***
parconxxx: shows [6s Jh] (a full house, Jacks full of Sixes)
Agrotait: mucks hand
parconxxx collected $41.50 from pot
*** SUMMARY ***
Total pot $42 | Rake $0.50
Board [Kd 7c Jc Js 6d]
Seat 5: parconxxx (big blind) showed [6s Jh] and won ($41.50) with a full house, Jacks full of Sixes
Seat 6: Agrotait (button) (small blind) mucked


PokerStars Hand #154126944088:  Hold'em Limit ($3/$6 USD) - 2016/06/01 1:54:06 ET
Table 'Wotho' 10-max Seat #5 is the button
Seat 5: parconxxx ($270.19 in chips)
Seat 6: Agrotait ($74.88 in chips)
parconxxx: posts small blind $1
Agrotait: posts big blind $3
*** HOLE CARDS ***
parconxxx: folds
Uncalled bet ($2) returned to Agrotait
Agrotait collected $2 from pot
Agrotait: doesn't show hand
*** SUMMARY ***
Total pot $2 | Rake $0
Seat 5: parconxxx (button) (small blind) folded before Flop
Seat 6: Agrotait (big blind) collected ($2)


PokerStars Hand #154126945841:  Hold'em Limit ($3/$6 USD) - 2016/06/01 1:54:14 ET
Table 'Wotho' 10-max Seat #6 is the button
Seat 5: parconxxx ($269.19 in chips)
Seat 6: Agrotait ($75.88 in chips)
Agrotait: posts small blind $1
parconxxx: posts big blind $3
*** HOLE CARDS ***
Agrotait: folds
Uncalled bet ($2) returned to parconxxx
parconxxx collected $2 from pot
*** SUMMARY ***
Total pot $2 | Rake $0
Seat 5: parconxxx (big blind) collected ($2)
Seat 6: Agrotait (button) (small blind) folded before Flop


PokerStars Hand #154126929284:  Hold'em Limit ($3/$6 USD) - 2016/06/01 1:53:04 ET
Table 'Wotho' 10-max Seat #5 is the button
Seat 5: parconxxx ($270.31 in chips)
Seat 6: Agrotait ($62.28 in chips)
parconxxx: posts small blind $1
Agrotait: posts big blind $3
*** HOLE CARDS ***
parconxxx: calls $2
Agrotait: checks
*** FLOP *** [4s 4h 7d]
Agrotait: checks
parconxxx: checks
*** TURN *** [4s 4h 7d] [9s]
Agrotait: checks
parconxxx: bets $6
Agrotait: folds
Uncalled bet ($6) returned to parconxxx
parconxxx collected $5.88 from pot
*** SUMMARY ***
Total pot $6 | Rake $0.12
Board [4s 4h 7d 9s]
Seat 5: parconxxx (button) (small blind) collected ($5.88)
Seat 6: Agrotait (big blind) folded on the Turn


PokerStars Hand #154126942468:  Hold'em Limit ($3/$6 USD) - 2016/06/01 1:54:00 ET
Table 'Wotho' 10-max Seat #6 is the button
Seat 5: parconxxx ($269.19 in chips)
Seat 6: Agrotait ($75.88 in chips)
Agrotait: posts small blind $1
parconxxx: posts big blind $3
*** HOLE CARDS ***
Agrotait: folds
Uncalled bet ($2) returned to parconxxx
parconxxx collected $2 from pot
*** SUMMARY ***
Total pot $2 | Rake $0
Seat 5: parconxxx (big blind) collected ($2)
Seat 6: Agrotait (button) (small blind) folded before Flop


PokerStars Hand #154126940858:  Hold'em Limit ($3/$6 USD) - 2016/06/01 1:53:53 ET
Table 'Wotho' 10-max Seat #5 is the button
Seat 5: parconxxx ($270.19 in chips)
Seat 6: Agrotait ($74.88 in chips)
parconxxx: posts small blind $1
Agrotait: posts big blind $3
*** HOLE CARDS ***
parconxxx: folds
Uncalled bet ($2) returned to Agrotait
Agrotait collected $2 from pot
Agrotait: doesn't show hand
*** SUMMARY ***
Total pot $2 | Rake $0
Seat 5: parconxxx (button) (small blind) folded before Flop
Seat 6: Agrotait (big blind) collected ($2)


PokerStars Hand #154126937414:  Hold'em Limit ($3/$6 USD) - 2016/06/01 1:53:38 ET
Table 'Wotho' 10-max Seat #6 is the button
Seat 5: parconxxx ($273.19 in chips)
Seat 6: Agrotait ($72 in chips)
Agrotait: posts small blind $1
parconxxx: posts big blind $3
*** HOLE CARDS ***
Agrotait: calls $2
parconxxx: checks
*** FLOP *** [Th 7c Ac]
parconxxx: checks
Agrotait: bets $3
parconxxx: folds
Uncalled bet ($3) returned to Agrotait
Agrotait collected $5.88 from pot
Agrotait: doesn't show hand
*** SUMMARY ***
Total pot $6 | Rake $0.12
Board [Th 7c Ac]
Seat 5: parconxxx (big blind) folded on the Flop
Seat 6: Agrotait (button) (small blind) collected ($5.88)


PokerStars Hand #154126951569:  Hold'em Limit ($3/$6 USD) - 2016/06/01 1:54:38 ET
Table 'Wotho' 10-max Seat #5 is the button
Seat 5: parconxxx ($266.19 in chips)
Seat 6: Agrotait ($78.88 in chips)
parconxxx: posts small blind $1
Agrotait: posts big blind $3
*** HOLE CARDS ***
parconxxx: calls $2
Agrotait: checks
*** FLOP *** [4h 2d Kc]
Agrotait: bets $3
parconxxx: calls $3
*** TURN *** [4h 2d Kc] [Js]
Agrotait: bets $6
parconxxx: calls $6
*** RIVER *** [4h 2d Kc Js] [Ad]
Agrotait: checks
parconxxx: checks
*** SHOW DOWN ***
Agrotait: shows [6d Tc] (high card Ace)
parconxxx: shows [Jc 9s] (a pair of Jacks)
parconxxx collected $23.52 from pot
*** SUMMARY ***
Total pot $24 | Rake $0.48
Board [4h 2d Kc Js Ad]
Seat 5: parconxxx (button) (small blind) showed [Jc 9s] and won ($23.52) with a pair of Jacks
Seat 6: Agrotait (big blind) showed [6d Tc] and lost with high card Ace


PokerStars Hand #154126949504:  Hold'em Limit ($3/$6 USD) - 2016/06/01 1:54:30 ET
Table 'Wotho' 10-max Seat #6 is the button
Seat 5: parconxxx ($269.19 in chips)
Seat 6: Agrotait ($75.88 in chips)
Agrotait: posts small blind $1
parconxxx: posts big blind $3
*** HOLE CARDS ***
Agrotait: raises $3 to $6
parconxxx: folds
Uncalled bet ($3) returned to Agrotait
Agrotait collected $6 from pot
Agrotait: doesn't show hand
*** SUMMARY ***
Total pot $6 | Rake $0
Seat 5: parconxxx (big blind) folded before Flop
Seat 6: Agrotait (button) (small blind) collected ($6)


PokerStars Hand #154126947519:  Hold'em Limit ($3/$6 USD) - 2016/06/01 1:54:21 ET
Table 'Wotho' 10-max Seat #5 is the button
Seat 5: parconxxx ($270.19 in chips)
Seat 6: Agrotait ($74.88 in chips)
parconxxx: posts small blind $1
Agrotait: posts big blind $3
*** HOLE CARDS ***
parconxxx: folds
Uncalled bet ($2) returned to Agrotait
Agrotait collected $2 from pot
Agrotait: doesn't show hand
*** SUMMARY ***
Total pot $2 | Rake $0
Seat 5: parconxxx (button) (small blind) folded before Flop
Seat 6: Agrotait (big blind) collected ($2)


PokerStars Hand #154126956871:  Hold'em Limit ($3/$6 USD) - 2016/06/01 1:55:01 ET
Table 'Wotho' 10-max Seat #6 is the button
Seat 5: parconxxx ($277.71 in chips)
Seat 6: Agrotait ($66.88 in chips)
Agrotait: posts small blind $1
parconxxx: posts big blind $3
*** HOLE CARDS ***
Agrotait: raises $3 to $6
parconxxx: calls $3
*** FLOP *** [4h 6s Qs]
parconxxx: checks
Agrotait: checks
*** TURN *** [4h 6s Qs] [Qd]
parconxxx: checks
Agrotait: bets $6
parconxxx: calls $6
*** RIVER *** [4h 6s Qs Qd] [7d]
parconxxx: checks
Agrotait: checks
*** SHOW DOWN ***
parconxxx: shows [5c Th] (a pair of Queens)
Agrotait: shows [Ac 5s] (a pair of Queens - Ace kicker)
Agrotait collected $23.52 from pot
*** SUMMARY ***
Total pot $24 | Rake $0.48
Board [4h 6s Qs Qd 7d]
Seat 5: parconxxx (big blind) showed [5c Th] and lost with a pair of Queens
Seat 6: Agrotait (button) (small blind) showed [Ac 5s] and won ($23.52) with a pair of Queens


PokerStars Hand #154126961602:  Hold'em Limit ($3/$6 USD) - 2016/06/01 1:55:24 ET
Table 'Wotho' 10-max Seat #5 is the button
Seat 5: parconxxx ($265.71 in chips)
Seat 6: Agrotait ($78.40 in chips)
parconxxx: posts small blind $1
Agrotait: posts big blind $3
*** HOLE CARDS ***
parconxxx: calls $2
Agrotait: raises $3 to $6
parconxxx: calls $3
*** FLOP *** [3h 8d 5s]
Agrotait: bets $3
parconxxx: calls $3
*** TURN *** [3h 8d 5s] [7h]
Agrotait: bets $6
parconxxx: calls $6
*** RIVER *** [3h 8d 5s 7h] [Jc]
Agrotait: bets $6
parconxxx: raises $6 to $12
Agrotait: calls $6
*** SHOW DOWN ***
parconxxx: shows [3d 3c] (three of a kind, Threes)
Agrotait: mucks hand
parconxxx collected $53.50 from pot
*** SUMMARY ***
Total pot $54 | Rake $0.50
Board [3h 8d 5s 7h Jc]
Seat 5: parconxxx (button) (small blind) showed [3d 3c] and won ($53.50) with three of a kind, Threes
Seat 6: Agrotait (big blind) mucked


PokerStars Hand #154126970452:  Hold'em Limit ($3/$6 USD) - 2016/06/01 1:56:07 ET
Table 'Wotho' 10-max Seat #6 is the button
Seat 5: parconxxx ($292.21 in chips)
Seat 6: Agrotait ($72 in chips)
Agrotait: posts small blind $1
parconxxx: posts big blind $3
*** HOLE CARDS ***
Agrotait: raises $3 to $6
parconxxx: calls $3
*** FLOP *** [6s Jd 5d]
parconxxx: checks
Agrotait: checks
*** TURN *** [6s Jd 5d] [5s]
parconxxx: checks
Agrotait: checks
*** RIVER *** [6s Jd 5d 5s] [7h]
parconxxx: bets $6
Agrotait: calls $6
*** SHOW DOWN ***
parconxxx: shows [4d 7c] (two pair, Sevens and Fives)
Agrotait: mucks hand
parconxxx collected $23.52 from pot
*** SUMMARY ***
Total pot $24 | Rake $0.48
Board [6s Jd 5d 5s 7h]
Seat 5: parconxxx (big blind) showed [4d 7c] and won ($23.52) with two pair, Sevens and Fives
Seat 6: Agrotait (button) (small blind) mucked


PokerStars Hand #154126980944:  Hold'em Limit ($3/$6 USD) - 2016/06/01 1:56:58 ET
Table 'Wotho' 10-max Seat #6 is the button
Seat 5: parconxxx ($302.73 in chips)
Seat 6: Agrotait ($61 in chips)
Agrotait: posts small blind $1
parconxxx: posts big blind $3
*** HOLE CARDS ***
Agrotait: raises $3 to $6
parconxxx: calls $3
*** FLOP *** [As 4h Tc]
parconxxx: checks
Agrotait: bets $3
parconxxx: calls $3
*** TURN *** [As 4h Tc] [Qs]
parconxxx: checks
Agrotait: bets $6
parconxxx: folds
Uncalled bet ($6) returned to Agrotait
Agrotait collected $17.64 from pot
Agrotait: doesn't show hand
*** SUMMARY ***
Total pot $18 | Rake $0.36
Board [As 4h Tc Qs]
Seat 5: parconxxx (big blind) folded on the Turn
Seat 6: Agrotait (button) (small blind) collected ($17.64)


PokerStars Hand #154126977975:  Hold'em Limit ($3/$6 USD) - 2016/06/01 1:56:44 ET
Table 'Wotho' 10-max Seat #5 is the button
Seat 5: parconxxx ($303.73 in chips)
Seat 6: Agrotait ($60 in chips)
parconxxx: posts small blind $1
Agrotait: posts big blind $3
*** HOLE CARDS ***
parconxxx: folds
Uncalled bet ($2) returned to Agrotait
Agrotait collected $2 from pot
Agrotait: doesn't show hand
*** SUMMARY ***
Total pot $2 | Rake $0
Seat 5: parconxxx (button) (small blind) folded before Flop
Seat 6: Agrotait (big blind) collected ($2)


PokerStars Hand #154126996361:  Hold'em Limit ($3/$6 USD) - 2016/06/01 1:58:11 ET
Table 'Wotho' 10-max Seat #5 is the button
Seat 5: parconxxx ($305.23 in chips)
Seat 6: Agrotait ($75 in chips)
parconxxx: posts small blind $1
Agrotait: posts big blind $3
*** HOLE CARDS ***
parconxxx: folds
Uncalled bet ($2) returned to Agrotait
Agrotait collected $2 from pot
Agrotait: doesn't show hand
*** SUMMARY ***
Total pot $2 | Rake $0
Seat 5: parconxxx (button) (small blind) folded before Flop
Seat 6: Agrotait (big blind) collected ($2)


PokerStars Hand #154126994110:  Hold'em Limit ($3/$6 USD) - 2016/06/01 1:58:01 ET
Table 'Wotho' 10-max Seat #6 is the button
Seat 5: parconxxx ($308.23 in chips)
Seat 6: Agrotait ($72 in chips)
Agrotait: posts small blind $1
parconxxx: posts big blind $3
*** HOLE CARDS ***
Agrotait: raises $3 to $6
parconxxx: folds
Uncalled bet ($3) returned to Agrotait
Agrotait collected $6 from pot
Agrotait: doesn't show hand
*** SUMMARY ***
Total pot $6 | Rake $0
Seat 5: parconxxx (big blind) folded before Flop
Seat 6: Agrotait (button) (small blind) collected ($6)


PokerStars Hand #154126987491:  Hold'em Limit ($3/$6 USD) - 2016/06/01 1:57:29 ET
Table 'Wotho' 10-max Seat #5 is the button
Seat 5: parconxxx ($293.73 in chips)
Seat 6: Agrotait ($69.64 in chips)
parconxxx: posts small blind $1
Agrotait: posts big blind $3
*** HOLE CARDS ***
parconxxx: calls $2
Agrotait: raises $3 to $6
parconxxx: calls $3
*** FLOP *** [3h 8h 8c]
Agrotait: bets $3
parconxxx: calls $3
*** TURN *** [3h 8h 8c] [Tc]
Agrotait: bets $6
parconxxx: raises $6 to $12
Agrotait: folds
Uncalled bet ($6) returned to parconxxx
parconxxx collected $29.50 from pot
*** SUMMARY ***
Total pot $30 | Rake $0.50
Board [3h 8h 8c Tc]
Seat 5: parconxxx (button) (small blind) collected ($29.50)
Seat 6: Agrotait (big blind) folded on the Turn


PokerStars Hand #154127003581:  Hold'em Limit ($3/$6 USD) - 2016/06/01 1:58:45 ET
Table 'Wotho' 10-max Seat #5 is the button
Seat 5: parconxxx ($327.73 in chips)
Seat 6: Agrotait ($72 in chips)
parconxxx: posts small blind $1
Agrotait: posts big blind $3
*** HOLE CARDS ***
parconxxx: calls $2
Agrotait: checks
*** FLOP *** [8s Kc Jd]
Agrotait: bets $3
parconxxx: calls $3
*** TURN *** [8s Kc Jd] [9s]
Agrotait: bets $6
parconxxx: calls $6
*** RIVER *** [8s Kc Jd 9s] [2d]
Agrotait: checks
parconxxx: bets $6
Agrotait: calls $6
*** SHOW DOWN ***
parconxxx: shows [Ts Td] (a pair of Tens)
Agrotait: shows [5s Jh] (a pair of Jacks)
Agrotait collected $35.50 from pot
*** SUMMARY ***
Total pot $36 | Rake $0.50
Board [8s Kc Jd 9s 2d]
Seat 5: parconxxx (button) (small blind) showed [Ts Td] and lost with a pair of Tens
Seat 6: Agrotait (big blind) showed [5s Jh] and won ($35.50) with a pair of Jacks


PokerStars Hand #154127010816:  Hold'em Limit ($3/$6 USD) - 2016/06/01 1:59:20 ET
Table 'Wotho' 10-max Seat #6 is the button
Seat 5: parconxxx ($309.73 in chips)
Seat 6: Agrotait ($89.50 in chips)
Agrotait: posts small blind $1
parconxxx: posts big blind $3
*** HOLE CARDS ***
Agrotait: raises $3 to $6
parconxxx: calls $3
*** FLOP *** [Ah 3c Jd]
parconxxx: checks
Agrotait: bets $3
parconxxx: folds
Uncalled bet ($3) returned to Agrotait
Agrotait collected $11.76 from pot
Agrotait: doesn't show hand
*** SUMMARY ***
Total pot $12 | Rake $0.24
Board [Ah 3c Jd]
Seat 5: parconxxx (big blind) folded on the Flop
Seat 6: Agrotait (button) (small blind) collected ($11.76)


PokerStars Hand #154127026925:  Hold'em Limit ($3/$6 USD) - 2016/06/01 2:00:35 ET
Table 'Wotho' 10-max Seat #6 is the button
Seat 5: parconxxx ($324.23 in chips)
Seat 6: Agrotait ($74.26 in chips)
Agrotait: posts small blind $1
parconxxx: posts big blind $3
*** HOLE CARDS ***
Agrotait: raises $3 to $6
parconxxx: calls $3
*** FLOP *** [5s Ah Ac]
parconxxx: checks
Agrotait: bets $3
parconxxx: calls $3
*** TURN *** [5s Ah Ac] [Jh]
parconxxx: checks
Agrotait: bets $6
parconxxx: calls $6
*** RIVER *** [5s Ah Ac Jh] [Qh]
parconxxx: checks
Agrotait: checks
*** SHOW DOWN ***
parconxxx: shows [Qs Kh] (two pair, Aces and Queens)
Agrotait: mucks hand
parconxxx collected $29.50 from pot
*** SUMMARY ***
Total pot $30 | Rake $0.50
Board [5s Ah Ac Jh Qh]
Seat 5: parconxxx (big blind) showed [Qs Kh] and won ($29.50) with two pair, Aces and Queens
Seat 6: Agrotait (button) (small blind) mucked


PokerStars Hand #154127033881:  Hold'em Limit ($3/$6 USD) - 2016/06/01 2:01:04 ET
Table 'Wotho' 10-max Seat #5 is the button
Seat 5: parconxxx ($338.73 in chips)
Seat 6: Agrotait ($72 in chips)
parconxxx: posts small blind $1
Agrotait: posts big blind $3
*** HOLE CARDS ***
parconxxx: folds
Uncalled bet ($2) returned to Agrotait
Agrotait collected $2 from pot
Agrotait: doesn't show hand
*** SUMMARY ***
Total pot $2 | Rake $0
Seat 5: parconxxx (button) (small blind) folded before Flop
Seat 6: Agrotait (big blind) collected ($2)


PokerStars Hand #154127015726:  Hold'em Limit ($3/$6 USD) - 2016/06/01 1:59:43 ET
Table 'Wotho' 10-max Seat #5 is the button
Seat 5: parconxxx ($303.73 in chips)
Seat 6: Agrotait ($95.26 in chips)
parconxxx: posts small blind $1
Agrotait: posts big blind $3
*** HOLE CARDS ***
parconxxx: raises $3 to $6
Agrotait: calls $3
*** FLOP *** [Ks 5d 7s]
Agrotait: checks
parconxxx: bets $3
Agrotait: calls $3
*** TURN *** [Ks 5d 7s] [4h]
Agrotait: checks
parconxxx: bets $6
Agrotait: raises $6 to $12
parconxxx: raises $6 to $18
Agrotait: folds
Uncalled bet ($6) returned to parconxxx
parconxxx collected $41.50 from pot
*** SUMMARY ***
Total pot $42 | Rake $0.50
Board [Ks 5d 7s 4h]
Seat 5: parconxxx (button) (small blind) collected ($41.50)
Seat 6: Agrotait (big blind) folded on the Turn


PokerStars Hand #154127035534:  Hold'em Limit ($3/$6 USD) - 2016/06/01 2:01:11 ET
Table 'Wotho' 10-max Seat #6 is the button
Seat 5: parconxxx ($337.73 in chips)
Seat 6: Agrotait ($73 in chips)
Agrotait: posts small blind $1
parconxxx: posts big blind $3
*** HOLE CARDS ***
Agrotait: raises $3 to $6
parconxxx: calls $3
*** FLOP *** [As 8h 3s]
parconxxx: checks
Agrotait: bets $3
parconxxx: calls $3
*** TURN *** [As 8h 3s] [8c]
parconxxx: checks
Agrotait: checks
*** RIVER *** [As 8h 3s 8c] [Ac]
parconxxx: checks
Agrotait: checks
*** SHOW DOWN ***
parconxxx: shows [Kd Qh] (two pair, Aces and Eights)
Agrotait: mucks hand
parconxxx collected $17.64 from pot
*** SUMMARY ***
Total pot $18 | Rake $0.36
Board [As 8h 3s 8c Ac]
Seat 5: parconxxx (big blind) showed [Kd Qh] and won ($17.64) with two pair, Aces and Eights
Seat 6: Agrotait (button) (small blind) mucked


PokerStars Hand #154127043441:  Hold'em Limit ($3/$6 USD) - 2016/06/01 2:01:45 ET
Table 'Wotho' 10-max Seat #5 is the button
Seat 5: parconxxx ($346.37 in chips)
Seat 6: Agrotait ($64 in chips)
parconxxx: posts small blind $1
Agrotait: posts big blind $3
*** HOLE CARDS ***
parconxxx: folds
Uncalled bet ($2) returned to Agrotait
Agrotait collected $2 from pot
Agrotait: doesn't show hand
*** SUMMARY ***
Total pot $2 | Rake $0
Seat 5: parconxxx (button) (small blind) folded before Flop
Seat 6: Agrotait (big blind) collected ($2)


PokerStars Hand #154127061256:  Hold'em Limit ($3/$6 USD) - 2016/06/01 2:03:00 ET
Table 'Wotho' 10-max Seat #6 is the button
Seat 5: parconxxx ($327.25 in chips)
Seat 6: Agrotait ($82.50 in chips)
Agrotait: posts small blind $1
parconxxx: posts big blind $3
*** HOLE CARDS ***
Agrotait: raises $3 to $6
parconxxx: folds
Uncalled bet ($3) returned to Agrotait
Agrotait collected $6 from pot
Agrotait: doesn't show hand
*** SUMMARY ***
Total pot $6 | Rake $0
Seat 5: parconxxx (big blind) folded before Flop
Seat 6: Agrotait (button) (small blind) collected ($6)


PokerStars Hand #154127045888:  Hold'em Limit ($3/$6 USD) - 2016/06/01 2:01:55 ET
Table 'Wotho' 10-max Seat #6 is the button
Seat 5: parconxxx ($345.37 in chips)
Seat 6: Agrotait ($65 in chips)
Agrotait: posts small blind $1
parconxxx: posts big blind $3
*** HOLE CARDS ***
Agrotait: raises $3 to $6
parconxxx: calls $3
*** FLOP *** [8h Ad 6d]
parconxxx: checks
Agrotait: bets $3
parconxxx: calls $3
*** TURN *** [8h Ad 6d] [Ac]
parconxxx: checks
Agrotait: bets $6
parconxxx: calls $6
*** RIVER *** [8h Ad 6d Ac] [4d]
parconxxx: checks
Agrotait: bets $6
parconxxx: calls $6
*** SHOW DOWN ***
Agrotait: shows [9d 9s] (two pair, Aces and Nines)
parconxxx: mucks hand
Agrotait collected $41.50 from pot
*** SUMMARY ***
Total pot $42 | Rake $0.50
Board [8h Ad 6d Ac 4d]
Seat 5: parconxxx (big blind) mucked
Seat 6: Agrotait (button) (small blind) showed [9d 9s] and won ($41.50) with two pair, Aces and Nines


PokerStars Hand #154127054324:  Hold'em Limit ($3/$6 USD) - 2016/06/01 2:02:31 ET
Table 'Wotho' 10-max Seat #5 is the button
Seat 5: parconxxx ($324.37 in chips)
Seat 6: Agrotait ($85.50 in chips)
parconxxx: posts small blind $1
Agrotait: posts big blind $3
*** HOLE CARDS ***
parconxxx: calls $2
Agrotait: checks
*** FLOP *** [As 3h 7d]
Agrotait: checks
parconxxx: bets $3
Agrotait: folds
Uncalled bet ($3) returned to parconxxx
parconxxx collected $5.88 from pot
*** SUMMARY ***
Total pot $6 | Rake $0.12
Board [As 3h 7d]
Seat 5: parconxxx (button) (small blind) collected ($5.88)
Seat 6: Agrotait (big blind) folded on the Flop


PokerStars Hand #154127068883:  Hold'em Limit ($3/$6 USD) - 2016/06/01 2:03:32 ET
Table 'Wotho' 10-max Seat #6 is the button
Seat 5: parconxxx ($327.13 in chips)
Seat 6: Agrotait ($82.50 in chips)
Agrotait: posts small blind $1
parconxxx: posts big blind $3
*** HOLE CARDS ***
Agrotait: raises $3 to $6
parconxxx: calls $3
*** FLOP *** [As Ts Ah]
parconxxx: checks
Agrotait: bets $3
parconxxx: folds
Uncalled bet ($3) returned to Agrotait
Agrotait collected $11.76 from pot
Agrotait: doesn't show hand
*** SUMMARY ***
Total pot $12 | Rake $0.24
Board [As Ts Ah]
Seat 5: parconxxx (big blind) folded on the Flop
Seat 6: Agrotait (button) (small blind) collected ($11.76)


PokerStars Hand #154127063491:  Hold'em Limit ($3/$6 USD) - 2016/06/01 2:03:10 ET
Table 'Wotho' 10-max Seat #5 is the button
Seat 5: parconxxx ($324.25 in chips)
Seat 6: Agrotait ($85.50 in chips)
parconxxx: posts small blind $1
Agrotait: posts big blind $3
*** HOLE CARDS ***
parconxxx: calls $2
Agrotait: checks
*** FLOP *** [9s Ad 8s]
Agrotait: checks
parconxxx: bets $3
Agrotait: folds
Uncalled bet ($3) returned to parconxxx
parconxxx collected $5.88 from pot
*** SUMMARY ***
Total pot $6 | Rake $0.12
Board [9s Ad 8s]
Seat 5: parconxxx (button) (small blind) collected ($5.88)
Seat 6: Agrotait (big blind) folded on the Flop


PokerStars Hand #154127072495:  Hold'em Limit ($3/$6 USD) - 2016/06/01 2:03:47 ET
Table 'Wotho' 10-max Seat #5 is the button
Seat 5: parconxxx ($321.13 in chips)
Seat 6: Agrotait ($88.26 in chips)
parconxxx: posts small blind $1
Agrotait: posts big blind $3
*** HOLE CARDS ***
parconxxx: calls $2
Agrotait: raises $3 to $6
parconxxx: raises $3 to $9
Agrotait: calls $3
*** FLOP *** [Qc Kh 3h]
Agrotait: checks
parconxxx: bets $3
VolkovDmitri joins the table at seat #7
Agrotait: calls $3
*** TURN *** [Qc Kh 3h] [Ks]
Agrotait: checks
parconxxx: checks
*** RIVER *** [Qc Kh 3h Ks] [2c]
Agrotait: bets $6
parconxxx: calls $6
*** SHOW DOWN ***
Agrotait: shows [Qs 8h] (two pair, Kings and Queens)
parconxxx: mucks hand
Agrotait collected $35.50 from pot
*** SUMMARY ***
Total pot $36 | Rake $0.50
Board [Qc Kh 3h Ks 2c]
Seat 5: parconxxx (button) (small blind) mucked
Seat 6: Agrotait (big blind) showed [Qs 8h] and won ($35.50) with two pair, Kings and Queens


