PokerStars Hand #152767688241:  Hold'em Limit ($3/$6 USD) - 2016/05/02 16:37:32 ET
Table 'Wrubel' 6-max Seat #2 is the button
Seat 1: Velbor107 ($308.64 in chips)
Seat 2: hairy1961 ($51 in chips)
hairy1961: posts small blind $1
Velbor107: posts big blind $3
*** HOLE CARDS ***
hairy1961: folds
Uncalled bet ($2) returned to Velbor107
Velbor107 collected $2 from pot
*** SUMMARY ***
Total pot $2 | Rake $0
Seat 1: Velbor107 (big blind) collected ($2)
Seat 2: hairy1961 (button) (small blind) folded before Flop


PokerStars Hand #152767641397:  Hold'em Limit ($3/$6 USD) - 2016/05/02 16:36:39 ET
Table 'Wrubel' 6-max Seat #1 is the button
Seat 1: Velbor107 ($300 in chips)
Seat 2: hairy1961 ($60 in chips)
Velbor107: posts small blind $1
hairy1961: posts big blind $3
*** HOLE CARDS ***
Velbor107: raises $3 to $6
hairy1961: calls $3
*** FLOP *** [Ad 7d Ts]
hairy1961: bets $3
Velbor107: calls $3
*** TURN *** [Ad 7d Ts] [5h]
hairy1961: checks
Velbor107: bets $6
hairy1961: folds
Uncalled bet ($6) returned to Velbor107
Velbor107 collected $17.64 from pot
*** SUMMARY ***
Total pot $18 | Rake $0.36
Board [Ad 7d Ts 5h]
Seat 1: Velbor107 (button) (small blind) collected ($17.64)
Seat 2: hairy1961 (big blind) folded on the Turn


PokerStars Hand #152767712148:  Hold'em Limit ($3/$6 USD) - 2016/05/02 16:38:00 ET
Table 'Wrubel' 6-max Seat #2 is the button
Seat 1: Velbor107 ($300.64 in chips)
Seat 2: hairy1961 ($58.64 in chips)
hairy1961: posts small blind $1
Velbor107: posts big blind $3
*** HOLE CARDS ***
hairy1961: folds
Uncalled bet ($2) returned to Velbor107
Velbor107 collected $2 from pot
*** SUMMARY ***
Total pot $2 | Rake $0
Seat 1: Velbor107 (big blind) collected ($2)
Seat 2: hairy1961 (button) (small blind) folded before Flop


PokerStars Hand #152767762113:  Hold'em Limit ($3/$6 USD) - 2016/05/02 16:38:56 ET
Table 'Wrubel' 6-max Seat #2 is the button
Seat 1: Velbor107 ($292.64 in chips)
Seat 2: hairy1961 ($66.28 in chips)
hairy1961: posts small blind $1
Velbor107: posts big blind $3
*** HOLE CARDS ***
hairy1961: folds
Uncalled bet ($2) returned to Velbor107
Velbor107 collected $2 from pot
*** SUMMARY ***
Total pot $2 | Rake $0
Seat 1: Velbor107 (big blind) collected ($2)
Seat 2: hairy1961 (button) (small blind) folded before Flop


PokerStars Hand #152767718494:  Hold'em Limit ($3/$6 USD) - 2016/05/02 16:38:07 ET
Table 'Wrubel' 6-max Seat #1 is the button
Seat 1: Velbor107 ($301.64 in chips)
Seat 2: hairy1961 ($57.64 in chips)
Velbor107: posts small blind $1
hairy1961: posts big blind $3
*** HOLE CARDS ***
Velbor107: raises $3 to $6
hairy1961: calls $3
*** FLOP *** [9h Ks 5c]
hairy1961: checks
Velbor107: bets $3
hairy1961: calls $3
*** TURN *** [9h Ks 5c] [4s]
hairy1961: checks
Velbor107: checks
*** RIVER *** [9h Ks 5c 4s] [Js]
hairy1961: checks
Velbor107: checks
*** SHOW DOWN ***
hairy1961: shows [9s Jc] (two pair, Jacks and Nines)
Velbor107: mucks hand
hairy1961 collected $17.64 from pot
*** SUMMARY ***
Total pot $18 | Rake $0.36
Board [9h Ks 5c 4s Js]
Seat 1: Velbor107 (button) (small blind) mucked
Seat 2: hairy1961 (big blind) showed [9s Jc] and won ($17.64) with two pair, Jacks and Nines


PokerStars Hand #152767771305:  Hold'em Limit ($3/$6 USD) - 2016/05/02 16:39:07 ET
Table 'Wrubel' 6-max Seat #1 is the button
Seat 1: Velbor107 ($293.64 in chips)
Seat 2: hairy1961 ($65.28 in chips)
Velbor107: posts small blind $1
hairy1961: posts big blind $3
*** HOLE CARDS ***
fsreibnitz joins the table at seat #4
Velbor107: raises $3 to $6
hairy1961: raises $3 to $9
Velbor107: calls $3
*** FLOP *** [Js Qd Ad]
micsveDK joins the table at seat #5
hairy1961: bets $3
Velbor107: calls $3
*** TURN *** [Js Qd Ad] [5d]
hairy1961: bets $6
Velbor107: calls $6
*** RIVER *** [Js Qd Ad 5d] [6c]
hairy1961: bets $6
Velbor107: calls $6
*** SHOW DOWN ***
hairy1961: shows [5c 3c] (a pair of Fives)
Velbor107: shows [4s Qh] (a pair of Queens)
Velbor107 collected $47.50 from pot
*** SUMMARY ***
Total pot $48 | Rake $0.50
Board [Js Qd Ad 5d 6c]
Seat 1: Velbor107 (button) (small blind) showed [4s Qh] and won ($47.50) with a pair of Queens
Seat 2: hairy1961 (big blind) showed [5c 3c] and lost with a pair of Fives


PokerStars Hand #152767996910:  Hold'em Limit ($3/$6 USD) - 2016/05/02 16:43:26 ET
Table 'Wrubel' 6-max Seat #5 is the button
Seat 4: fsreibnitz ($170.25 in chips)
Seat 5: micsveDK ($50 in chips)
micsveDK: posts small blind $1
Velbor107: is sitting out
fsreibnitz: posts big blind $3
*** HOLE CARDS ***
Velbor107 leaves the table
micsveDK: calls $2
fsreibnitz: checks
*** FLOP *** [5s 4c 6c]
fsreibnitz: bets $3
micsveDK: calls $3
*** TURN *** [5s 4c 6c] [Qs]
fsreibnitz: checks
micsveDK: bets $6
fsreibnitz: calls $6
*** RIVER *** [5s 4c 6c Qs] [Qc]
fsreibnitz: checks
micsveDK: bets $6
fsreibnitz: calls $6
*** SHOW DOWN ***
micsveDK: shows [7c Qh] (three of a kind, Queens)
fsreibnitz: mucks hand
micsveDK collected $35.50 from pot
*** SUMMARY ***
Total pot $36 | Rake $0.50
Board [5s 4c 6c Qs Qc]
Seat 4: fsreibnitz (big blind) mucked
Seat 5: micsveDK (button) (small blind) showed [7c Qh] and won ($35.50) with three of a kind, Queens


PokerStars Hand #152768017668:  Hold'em Limit ($3/$6 USD) - 2016/05/02 16:43:49 ET
Table 'Wrubel' 6-max Seat #4 is the button
Seat 4: fsreibnitz ($152.25 in chips)
Seat 5: micsveDK ($67.50 in chips)
fsreibnitz: posts small blind $1
micsveDK: posts big blind $3
*** HOLE CARDS ***
fsreibnitz: calls $2
micsveDK: raises $3 to $6
fsreibnitz: calls $3
*** FLOP *** [Jd 6h Tc]
micsveDK: bets $3
fsreibnitz: folds
Uncalled bet ($3) returned to micsveDK
micsveDK collected $11.76 from pot
micsveDK: doesn't show hand
*** SUMMARY ***
Total pot $12 | Rake $0.24
Board [Jd 6h Tc]
Seat 4: fsreibnitz (button) (small blind) folded on the Flop
Seat 5: micsveDK (big blind) collected ($11.76)


PokerStars Hand #152768038133:  Hold'em Limit ($3/$6 USD) - 2016/05/02 16:44:13 ET
Table 'Wrubel' 6-max Seat #4 is the button
Seat 4: fsreibnitz ($152.01 in chips)
Seat 5: micsveDK ($67.26 in chips)
fsreibnitz: posts small blind $1
micsveDK: posts big blind $3
*** HOLE CARDS ***
fsreibnitz: folds
Uncalled bet ($2) returned to micsveDK
micsveDK collected $2 from pot
micsveDK: doesn't show hand
*** SUMMARY ***
Total pot $2 | Rake $0
Seat 4: fsreibnitz (button) (small blind) folded before Flop
Seat 5: micsveDK (big blind) collected ($2)


PokerStars Hand #152768029088:  Hold'em Limit ($3/$6 USD) - 2016/05/02 16:44:03 ET
Table 'Wrubel' 6-max Seat #5 is the button
Seat 4: fsreibnitz ($146.25 in chips)
Seat 5: micsveDK ($73.26 in chips)
micsveDK: posts small blind $1
fsreibnitz: posts big blind $3
*** HOLE CARDS ***
micsveDK: raises $3 to $6
fsreibnitz: calls $3
*** FLOP *** [Ah 6s 7h]
fsreibnitz: bets $3
micsveDK: folds
Uncalled bet ($3) returned to fsreibnitz
fsreibnitz collected $11.76 from pot
*** SUMMARY ***
Total pot $12 | Rake $0.24
Board [Ah 6s 7h]
Seat 4: fsreibnitz (big blind) collected ($11.76)
Seat 5: micsveDK (button) (small blind) folded on the Flop


PokerStars Hand #152768044431:  Hold'em Limit ($3/$6 USD) - 2016/05/02 16:44:21 ET
Table 'Wrubel' 6-max Seat #5 is the button
Seat 4: fsreibnitz ($151.01 in chips)
Seat 5: micsveDK ($68.26 in chips)
micsveDK: posts small blind $1
fsreibnitz: posts big blind $3
*** HOLE CARDS ***
micsveDK: raises $3 to $6
fsreibnitz: calls $3
*** FLOP *** [6h 5h 9c]
fsreibnitz: bets $3
micsveDK: calls $3
*** TURN *** [6h 5h 9c] [3d]
fsreibnitz: checks
micsveDK: checks
*** RIVER *** [6h 5h 9c 3d] [3h]
fsreibnitz: bets $6
micsveDK: folds
Uncalled bet ($6) returned to fsreibnitz
fsreibnitz collected $17.64 from pot
*** SUMMARY ***
Total pot $18 | Rake $0.36
Board [6h 5h 9c 3d 3h]
Seat 4: fsreibnitz (big blind) collected ($17.64)
Seat 5: micsveDK (button) (small blind) folded on the River


PokerStars Hand #152768059239:  Hold'em Limit ($3/$6 USD) - 2016/05/02 16:44:38 ET
Table 'Wrubel' 6-max Seat #4 is the button
Seat 4: fsreibnitz ($159.65 in chips)
Seat 5: micsveDK ($59.26 in chips)
fsreibnitz: posts small blind $1
micsveDK: posts big blind $3
*** HOLE CARDS ***
fsreibnitz: raises $3 to $6
micsveDK: calls $3
*** FLOP *** [9s As 5s]
micsveDK: checks
fsreibnitz: bets $3
micsveDK: raises $3 to $6
fsreibnitz: folds
Uncalled bet ($3) returned to micsveDK
micsveDK collected $17.64 from pot
micsveDK: doesn't show hand
*** SUMMARY ***
Total pot $18 | Rake $0.36
Board [9s As 5s]
Seat 4: fsreibnitz (button) (small blind) folded on the Flop
Seat 5: micsveDK (big blind) collected ($17.64)


PokerStars Hand #152768100229:  Hold'em Limit ($3/$6 USD) - 2016/05/02 16:45:26 ET
Table 'Wrubel' 6-max Seat #5 is the button
Seat 4: fsreibnitz ($150.29 in chips)
Seat 5: micsveDK ($67.54 in chips)
micsveDK: posts small blind $1
fsreibnitz: posts big blind $3
*** HOLE CARDS ***
micsveDK: raises $3 to $6
fsreibnitz: folds
Uncalled bet ($3) returned to micsveDK
micsveDK collected $6 from pot
micsveDK: doesn't show hand
*** SUMMARY ***
Total pot $6 | Rake $0
Seat 4: fsreibnitz (big blind) folded before Flop
Seat 5: micsveDK (button) (small blind) collected ($6)


PokerStars Hand #152768086684:  Hold'em Limit ($3/$6 USD) - 2016/05/02 16:45:10 ET
Table 'Wrubel' 6-max Seat #4 is the button
Seat 4: fsreibnitz ($141.65 in chips)
Seat 5: micsveDK ($76.54 in chips)
fsreibnitz: posts small blind $1
micsveDK: posts big blind $3
*** HOLE CARDS ***
fsreibnitz: raises $3 to $6
micsveDK: calls $3
*** FLOP *** [2s Tc 7d]
micsveDK: checks
fsreibnitz: bets $3
micsveDK: calls $3
*** TURN *** [2s Tc 7d] [Qh]
micsveDK: checks
fsreibnitz: bets $6
micsveDK: folds
Uncalled bet ($6) returned to fsreibnitz
fsreibnitz collected $17.64 from pot
*** SUMMARY ***
Total pot $18 | Rake $0.36
Board [2s Tc 7d Qh]
Seat 4: fsreibnitz (button) (small blind) collected ($17.64)
Seat 5: micsveDK (big blind) folded on the Turn


PokerStars Hand #152768105173:  Hold'em Limit ($3/$6 USD) - 2016/05/02 16:45:32 ET
Table 'Wrubel' 6-max Seat #4 is the button
Seat 4: fsreibnitz ($147.29 in chips)
Seat 5: micsveDK ($70.54 in chips)
fsreibnitz: posts small blind $1
micsveDK: posts big blind $3
*** HOLE CARDS ***
fsreibnitz: raises $3 to $6
micsveDK: folds
Uncalled bet ($3) returned to fsreibnitz
fsreibnitz collected $6 from pot
*** SUMMARY ***
Total pot $6 | Rake $0
Seat 4: fsreibnitz (button) (small blind) collected ($6)
Seat 5: micsveDK (big blind) folded before Flop


PokerStars Hand #152768116579:  Hold'em Limit ($3/$6 USD) - 2016/05/02 16:45:45 ET
Table 'Wrubel' 6-max Seat #4 is the button
Seat 4: fsreibnitz ($147.29 in chips)
Seat 5: micsveDK ($70.54 in chips)
fsreibnitz: posts small blind $1
micsveDK: posts big blind $3
*** HOLE CARDS ***
fsreibnitz: raises $3 to $6
micsveDK: folds
Uncalled bet ($3) returned to fsreibnitz
fsreibnitz collected $6 from pot
*** SUMMARY ***
Total pot $6 | Rake $0
Seat 4: fsreibnitz (button) (small blind) collected ($6)
Seat 5: micsveDK (big blind) folded before Flop


PokerStars Hand #152768110939:  Hold'em Limit ($3/$6 USD) - 2016/05/02 16:45:39 ET
Table 'Wrubel' 6-max Seat #5 is the button
Seat 4: fsreibnitz ($150.29 in chips)
Seat 5: micsveDK ($67.54 in chips)
micsveDK: posts small blind $1
fsreibnitz: posts big blind $3
*** HOLE CARDS ***
micsveDK: raises $3 to $6
fsreibnitz: folds
Uncalled bet ($3) returned to micsveDK
micsveDK collected $6 from pot
micsveDK: doesn't show hand
*** SUMMARY ***
Total pot $6 | Rake $0
Seat 4: fsreibnitz (big blind) folded before Flop
Seat 5: micsveDK (button) (small blind) collected ($6)


PokerStars Hand #152768140505:  Hold'em Limit ($3/$6 USD) - 2016/05/02 16:46:14 ET
Table 'Wrubel' 6-max Seat #4 is the button
Seat 4: fsreibnitz ($129.29 in chips)
Seat 5: micsveDK ($88.04 in chips)
fsreibnitz: posts small blind $1
micsveDK: posts big blind $3
*** HOLE CARDS ***
fsreibnitz: folds
Uncalled bet ($2) returned to micsveDK
micsveDK collected $2 from pot
micsveDK: doesn't show hand
*** SUMMARY ***
Total pot $2 | Rake $0
Seat 4: fsreibnitz (button) (small blind) folded before Flop
Seat 5: micsveDK (big blind) collected ($2)


PokerStars Hand #152768122563:  Hold'em Limit ($3/$6 USD) - 2016/05/02 16:45:53 ET
Table 'Wrubel' 6-max Seat #5 is the button
Seat 4: fsreibnitz ($150.29 in chips)
Seat 5: micsveDK ($67.54 in chips)
micsveDK: posts small blind $1
fsreibnitz: posts big blind $3
*** HOLE CARDS ***
micsveDK: raises $3 to $6
fsreibnitz: calls $3
*** FLOP *** [6s Qh Kh]
fsreibnitz: checks
micsveDK: bets $3
fsreibnitz: calls $3
*** TURN *** [6s Qh Kh] [3s]
fsreibnitz: checks
micsveDK: bets $6
fsreibnitz: calls $6
*** RIVER *** [6s Qh Kh 3s] [4d]
fsreibnitz: checks
micsveDK: bets $6
fsreibnitz: calls $6
*** SHOW DOWN ***
micsveDK: shows [3d Qd] (two pair, Queens and Threes)
fsreibnitz: mucks hand
micsveDK collected $41.50 from pot
*** SUMMARY ***
Total pot $42 | Rake $0.50
Board [6s Qh Kh 3s 4d]
Seat 4: fsreibnitz (big blind) mucked
Seat 5: micsveDK (button) (small blind) showed [3d Qd] and won ($41.50) with two pair, Queens and Threes


PokerStars Hand #152768153070:  Hold'em Limit ($3/$6 USD) - 2016/05/02 16:46:19 ET
Table 'Wrubel' 6-max Seat #5 is the button
Seat 4: fsreibnitz ($128.29 in chips)
Seat 5: micsveDK ($89.04 in chips)
micsveDK: posts small blind $1
fsreibnitz: posts big blind $3
*** HOLE CARDS ***
micsveDK: raises $3 to $6
fsreibnitz: calls $3
*** FLOP *** [3d 3s 9d]
fsreibnitz: checks
micsveDK: checks
*** TURN *** [3d 3s 9d] [7c]
fsreibnitz: checks
micsveDK: checks
*** RIVER *** [3d 3s 9d 7c] [3c]
fsreibnitz: bets $6
micsveDK: folds
Uncalled bet ($6) returned to fsreibnitz
fsreibnitz collected $11.76 from pot
*** SUMMARY ***
Total pot $12 | Rake $0.24
Board [3d 3s 9d 7c 3c]
Seat 4: fsreibnitz (big blind) collected ($11.76)
Seat 5: micsveDK (button) (small blind) folded on the River


PokerStars Hand #152768216927:  Hold'em Limit ($3/$6 USD) - 2016/05/02 16:47:32 ET
Table 'Wrubel' 6-max Seat #5 is the button
Seat 4: fsreibnitz ($154.55 in chips)
Seat 5: micsveDK ($61.56 in chips)
micsveDK: posts small blind $1
fsreibnitz: posts big blind $3
*** HOLE CARDS ***
micsveDK: folds
Uncalled bet ($2) returned to fsreibnitz
fsreibnitz collected $2 from pot
*** SUMMARY ***
Total pot $2 | Rake $0
Seat 4: fsreibnitz (big blind) collected ($2)
Seat 5: micsveDK (button) (small blind) folded before Flop


PokerStars Hand #152768177016:  Hold'em Limit ($3/$6 USD) - 2016/05/02 16:46:47 ET
Table 'Wrubel' 6-max Seat #5 is the button
Seat 4: fsreibnitz ($128.05 in chips)
Seat 5: micsveDK ($88.80 in chips)
micsveDK: posts small blind $1
fsreibnitz: posts big blind $3
*** HOLE CARDS ***
micsveDK: folds
Uncalled bet ($2) returned to fsreibnitz
fsreibnitz collected $2 from pot
*** SUMMARY ***
Total pot $2 | Rake $0
Seat 4: fsreibnitz (big blind) collected ($2)
Seat 5: micsveDK (button) (small blind) folded before Flop


PokerStars Hand #152768167739:  Hold'em Limit ($3/$6 USD) - 2016/05/02 16:46:36 ET
Table 'Wrubel' 6-max Seat #4 is the button
Seat 4: fsreibnitz ($134.05 in chips)
Seat 5: micsveDK ($83.04 in chips)
fsreibnitz: posts small blind $1
micsveDK: posts big blind $3
*** HOLE CARDS ***
fsreibnitz: raises $3 to $6
micsveDK: calls $3
*** FLOP *** [5s Jh 3s]
micsveDK: bets $3
fsreibnitz: folds
Uncalled bet ($3) returned to micsveDK
micsveDK collected $11.76 from pot
micsveDK: doesn't show hand
*** SUMMARY ***
Total pot $12 | Rake $0.24
Board [5s Jh 3s]
Seat 4: fsreibnitz (button) (small blind) folded on the Flop
Seat 5: micsveDK (big blind) collected ($11.76)


PokerStars Hand #152768181597:  Hold'em Limit ($3/$6 USD) - 2016/05/02 16:46:53 ET
Table 'Wrubel' 6-max Seat #4 is the button
Seat 4: fsreibnitz ($129.05 in chips)
Seat 5: micsveDK ($87.80 in chips)
fsreibnitz: posts small blind $1
micsveDK: posts big blind $3
*** HOLE CARDS ***
fsreibnitz: folds
Uncalled bet ($2) returned to micsveDK
micsveDK collected $2 from pot
micsveDK: doesn't show hand
*** SUMMARY ***
Total pot $2 | Rake $0
Seat 4: fsreibnitz (button) (small blind) folded before Flop
Seat 5: micsveDK (big blind) collected ($2)


PokerStars Hand #152768185680:  Hold'em Limit ($3/$6 USD) - 2016/05/02 16:46:58 ET
Table 'Wrubel' 6-max Seat #5 is the button
Seat 4: fsreibnitz ($128.05 in chips)
Seat 5: micsveDK ($88.80 in chips)
micsveDK: posts small blind $1
fsreibnitz: posts big blind $3
*** HOLE CARDS ***
micsveDK: raises $3 to $6
fsreibnitz: calls $3
*** FLOP *** [8d 9d 2d]
fsreibnitz: checks
micsveDK: bets $3
fsreibnitz: folds
Uncalled bet ($3) returned to micsveDK
micsveDK collected $11.76 from pot
micsveDK: doesn't show hand
*** SUMMARY ***
Total pot $12 | Rake $0.24
Board [8d 9d 2d]
Seat 4: fsreibnitz (big blind) folded on the Flop
Seat 5: micsveDK (button) (small blind) collected ($11.76)


PokerStars Hand #152768195593:  Hold'em Limit ($3/$6 USD) - 2016/05/02 16:47:08 ET
Table 'Wrubel' 6-max Seat #4 is the button
Seat 4: fsreibnitz ($122.05 in chips)
Seat 5: micsveDK ($94.56 in chips)
fsreibnitz: posts small blind $1
micsveDK: posts big blind $3
*** HOLE CARDS ***
fsreibnitz: raises $3 to $6
micsveDK: calls $3
*** FLOP *** [9h Ah Kh]
micsveDK: bets $3
fsreibnitz: raises $3 to $6
micsveDK: raises $3 to $9
fsreibnitz: calls $3
*** TURN *** [9h Ah Kh] [8h]
micsveDK: bets $6
fsreibnitz: raises $6 to $12
micsveDK: calls $6
*** RIVER *** [9h Ah Kh 8h] [2s]
micsveDK: checks
fsreibnitz: bets $6
micsveDK: calls $6
*** SHOW DOWN ***
fsreibnitz: shows [Th Qs] (a flush, Ace high)
micsveDK: mucks hand
fsreibnitz collected $65.50 from pot
*** SUMMARY ***
Total pot $66 | Rake $0.50
Board [9h Ah Kh 8h 2s]
Seat 4: fsreibnitz (button) (small blind) showed [Th Qs] and won ($65.50) with a flush, Ace high
Seat 5: micsveDK (big blind) mucked


PokerStars Hand #152768227764:  Hold'em Limit ($3/$6 USD) - 2016/05/02 16:47:44 ET
Table 'Wrubel' 6-max Seat #5 is the button
Seat 4: fsreibnitz ($154.55 in chips)
Seat 5: micsveDK ($61.56 in chips)
micsveDK: posts small blind $1
fsreibnitz: posts big blind $3
*** HOLE CARDS ***
micsveDK: folds
Uncalled bet ($2) returned to fsreibnitz
fsreibnitz collected $2 from pot
*** SUMMARY ***
Total pot $2 | Rake $0
Seat 4: fsreibnitz (big blind) collected ($2)
Seat 5: micsveDK (button) (small blind) folded before Flop


PokerStars Hand #152768222687:  Hold'em Limit ($3/$6 USD) - 2016/05/02 16:47:38 ET
Table 'Wrubel' 6-max Seat #4 is the button
Seat 4: fsreibnitz ($155.55 in chips)
Seat 5: micsveDK ($60.56 in chips)
fsreibnitz: posts small blind $1
micsveDK: posts big blind $3
*** HOLE CARDS ***
fsreibnitz: folds
Uncalled bet ($2) returned to micsveDK
micsveDK collected $2 from pot
micsveDK: doesn't show hand
*** SUMMARY ***
Total pot $2 | Rake $0
Seat 4: fsreibnitz (button) (small blind) folded before Flop
Seat 5: micsveDK (big blind) collected ($2)


PokerStars Hand #152768233102:  Hold'em Limit ($3/$6 USD) - 2016/05/02 16:47:50 ET
Table 'Wrubel' 6-max Seat #4 is the button
Seat 4: fsreibnitz ($155.55 in chips)
Seat 5: micsveDK ($60.56 in chips)
fsreibnitz: posts small blind $1
micsveDK: posts big blind $3
*** HOLE CARDS ***
fsreibnitz: folds
Uncalled bet ($2) returned to micsveDK
micsveDK collected $2 from pot
micsveDK: doesn't show hand
*** SUMMARY ***
Total pot $2 | Rake $0
Seat 4: fsreibnitz (button) (small blind) folded before Flop
Seat 5: micsveDK (big blind) collected ($2)


PokerStars Hand #152768277078:  Hold'em Limit ($3/$6 USD) - 2016/05/02 16:48:38 ET
Table 'Wrubel' 6-max Seat #4 is the button
Seat 4: fsreibnitz ($121.55 in chips)
Seat 5: micsveDK ($93.70 in chips)
fsreibnitz: posts small blind $1
micsveDK: posts big blind $3
*** HOLE CARDS ***
fsreibnitz: folds
Uncalled bet ($2) returned to micsveDK
micsveDK collected $2 from pot
micsveDK: doesn't show hand
*** SUMMARY ***
Total pot $2 | Rake $0
Seat 4: fsreibnitz (button) (small blind) folded before Flop
Seat 5: micsveDK (big blind) collected ($2)


PokerStars Hand #152768271633:  Hold'em Limit ($3/$6 USD) - 2016/05/02 16:48:32 ET
Table 'Wrubel' 6-max Seat #5 is the button
Seat 4: fsreibnitz ($124.55 in chips)
Seat 5: micsveDK ($90.70 in chips)
micsveDK: posts small blind $1
fsreibnitz: posts big blind $3
*** HOLE CARDS ***
micsveDK: raises $3 to $6
fsreibnitz: folds
Uncalled bet ($3) returned to micsveDK
micsveDK collected $6 from pot
micsveDK: doesn't show hand
*** SUMMARY ***
Total pot $6 | Rake $0
Seat 4: fsreibnitz (big blind) folded before Flop
Seat 5: micsveDK (button) (small blind) collected ($6)


PokerStars Hand #152768237947:  Hold'em Limit ($3/$6 USD) - 2016/05/02 16:47:55 ET
Table 'Wrubel' 6-max Seat #5 is the button
Seat 4: fsreibnitz ($154.55 in chips)
Seat 5: micsveDK ($61.56 in chips)
micsveDK: posts small blind $1
fsreibnitz: posts big blind $3
*** HOLE CARDS ***
micsveDK: raises $3 to $6
fsreibnitz: calls $3
*** FLOP *** [6s Qh 7h]
fsreibnitz: checks
micsveDK: bets $3
fsreibnitz: calls $3
*** TURN *** [6s Qh 7h] [Kc]
fsreibnitz: checks
micsveDK: bets $6
fsreibnitz: calls $6
*** RIVER *** [6s Qh 7h Kc] [Jc]
fsreibnitz: checks
micsveDK: bets $6
fsreibnitz: calls $6
*** SHOW DOWN ***
micsveDK: shows [Kd Kh] (three of a kind, Kings)
fsreibnitz: mucks hand
micsveDK collected $41.50 from pot
*** SUMMARY ***
Total pot $42 | Rake $0.50
Board [6s Qh 7h Kc Jc]
Seat 4: fsreibnitz (big blind) mucked
Seat 5: micsveDK (button) (small blind) showed [Kd Kh] and won ($41.50) with three of a kind, Kings


PokerStars Hand #152768259691:  Hold'em Limit ($3/$6 USD) - 2016/05/02 16:48:19 ET
Table 'Wrubel' 6-max Seat #4 is the button
Seat 4: fsreibnitz ($133.55 in chips)
Seat 5: micsveDK ($82.06 in chips)
fsreibnitz: posts small blind $1
micsveDK: posts big blind $3
*** HOLE CARDS ***
fsreibnitz: raises $3 to $6
micsveDK: raises $3 to $9
fsreibnitz: calls $3
*** FLOP *** [3c 3s Kh]
micsveDK: bets $3
fsreibnitz: folds
Uncalled bet ($3) returned to micsveDK
micsveDK collected $17.64 from pot
micsveDK: doesn't show hand
*** SUMMARY ***
Total pot $18 | Rake $0.36
Board [3c 3s Kh]
Seat 4: fsreibnitz (button) (small blind) folded on the Flop
Seat 5: micsveDK (big blind) collected ($17.64)


PokerStars Hand #152768281553:  Hold'em Limit ($3/$6 USD) - 2016/05/02 16:48:43 ET
Table 'Wrubel' 6-max Seat #5 is the button
Seat 4: fsreibnitz ($120.55 in chips)
Seat 5: micsveDK ($94.70 in chips)
micsveDK: posts small blind $1
fsreibnitz: posts big blind $3
*** HOLE CARDS ***
micsveDK: raises $3 to $6
fsreibnitz: folds
Uncalled bet ($3) returned to micsveDK
micsveDK collected $6 from pot
micsveDK: doesn't show hand
*** SUMMARY ***
Total pot $6 | Rake $0
Seat 4: fsreibnitz (big blind) folded before Flop
Seat 5: micsveDK (button) (small blind) collected ($6)


PokerStars Hand #152768293640:  Hold'em Limit ($3/$6 USD) - 2016/05/02 16:48:56 ET
Table 'Wrubel' 6-max Seat #5 is the button
Seat 4: fsreibnitz ($120.55 in chips)
Seat 5: micsveDK ($94.70 in chips)
micsveDK: posts small blind $1
fsreibnitz: posts big blind $3
*** HOLE CARDS ***
micsveDK: folds
Uncalled bet ($2) returned to fsreibnitz
fsreibnitz collected $2 from pot
*** SUMMARY ***
Total pot $2 | Rake $0
Seat 4: fsreibnitz (big blind) collected ($2)
Seat 5: micsveDK (button) (small blind) folded before Flop


PokerStars Hand #152768287271:  Hold'em Limit ($3/$6 USD) - 2016/05/02 16:48:49 ET
Table 'Wrubel' 6-max Seat #4 is the button
Seat 4: fsreibnitz ($117.55 in chips)
Seat 5: micsveDK ($97.70 in chips)
fsreibnitz: posts small blind $1
micsveDK: posts big blind $3
*** HOLE CARDS ***
fsreibnitz: raises $3 to $6
micsveDK: folds
Uncalled bet ($3) returned to fsreibnitz
fsreibnitz collected $6 from pot
*** SUMMARY ***
Total pot $6 | Rake $0
Seat 4: fsreibnitz (button) (small blind) collected ($6)
Seat 5: micsveDK (big blind) folded before Flop


PokerStars Hand #152768308912:  Hold'em Limit ($3/$6 USD) - 2016/05/02 16:49:12 ET
Table 'Wrubel' 6-max Seat #4 is the button
Seat 4: fsreibnitz ($121.55 in chips)
Seat 5: micsveDK ($93.70 in chips)
fsreibnitz: posts small blind $1
micsveDK: posts big blind $3
*** HOLE CARDS ***
fsreibnitz: folds
Uncalled bet ($2) returned to micsveDK
micsveDK collected $2 from pot
micsveDK: doesn't show hand
*** SUMMARY ***
Total pot $2 | Rake $0
Seat 4: fsreibnitz (button) (small blind) folded before Flop
Seat 5: micsveDK (big blind) collected ($2)


PokerStars Hand #152768303393:  Hold'em Limit ($3/$6 USD) - 2016/05/02 16:49:07 ET
Table 'Wrubel' 6-max Seat #5 is the button
Seat 4: fsreibnitz ($120.55 in chips)
Seat 5: micsveDK ($94.70 in chips)
micsveDK: posts small blind $1
fsreibnitz: posts big blind $3
*** HOLE CARDS ***
micsveDK: folds
Uncalled bet ($2) returned to fsreibnitz
fsreibnitz collected $2 from pot
*** SUMMARY ***
Total pot $2 | Rake $0
Seat 4: fsreibnitz (big blind) collected ($2)
Seat 5: micsveDK (button) (small blind) folded before Flop


PokerStars Hand #152768298335:  Hold'em Limit ($3/$6 USD) - 2016/05/02 16:49:01 ET
Table 'Wrubel' 6-max Seat #4 is the button
Seat 4: fsreibnitz ($121.55 in chips)
Seat 5: micsveDK ($93.70 in chips)
fsreibnitz: posts small blind $1
micsveDK: posts big blind $3
*** HOLE CARDS ***
fsreibnitz: folds
Uncalled bet ($2) returned to micsveDK
micsveDK collected $2 from pot
micsveDK: doesn't show hand
*** SUMMARY ***
Total pot $2 | Rake $0
Seat 4: fsreibnitz (button) (small blind) folded before Flop
Seat 5: micsveDK (big blind) collected ($2)


PokerStars Hand #152768314169:  Hold'em Limit ($3/$6 USD) - 2016/05/02 16:49:18 ET
Table 'Wrubel' 6-max Seat #5 is the button
Seat 4: fsreibnitz ($120.55 in chips)
Seat 5: micsveDK ($94.70 in chips)
micsveDK: posts small blind $1
fsreibnitz: posts big blind $3
*** HOLE CARDS ***
micsveDK: folds
Uncalled bet ($2) returned to fsreibnitz
fsreibnitz collected $2 from pot
*** SUMMARY ***
Total pot $2 | Rake $0
Seat 4: fsreibnitz (big blind) collected ($2)
Seat 5: micsveDK (button) (small blind) folded before Flop


PokerStars Hand #152768345429:  Hold'em Limit ($3/$6 USD) - 2016/05/02 16:49:52 ET
Table 'Wrubel' 6-max Seat #4 is the button
Seat 4: fsreibnitz ($143.05 in chips)
Seat 5: micsveDK ($71.70 in chips)
fsreibnitz: posts small blind $1
micsveDK: posts big blind $3
*** HOLE CARDS ***
Mind90 joins the table at seat #1
fsreibnitz: folds
Uncalled bet ($2) returned to micsveDK
micsveDK collected $2 from pot
micsveDK: doesn't show hand
*** SUMMARY ***
Total pot $2 | Rake $0
Seat 4: fsreibnitz (button) (small blind) folded before Flop
Seat 5: micsveDK (big blind) collected ($2)


PokerStars Hand #152768340482:  Hold'em Limit ($3/$6 USD) - 2016/05/02 16:49:47 ET
Table 'Wrubel' 6-max Seat #5 is the button
Seat 4: fsreibnitz ($142.05 in chips)
Seat 5: micsveDK ($72.70 in chips)
micsveDK: posts small blind $1
fsreibnitz: posts big blind $3
*** HOLE CARDS ***
micsveDK: folds
Uncalled bet ($2) returned to fsreibnitz
fsreibnitz collected $2 from pot
*** SUMMARY ***
Total pot $2 | Rake $0
Seat 4: fsreibnitz (big blind) collected ($2)
Seat 5: micsveDK (button) (small blind) folded before Flop


PokerStars Hand #152768319709:  Hold'em Limit ($3/$6 USD) - 2016/05/02 16:49:24 ET
Table 'Wrubel' 6-max Seat #4 is the button
Seat 4: fsreibnitz ($121.55 in chips)
Seat 5: micsveDK ($93.70 in chips)
fsreibnitz: posts small blind $1
micsveDK: posts big blind $3
*** HOLE CARDS ***
fsreibnitz: raises $3 to $6
micsveDK: calls $3
*** FLOP *** [6s 8c Qh]
micsveDK: checks
fsreibnitz: bets $3
micsveDK: calls $3
*** TURN *** [6s 8c Qh] [2s]
micsveDK: checks
fsreibnitz: bets $6
micsveDK: calls $6
*** RIVER *** [6s 8c Qh 2s] [Tc]
micsveDK: checks
fsreibnitz: bets $6
micsveDK: calls $6
*** SHOW DOWN ***
fsreibnitz: shows [Ts Jc] (a pair of Tens)
micsveDK: mucks hand
fsreibnitz collected $41.50 from pot
*** SUMMARY ***
Total pot $42 | Rake $0.50
Board [6s 8c Qh 2s Tc]
Seat 4: fsreibnitz (button) (small blind) showed [Ts Jc] and won ($41.50) with a pair of Tens
Seat 5: micsveDK (big blind) mucked


PokerStars Hand #152768441471:  Hold'em Limit ($3/$6 USD) - 2016/05/02 16:51:39 ET
Table 'Wrubel' 6-max Seat #5 is the button
Seat 4: fsreibnitz ($103.69 in chips)
Seat 5: micsveDK ($91.69 in chips)
micsveDK: posts small blind $1
Mind90: is sitting out
fsreibnitz: posts big blind $3
*** HOLE CARDS ***
micsveDK: raises $3 to $6
Mind90 leaves the table
fsreibnitz: calls $3
*** FLOP *** [As 8h Qs]
fsreibnitz: checks
micsveDK: bets $3
fsreibnitz: calls $3
*** TURN *** [As 8h Qs] [7c]
fsreibnitz: checks
micsveDK: bets $6
fsreibnitz: raises $6 to $12
micsveDK: calls $6
*** RIVER *** [As 8h Qs 7c] [Kh]
fsreibnitz: bets $6
micsveDK: folds
Uncalled bet ($6) returned to fsreibnitz
fsreibnitz collected $41.50 from pot
*** SUMMARY ***
Total pot $42 | Rake $0.50
Board [As 8h Qs 7c Kh]
Seat 4: fsreibnitz (big blind) collected ($41.50)
Seat 5: micsveDK (button) (small blind) folded on the River


PokerStars Hand #152768459921:  Hold'em Limit ($3/$6 USD) - 2016/05/02 16:52:00 ET
Table 'Wrubel' 6-max Seat #4 is the button
Seat 4: fsreibnitz ($124.19 in chips)
Seat 5: micsveDK ($70.69 in chips)
fsreibnitz: posts small blind $1
micsveDK: posts big blind $3
*** HOLE CARDS ***
fsreibnitz: raises $3 to $6
micsveDK: calls $3
*** FLOP *** [2d 9d 9s]
micsveDK: checks
fsreibnitz: checks
*** TURN *** [2d 9d 9s] [4d]
micsveDK: bets $6
fsreibnitz: folds
Uncalled bet ($6) returned to micsveDK
micsveDK collected $11.76 from pot
micsveDK: doesn't show hand
*** SUMMARY ***
Total pot $12 | Rake $0.24
Board [2d 9d 9s 4d]
Seat 4: fsreibnitz (button) (small blind) folded on the Turn
Seat 5: micsveDK (big blind) collected ($11.76)


PokerStars Hand #152768513726:  Hold'em Limit ($3/$6 USD) - 2016/05/02 16:53:00 ET
Table 'Wrubel' 6-max Seat #4 is the button
Seat 4: fsreibnitz ($85.19 in chips)
Seat 5: micsveDK ($108.47 in chips)
fsreibnitz: posts small blind $1
micsveDK: posts big blind $3
*** HOLE CARDS ***
fsreibnitz: raises $3 to $6
micsveDK: folds
Uncalled bet ($3) returned to fsreibnitz
fsreibnitz collected $6 from pot
*** SUMMARY ***
Total pot $6 | Rake $0
Seat 4: fsreibnitz (button) (small blind) collected ($6)
Seat 5: micsveDK (big blind) folded before Flop


PokerStars Hand #152768520115:  Hold'em Limit ($3/$6 USD) - 2016/05/02 16:53:07 ET
Table 'Wrubel' 6-max Seat #5 is the button
Seat 4: fsreibnitz ($88.19 in chips)
Seat 5: micsveDK ($105.47 in chips)
micsveDK: posts small blind $1
fsreibnitz: posts big blind $3
*** HOLE CARDS ***
micsveDK: raises $3 to $6
fsreibnitz: calls $3
*** FLOP *** [6d Th 2s]
fsreibnitz: checks
micsveDK: bets $3
fsreibnitz: calls $3
*** TURN *** [6d Th 2s] [9c]
fsreibnitz: checks
micsveDK: checks
*** RIVER *** [6d Th 2s 9c] [8d]
fsreibnitz: bets $6
micsveDK: folds
Uncalled bet ($6) returned to fsreibnitz
fsreibnitz collected $17.64 from pot
*** SUMMARY ***
Total pot $18 | Rake $0.36
Board [6d Th 2s 9c 8d]
Seat 4: fsreibnitz (big blind) collected ($17.64)
Seat 5: micsveDK (button) (small blind) folded on the River


PokerStars Hand #152768491266:  Hold'em Limit ($3/$6 USD) - 2016/05/02 16:52:35 ET
Table 'Wrubel' 6-max Seat #4 is the button
Seat 4: fsreibnitz ($94.19 in chips)
Seat 5: micsveDK ($99.95 in chips)
fsreibnitz: posts small blind $1
micsveDK: posts big blind $3
*** HOLE CARDS ***
fsreibnitz: raises $3 to $6
micsveDK: folds
Uncalled bet ($3) returned to fsreibnitz
fsreibnitz collected $6 from pot
*** SUMMARY ***
Total pot $6 | Rake $0
Seat 4: fsreibnitz (button) (small blind) collected ($6)
Seat 5: micsveDK (big blind) folded before Flop


PokerStars Hand #152768471292:  Hold'em Limit ($3/$6 USD) - 2016/05/02 16:52:13 ET
Table 'Wrubel' 6-max Seat #5 is the button
Seat 4: fsreibnitz ($118.19 in chips)
Seat 5: micsveDK ($76.45 in chips)
micsveDK: posts small blind $1
fsreibnitz: posts big blind $3
*** HOLE CARDS ***
micsveDK: raises $3 to $6
fsreibnitz: calls $3
*** FLOP *** [9s 3d 9h]
fsreibnitz: checks
micsveDK: checks
*** TURN *** [9s 3d 9h] [8h]
fsreibnitz: bets $6
micsveDK: raises $6 to $12
fsreibnitz: calls $6
*** RIVER *** [9s 3d 9h 8h] [7d]
fsreibnitz: checks
micsveDK: bets $6
fsreibnitz: calls $6
*** SHOW DOWN ***
micsveDK: shows [8s Tc] (two pair, Nines and Eights)
fsreibnitz: mucks hand
micsveDK collected $47.50 from pot
*** SUMMARY ***
Total pot $48 | Rake $0.50
Board [9s 3d 9h 8h 7d]
Seat 4: fsreibnitz (big blind) mucked
Seat 5: micsveDK (button) (small blind) showed [8s Tc] and won ($47.50) with two pair, Nines and Eights


