PokerStars Hand #176750176882:  Hold'em Limit ($3/$6 USD) - 2017/10/10 16:13:37 ET
Table 'Wurm' 6-max Seat #3 is the button
Seat 3: 970816 ($63.95 in chips)
Seat 4: BelSv ($104.50 in chips)
970816: posts small blind $1
BelSv: posts big blind $3
*** HOLE CARDS ***
970816: calls $2
BelSv: raises $3 to $6
970816: calls $3
*** FLOP *** [5s Ks Td]
BelSv: bets $3
970816: calls $3
*** TURN *** [5s Ks Td] [Jc]
BelSv: bets $6
970816: folds
Uncalled bet ($6) returned to BelSv
BelSv collected $17.64 from pot
BelSv: doesn't show hand
*** SUMMARY ***
Total pot $18 | Rake $0.36
Board [5s Ks Td Jc]
Seat 3: 970816 (button) (small blind) folded on the Turn
Seat 4: BelSv (big blind) collected ($17.64)


PokerStars Hand #176750237576:  Hold'em Limit ($3/$6 USD) - 2017/10/10 16:14:51 ET
Table 'Wurm' 6-max Seat #4 is the button
Seat 3: 970816 ($69.45 in chips)
Seat 4: BelSv ($97.90 in chips)
BelSv: posts small blind $1
970816: posts big blind $3
*** HOLE CARDS ***
BelSv: raises $3 to $6
970816: calls $3
*** FLOP *** [5h Ac 6h]
970816: checks
BelSv: bets $3
970816: folds
Uncalled bet ($3) returned to BelSv
BelSv collected $11.76 from pot
BelSv: doesn't show hand
*** SUMMARY ***
Total pot $12 | Rake $0.24
Board [5h Ac 6h]
Seat 3: 970816 (big blind) folded on the Flop
Seat 4: BelSv (button) (small blind) collected ($11.76)


PokerStars Hand #176750191175:  Hold'em Limit ($3/$6 USD) - 2017/10/10 16:13:54 ET
Table 'Wurm' 6-max Seat #4 is the button
Seat 3: 970816 ($54.95 in chips)
Seat 4: BelSv ($113.14 in chips)
BelSv: posts small blind $1
970816: posts big blind $3
*** HOLE CARDS ***
BelSv: raises $3 to $6
970816: calls $3
*** FLOP *** [4d Kd 7d]
970816: checks
BelSv: bets $3
970816: calls $3
*** TURN *** [4d Kd 7d] [5c]
970816: checks
BelSv: bets $6
GoliafUa leaves the table
970816: calls $6
*** RIVER *** [4d Kd 7d 5c] [7c]
970816: bets $6
BelSv: calls $6
*** SHOW DOWN ***
970816: shows [Qh 7h] (three of a kind, Sevens)
BelSv: mucks hand
970816 collected $41.50 from pot
*** SUMMARY ***
Total pot $42 | Rake $0.50
Board [4d Kd 7d 5c 7c]
Seat 3: 970816 (big blind) showed [Qh 7h] and won ($41.50) with three of a kind, Sevens
Seat 4: BelSv (button) (small blind) mucked


PokerStars Hand #176750225777:  Hold'em Limit ($3/$6 USD) - 2017/10/10 16:14:37 ET
Table 'Wurm' 6-max Seat #3 is the button
Seat 3: 970816 ($75.45 in chips)
Seat 4: BelSv ($92.14 in chips)
970816: posts small blind $1
BelSv: posts big blind $3
*** HOLE CARDS ***
970816: calls $2
BelSv: raises $3 to $6
970816: calls $3
*** FLOP *** [7d Kh 4h]
BelSv: bets $3
970816: folds
Uncalled bet ($3) returned to BelSv
BelSv collected $11.76 from pot
BelSv: doesn't show hand
*** SUMMARY ***
Total pot $12 | Rake $0.24
Board [7d Kh 4h]
Seat 3: 970816 (button) (small blind) folded on the Flop
Seat 4: BelSv (big blind) collected ($11.76)


PokerStars Hand #176750256772:  Hold'em Limit ($3/$6 USD) - 2017/10/10 16:15:14 ET
Table 'Wurm' 6-max Seat #3 is the button
Seat 3: 970816 ($63.45 in chips)
Seat 4: BelSv ($103.66 in chips)
970816: posts small blind $1
BelSv: posts big blind $3
*** HOLE CARDS ***
970816: calls $2
BelSv: raises $3 to $6
970816: calls $3
*** FLOP *** [2h 4d 8c]
BelSv: bets $3
970816: raises $3 to $6
BelSv: calls $3
*** TURN *** [2h 4d 8c] [Ah]
BelSv: checks
AzureCaper joins the table at seat #6
970816: bets $6
BelSv: calls $6
*** RIVER *** [2h 4d 8c Ah] [7c]
BelSv: checks
970816: bets $6
BelSv: folds
Uncalled bet ($6) returned to 970816
970816 collected $35.50 from pot
970816: doesn't show hand
*** SUMMARY ***
Total pot $36 | Rake $0.50
Board [2h 4d 8c Ah 7c]
Seat 3: 970816 (button) (small blind) collected ($35.50)
Seat 4: BelSv (big blind) folded on the River


