PokerStars Hand #176761687040:  Hold'em Limit ($3/$6 USD) - 2017/10/10 21:45:22 ET
Table 'Wurm' 6-max Seat #3 is the button
Seat 3: angelomain ($254.56 in chips)
Seat 6: CharginWapos ($197.30 in chips)
angelomain: posts small blind $1
love_mmm: is sitting out
Fletch221: is sitting out
CharginWapos: posts big blind $3
*** HOLE CARDS ***
angelomain: folds
Uncalled bet ($2) returned to CharginWapos
CharginWapos collected $2 from pot
Fletch221 leaves the table
CharginWapos: doesn't show hand
*** SUMMARY ***
Total pot $2 | Rake $0
Seat 3: angelomain (button) (small blind) folded before Flop
Seat 6: CharginWapos (big blind) collected ($2)


PokerStars Hand #176761688991:  Hold'em Limit ($3/$6 USD) - 2017/10/10 21:45:28 ET
Table 'Wurm' 6-max Seat #6 is the button
Seat 3: angelomain ($253.56 in chips)
Seat 6: CharginWapos ($198.30 in chips)
CharginWapos: posts small blind $1
angelomain: posts big blind $3
*** HOLE CARDS ***
CharginWapos: folds
Uncalled bet ($2) returned to angelomain
angelomain collected $2 from pot
angelomain: doesn't show hand
*** SUMMARY ***
Total pot $2 | Rake $0
Seat 3: angelomain (big blind) collected ($2)
Seat 6: CharginWapos (button) (small blind) folded before Flop


