PokerStars Hand #148226758434:  Hold'em Limit ($3/$6 USD) - 2016/02/04 11:58:05 ET
Table 'Wurm' 6-max Seat #1 is the button
Seat 1: VolkovDmitri ($120 in chips)
Seat 4: Shara.Vi ($40 in chips)
VolkovDmitri: posts small blind $1
Shara.Vi: posts big blind $3
*** HOLE CARDS ***
VolkovDmitri: raises $3 to $6
Shara.Vi: calls $3
*** FLOP *** [8c Qs 5s]
Shara.Vi: checks
VolkovDmitri: bets $3
Shara.Vi: calls $3
*** TURN *** [8c Qs 5s] [3c]
Shara.Vi: checks
5PRUT5 joins the table at seat #3
LukaSteel joins the table at seat #5
VolkovDmitri: bets $6
Shara.Vi: calls $6
*** RIVER *** [8c Qs 5s 3c] [6h]
Shara.Vi: bets $6
VolkovDmitri: raises $6 to $12
Shara.Vi: folds
Uncalled bet ($6) returned to VolkovDmitri
VolkovDmitri collected $41.50 from pot
VolkovDmitri: doesn't show hand
*** SUMMARY ***
Total pot $42 | Rake $0.50
Board [8c Qs 5s 3c 6h]
Seat 1: VolkovDmitri (button) (small blind) collected ($41.50)
Seat 4: Shara.Vi (big blind) folded on the River


PokerStars Hand #148226921888:  Hold'em Limit ($3/$6 USD) - 2016/02/04 12:01:24 ET
Table 'Wurm' 6-max Seat #2 is the button
Seat 2: SashaYuvelir ($72 in chips)
Seat 3: 5PRUT5 ($38.50 in chips)
SashaYuvelir: posts small blind $1
5PRUT5: posts big blind $3
*** HOLE CARDS ***
SashaYuvelir: raises $3 to $6
5PRUT5: calls $3
*** FLOP *** [3s 3c 8s]
5PRUT5: checks
SashaYuvelir: bets $3
5PRUT5: calls $3
*** TURN *** [3s 3c 8s] [Tc]
5PRUT5: checks
SashaYuvelir: bets $6
5PRUT5: raises $6 to $12
SashaYuvelir: raises $6 to $18
5PRUT5: raises $6 to $24
Betting is capped
SashaYuvelir: calls $6
*** RIVER *** [3s 3c 8s Tc] [6d]
5PRUT5: bets $5.50 and is all-in
SashaYuvelir: calls $5.50
*** SHOW DOWN ***
5PRUT5: shows [Td Kh] (two pair, Tens and Threes)
SashaYuvelir: shows [9d 3d] (three of a kind, Threes)
SashaYuvelir collected $76.50 from pot
*** SUMMARY ***
Total pot $77 | Rake $0.50
Board [3s 3c 8s Tc 6d]
Seat 2: SashaYuvelir (button) (small blind) showed [9d 3d] and won ($76.50) with three of a kind, Threes
Seat 3: 5PRUT5 (big blind) showed [Td Kh] and lost with two pair, Tens and Threes


PokerStars Hand #148226897834:  Hold'em Limit ($3/$6 USD) - 2016/02/04 12:00:54 ET
Table 'Wurm' 6-max Seat #3 is the button
Seat 2: SashaYuvelir ($72 in chips)
Seat 3: 5PRUT5 ($21 in chips)
5PRUT5: posts small blind $1
SashaYuvelir: posts big blind $3
*** HOLE CARDS ***
5PRUT5: calls $2
SashaYuvelir: raises $3 to $6
5PRUT5: calls $3
*** FLOP *** [Qc 2h Jd]
SashaYuvelir: bets $3
5PRUT5: raises $3 to $6
SashaYuvelir: calls $3
*** TURN *** [Qc 2h Jd] [2s]
SashaYuvelir: checks
5PRUT5: bets $6
SashaYuvelir: calls $6
*** RIVER *** [Qc 2h Jd 2s] [7c]
SashaYuvelir: checks
5PRUT5: bets $3 and is all-in
SashaYuvelir: folds
Uncalled bet ($3) returned to 5PRUT5
5PRUT5 collected $35.50 from pot
5PRUT5: doesn't show hand
*** SUMMARY ***
Total pot $36 | Rake $0.50
Board [Qc 2h Jd 2s 7c]
Seat 2: SashaYuvelir (big blind) folded on the River
Seat 3: 5PRUT5 (button) (small blind) collected ($35.50)


PokerStars Hand #148234766788:  Hold'em Limit ($3/$6 USD) - 2016/02/04 14:15:26 ET
Table 'Wurm' 6-max Seat #2 is the button
Seat 2: BelSv ($122.21 in chips)
Seat 4: Johnliu ($144.97 in chips)
BelSv: posts small blind $1
Johnliu: posts big blind $3
*** HOLE CARDS ***
BelSv: raises $3 to $6
Johnliu: calls $3
*** FLOP *** [9c 4h Td]
Johnliu: checks
BelSv: bets $3
Johnliu: calls $3
*** TURN *** [9c 4h Td] [4d]
Johnliu: checks
BelSv: checks
*** RIVER *** [9c 4h Td 4d] [3h]
Johnliu: bets $6
BelSv: folds
Uncalled bet ($6) returned to Johnliu
Johnliu collected $17.64 from pot
Johnliu: doesn't show hand
*** SUMMARY ***
Total pot $18 | Rake $0.36
Board [9c 4h Td 4d 3h]
Seat 2: BelSv (button) (small blind) folded on the River
Seat 4: Johnliu (big blind) collected ($17.64)


PokerStars Hand #148238677285:  Hold'em Limit ($3/$6 USD) - 2016/02/04 15:17:11 ET
Table 'Wurm' 6-max Seat #6 is the button
Seat 1: BelSv ($78 in chips)
Seat 6: bandita747 ($134.50 in chips)
bandita747: posts small blind $1
BelSv: posts big blind $3
*** HOLE CARDS ***
bandita747: raises $3 to $6
BelSv: folds
Uncalled bet ($3) returned to bandita747
bandita747 collected $6 from pot
*** SUMMARY ***
Total pot $6 | Rake $0
Seat 1: BelSv (big blind) folded before Flop
Seat 6: bandita747 (button) (small blind) collected ($6)


PokerStars Hand #148239049689:  Hold'em Limit ($3/$6 USD) - 2016/02/04 15:22:47 ET
Table 'Wurm' 6-max Seat #6 is the button
Seat 4: inot1 ($96 in chips)
Seat 6: BelSv ($117.18 in chips)
BelSv: posts small blind $1
belik555: is sitting out
inot1: posts big blind $3
*** HOLE CARDS ***
BelSv: raises $3 to $6
inot1: calls $3
*** FLOP *** [Jc 7d Kc]
inot1: checks
BelSv: bets $3
inot1: calls $3
*** TURN *** [Jc 7d Kc] [Td]
inot1: checks
belik555 leaves the table
BelSv: checks
*** RIVER *** [Jc 7d Kc Td] [Kd]
inot1: bets $6
BelSv: folds
Uncalled bet ($6) returned to inot1
inot1 collected $17.64 from pot
inot1: doesn't show hand
*** SUMMARY ***
Total pot $18 | Rake $0.36
Board [Jc 7d Kc Td Kd]
Seat 4: inot1 (big blind) collected ($17.64)
Seat 6: BelSv (button) (small blind) folded on the River


PokerStars Hand #148239137628:  Hold'em Limit ($3/$6 USD) - 2016/02/04 15:24:07 ET
Table 'Wurm' 6-max Seat #6 is the button
Seat 4: inot1 ($118.14 in chips)
Seat 6: BelSv ($93.82 in chips)
BelSv: posts small blind $1
inot1: posts big blind $3
*** HOLE CARDS ***
BelSv: folds
Uncalled bet ($2) returned to inot1
inot1 collected $2 from pot
inot1: doesn't show hand
*** SUMMARY ***
Total pot $2 | Rake $0
Seat 4: inot1 (big blind) collected ($2)
Seat 6: BelSv (button) (small blind) folded before Flop


PokerStars Hand #148239132066:  Hold'em Limit ($3/$6 USD) - 2016/02/04 15:24:02 ET
Table 'Wurm' 6-max Seat #4 is the button
Seat 4: inot1 ($119.14 in chips)
Seat 6: BelSv ($92.82 in chips)
inot1: posts small blind $1
BelSv: posts big blind $3
*** HOLE CARDS ***
inot1: folds
Uncalled bet ($2) returned to BelSv
BelSv collected $2 from pot
BelSv: doesn't show hand
*** SUMMARY ***
Total pot $2 | Rake $0
Seat 4: inot1 (button) (small blind) folded before Flop
Seat 6: BelSv (big blind) collected ($2)


PokerStars Hand #148239126531:  Hold'em Limit ($3/$6 USD) - 2016/02/04 15:23:57 ET
Table 'Wurm' 6-max Seat #6 is the button
Seat 4: inot1 ($118.14 in chips)
Seat 6: BelSv ($93.82 in chips)
BelSv: posts small blind $1
inot1: posts big blind $3
*** HOLE CARDS ***
BelSv: folds
Uncalled bet ($2) returned to inot1
inot1 collected $2 from pot
inot1: doesn't show hand
*** SUMMARY ***
Total pot $2 | Rake $0
Seat 4: inot1 (big blind) collected ($2)
Seat 6: BelSv (button) (small blind) folded before Flop


PokerStars Hand #148239120857:  Hold'em Limit ($3/$6 USD) - 2016/02/04 15:23:52 ET
Table 'Wurm' 6-max Seat #4 is the button
Seat 4: inot1 ($119.14 in chips)
Seat 6: BelSv ($92.82 in chips)
inot1: posts small blind $1
BelSv: posts big blind $3
*** HOLE CARDS ***
inot1: folds
Uncalled bet ($2) returned to BelSv
BelSv collected $2 from pot
BelSv: doesn't show hand
*** SUMMARY ***
Total pot $2 | Rake $0
Seat 4: inot1 (button) (small blind) folded before Flop
Seat 6: BelSv (big blind) collected ($2)


PokerStars Hand #148239096255:  Hold'em Limit ($3/$6 USD) - 2016/02/04 15:23:30 ET
Table 'Wurm' 6-max Seat #6 is the button
Seat 4: inot1 ($95.64 in chips)
Seat 6: BelSv ($116.82 in chips)
BelSv: posts small blind $1
inot1: posts big blind $3
*** HOLE CARDS ***
BelSv: raises $3 to $6
inot1: raises $3 to $9
BelSv: calls $3
*** FLOP *** [Kd Td 4c]
inot1: bets $3
BelSv: calls $3
*** TURN *** [Kd Td 4c] [3c]
inot1: bets $6
BelSv: calls $6
*** RIVER *** [Kd Td 4c 3c] [6h]
inot1: bets $6
BelSv: calls $6
*** SHOW DOWN ***
inot1: shows [5c 5s] (a pair of Fives)
BelSv: mucks hand
inot1 collected $47.50 from pot
*** SUMMARY ***
Total pot $48 | Rake $0.50
Board [Kd Td 4c 3c 6h]
Seat 4: inot1 (big blind) showed [5c 5s] and won ($47.50) with a pair of Fives
Seat 6: BelSv (button) (small blind) mucked


PokerStars Hand #148239073819:  Hold'em Limit ($3/$6 USD) - 2016/02/04 15:23:09 ET
Table 'Wurm' 6-max Seat #4 is the button
Seat 4: inot1 ($104.64 in chips)
Seat 6: BelSv ($108.18 in chips)
inot1: posts small blind $1
BelSv: posts big blind $3
*** HOLE CARDS ***
inot1: raises $3 to $6
BelSv: calls $3
*** FLOP *** [9h Qd Kc]
BelSv: checks
inot1: bets $3
BelSv: calls $3
*** TURN *** [9h Qd Kc] [2d]
BelSv: checks
inot1: checks
*** RIVER *** [9h Qd Kc 2d] [4h]
BelSv: bets $6
inot1: folds
Uncalled bet ($6) returned to BelSv
BelSv collected $17.64 from pot
BelSv: doesn't show hand
*** SUMMARY ***
Total pot $18 | Rake $0.36
Board [9h Qd Kc 2d 4h]
Seat 4: inot1 (button) (small blind) folded on the River
Seat 6: BelSv (big blind) collected ($17.64)


PokerStars Hand #148239190352:  Hold'em Limit ($3/$6 USD) - 2016/02/04 15:24:55 ET
Table 'Wurm' 6-max Seat #4 is the button
Seat 4: inot1 ($74.14 in chips)
Seat 6: BelSv ($136.82 in chips)
inot1: posts small blind $1
BelSv: posts big blind $3
*** HOLE CARDS ***
inot1: raises $3 to $6
BelSv: raises $3 to $9
inot1: calls $3
*** FLOP *** [9s Kh 7c]
BelSv: bets $3
inot1: calls $3
*** TURN *** [9s Kh 7c] [As]
BelSv: bets $6
inot1: folds
Uncalled bet ($6) returned to BelSv
BelSv collected $23.52 from pot
BelSv: doesn't show hand
*** SUMMARY ***
Total pot $24 | Rake $0.48
Board [9s Kh 7c As]
Seat 4: inot1 (button) (small blind) folded on the Turn
Seat 6: BelSv (big blind) collected ($23.52)


PokerStars Hand #148239163462:  Hold'em Limit ($3/$6 USD) - 2016/02/04 15:24:31 ET
Table 'Wurm' 6-max Seat #6 is the button
Seat 4: inot1 ($95.14 in chips)
Seat 6: BelSv ($116.32 in chips)
BelSv: posts small blind $1
inot1: posts big blind $3
*** HOLE CARDS ***
BelSv: raises $3 to $6
inot1: calls $3
*** FLOP *** [Jh 7s 6d]
inot1: bets $3
BelSv: calls $3
*** TURN *** [Jh 7s 6d] [Ad]
inot1: bets $6
BelSv: raises $6 to $12
inot1: calls $6
*** RIVER *** [Jh 7s 6d Ad] [Qd]
inot1: checks
BelSv: bets $6
inot1: folds
Uncalled bet ($6) returned to BelSv
BelSv collected $41.50 from pot
BelSv: doesn't show hand
*** SUMMARY ***
Total pot $42 | Rake $0.50
Board [Jh 7s 6d Ad Qd]
Seat 4: inot1 (big blind) folded on the River
Seat 6: BelSv (button) (small blind) collected ($41.50)


PokerStars Hand #148239142521:  Hold'em Limit ($3/$6 USD) - 2016/02/04 15:24:12 ET
Table 'Wurm' 6-max Seat #4 is the button
Seat 4: inot1 ($119.14 in chips)
Seat 6: BelSv ($92.82 in chips)
inot1: posts small blind $1
BelSv: posts big blind $3
*** HOLE CARDS ***
inot1: raises $3 to $6
BelSv: raises $3 to $9
inot1: calls $3
*** FLOP *** [Th 2c Kc]
BelSv: bets $3
inot1: calls $3
*** TURN *** [Th 2c Kc] [7s]
BelSv: checks
inot1: bets $6
BelSv: calls $6
*** RIVER *** [Th 2c Kc 7s] [8h]
BelSv: checks
inot1: bets $6
BelSv: calls $6
*** SHOW DOWN ***
inot1: shows [Qh 7h] (a pair of Sevens)
BelSv: shows [7c Ad] (a pair of Sevens - Ace kicker)
BelSv collected $47.50 from pot
*** SUMMARY ***
Total pot $48 | Rake $0.50
Board [Th 2c Kc 7s 8h]
Seat 4: inot1 (button) (small blind) showed [Qh 7h] and lost with a pair of Sevens
Seat 6: BelSv (big blind) showed [7c Ad] and won ($47.50) with a pair of Sevens


PokerStars Hand #148239257521:  Hold'em Limit ($3/$6 USD) - 2016/02/04 15:25:56 ET
Table 'Wurm' 6-max Seat #6 is the button
Seat 4: inot1 ($77.39 in chips)
Seat 6: BelSv ($147.84 in chips)
BelSv: posts small blind $1
inot1: posts big blind $3
*** HOLE CARDS ***
BelSv: raises $3 to $6
inot1: calls $3
*** FLOP *** [3h 8d Jh]
inot1: checks
BelSv: bets $3
inot1: calls $3
*** TURN *** [3h 8d Jh] [5h]
inot1: checks
BelSv: checks
*** RIVER *** [3h 8d Jh 5h] [8s]
inot1: bets $6
BelSv: folds
Uncalled bet ($6) returned to inot1
inot1 collected $17.64 from pot
inot1: doesn't show hand
*** SUMMARY ***
Total pot $18 | Rake $0.36
Board [3h 8d Jh 5h 8s]
Seat 4: inot1 (big blind) collected ($17.64)
Seat 6: BelSv (button) (small blind) folded on the River


PokerStars Hand #148239231786:  Hold'em Limit ($3/$6 USD) - 2016/02/04 15:25:33 ET
Table 'Wurm' 6-max Seat #4 is the button
Seat 4: inot1 ($56.89 in chips)
Seat 6: BelSv ($168.84 in chips)
inot1: posts small blind $1
BelSv: posts big blind $3
*** HOLE CARDS ***
inot1: raises $3 to $6
BelSv: raises $3 to $9
inot1: calls $3
*** FLOP *** [3c 6h 8c]
BelSv: bets $3
inot1: raises $3 to $6
BelSv: calls $3
*** TURN *** [3c 6h 8c] [Ac]
BelSv: checks
inot1: checks
*** RIVER *** [3c 6h 8c Ac] [5s]
BelSv: checks
inot1: bets $6
BelSv: calls $6
*** SHOW DOWN ***
inot1: shows [8h Td] (a pair of Eights)
BelSv: mucks hand
inot1 collected $41.50 from pot
*** SUMMARY ***
Total pot $42 | Rake $0.50
Board [3c 6h 8c Ac 5s]
Seat 4: inot1 (button) (small blind) showed [8h Td] and won ($41.50) with a pair of Eights
Seat 6: BelSv (big blind) mucked


PokerStars Hand #148239208810:  Hold'em Limit ($3/$6 USD) - 2016/02/04 15:25:12 ET
Table 'Wurm' 6-max Seat #6 is the button
Seat 4: inot1 ($62.14 in chips)
Seat 6: BelSv ($148.34 in chips)
BelSv: posts small blind $1
inot1: posts big blind $3
*** HOLE CARDS ***
BelSv: raises $3 to $6
inot1: raises $3 to $9
BelSv: calls $3
*** FLOP *** [8d 3h 7d]
inot1: bets $3
BelSv: raises $3 to $6
inot1: calls $3
*** TURN *** [8d 3h 7d] [9h]
inot1: checks
BelSv: checks
*** RIVER *** [8d 3h 7d 9h] [Kc]
inot1: bets $6
BelSv: calls $6
*** SHOW DOWN ***
inot1: shows [Qs Js] (high card King)
BelSv: shows [3s Jc] (a pair of Threes)
BelSv collected $41.50 from pot
*** SUMMARY ***
Total pot $42 | Rake $0.50
Board [8d 3h 7d 9h Kc]
Seat 4: inot1 (big blind) showed [Qs Js] and lost with high card King
Seat 6: BelSv (button) (small blind) showed [3s Jc] and won ($41.50) with a pair of Threes


PokerStars Hand #148239319530:  Hold'em Limit ($3/$6 USD) - 2016/02/04 15:26:52 ET
Table 'Wurm' 6-max Seat #6 is the button
Seat 4: inot1 ($74.03 in chips)
Seat 6: BelSv ($150.36 in chips)
BelSv: posts small blind $1
inot1: posts big blind $3
*** HOLE CARDS ***
BelSv: raises $3 to $6
inot1: calls $3
*** FLOP *** [7d Kc 4c]
inot1: checks
BelSv: checks
*** TURN *** [7d Kc 4c] [4s]
inot1: bets $6
BelSv: calls $6
*** RIVER *** [7d Kc 4c 4s] [Th]
inot1: bets $6
BelSv: calls $6
*** SHOW DOWN ***
inot1: shows [3h Qd] (a pair of Fours)
BelSv: shows [Jd Ad] (a pair of Fours - Ace kicker)
BelSv collected $35.50 from pot
*** SUMMARY ***
Total pot $36 | Rake $0.50
Board [7d Kc 4c 4s Th]
Seat 4: inot1 (big blind) showed [3h Qd] and lost with a pair of Fours
Seat 6: BelSv (button) (small blind) showed [Jd Ad] and won ($35.50) with a pair of Fours


PokerStars Hand #148239313703:  Hold'em Limit ($3/$6 USD) - 2016/02/04 15:26:47 ET
Table 'Wurm' 6-max Seat #4 is the button
Seat 4: inot1 ($75.03 in chips)
Seat 6: BelSv ($149.36 in chips)
inot1: posts small blind $1
BelSv: posts big blind $3
*** HOLE CARDS ***
inot1: folds
Uncalled bet ($2) returned to BelSv
BelSv collected $2 from pot
BelSv: doesn't show hand
*** SUMMARY ***
Total pot $2 | Rake $0
Seat 4: inot1 (button) (small blind) folded before Flop
Seat 6: BelSv (big blind) collected ($2)


PokerStars Hand #148239304577:  Hold'em Limit ($3/$6 USD) - 2016/02/04 15:26:39 ET
Table 'Wurm' 6-max Seat #6 is the button
Seat 4: inot1 ($74.03 in chips)
Seat 6: BelSv ($150.36 in chips)
BelSv: posts small blind $1
inot1: posts big blind $3
*** HOLE CARDS ***
BelSv: folds
Uncalled bet ($2) returned to inot1
inot1 collected $2 from pot
inot1: doesn't show hand
*** SUMMARY ***
Total pot $2 | Rake $0
Seat 4: inot1 (big blind) collected ($2)
Seat 6: BelSv (button) (small blind) folded before Flop


PokerStars Hand #148239281725:  Hold'em Limit ($3/$6 USD) - 2016/02/04 15:26:18 ET
Table 'Wurm' 6-max Seat #4 is the button
Seat 4: inot1 ($86.03 in chips)
Seat 6: BelSv ($138.84 in chips)
inot1: posts small blind $1
BelSv: posts big blind $3
*** HOLE CARDS ***
inot1: raises $3 to $6
BelSv: calls $3
*** FLOP *** [Ts 4c 9s]
BelSv: checks
inot1: checks
*** TURN *** [Ts 4c 9s] [3h]
BelSv: bets $6
inot1: calls $6
*** RIVER *** [Ts 4c 9s 3h] [Js]
BelSv: bets $6
inot1: folds
Uncalled bet ($6) returned to BelSv
BelSv collected $23.52 from pot
BelSv: doesn't show hand
*** SUMMARY ***
Total pot $24 | Rake $0.48
Board [Ts 4c 9s 3h Js]
Seat 4: inot1 (button) (small blind) folded on the River
Seat 6: BelSv (big blind) collected ($23.52)


PokerStars Hand #148239385305:  Hold'em Limit ($3/$6 USD) - 2016/02/04 15:27:52 ET
Table 'Wurm' 6-max Seat #4 is the button
Seat 4: inot1 ($55.79 in chips)
Seat 6: BelSv ($167.62 in chips)
inot1: posts small blind $1
BelSv: posts big blind $3
*** HOLE CARDS ***
inot1: raises $3 to $6
BelSv: calls $3
*** FLOP *** [3h 4h 9c]
BelSv: checks
inot1: checks
*** TURN *** [3h 4h 9c] [Qs]
BelSv: bets $6
inot1: raises $6 to $12
BelSv: calls $6
*** RIVER *** [3h 4h 9c Qs] [9s]
BelSv: checks
inot1: checks
*** SHOW DOWN ***
BelSv: shows [2h 9h] (three of a kind, Nines)
inot1: mucks hand
BelSv collected $35.50 from pot
*** SUMMARY ***
Total pot $36 | Rake $0.50
Board [3h 4h 9c Qs 9s]
Seat 4: inot1 (button) (small blind) mucked
Seat 6: BelSv (big blind) showed [2h 9h] and won ($35.50) with three of a kind, Nines


PokerStars Hand #148239369774:  Hold'em Limit ($3/$6 USD) - 2016/02/04 15:27:38 ET
Table 'Wurm' 6-max Seat #6 is the button
Seat 4: inot1 ($61.79 in chips)
Seat 6: BelSv ($161.86 in chips)
BelSv: posts small blind $1
inot1: posts big blind $3
*** HOLE CARDS ***
BelSv: raises $3 to $6
inot1: calls $3
*** FLOP *** [Jc 2h As]
inot1: checks
BelSv: checks
*** TURN *** [Jc 2h As] [Ac]
inot1: checks
BelSv: bets $6
inot1: folds
Uncalled bet ($6) returned to BelSv
BelSv collected $11.76 from pot
BelSv: doesn't show hand
*** SUMMARY ***
Total pot $12 | Rake $0.24
Board [Jc 2h As Ac]
Seat 4: inot1 (big blind) folded on the Turn
Seat 6: BelSv (button) (small blind) collected ($11.76)


PokerStars Hand #148239364776:  Hold'em Limit ($3/$6 USD) - 2016/02/04 15:27:34 ET
Table 'Wurm' 6-max Seat #4 is the button
Seat 4: inot1 ($62.79 in chips)
Seat 6: BelSv ($160.86 in chips)
inot1: posts small blind $1
BelSv: posts big blind $3
*** HOLE CARDS ***
inot1: folds
Uncalled bet ($2) returned to BelSv
BelSv collected $2 from pot
BelSv: doesn't show hand
*** SUMMARY ***
Total pot $2 | Rake $0
Seat 4: inot1 (button) (small blind) folded before Flop
Seat 6: BelSv (big blind) collected ($2)


PokerStars Hand #148239356630:  Hold'em Limit ($3/$6 USD) - 2016/02/04 15:27:26 ET
Table 'Wurm' 6-max Seat #6 is the button
Seat 4: inot1 ($61.79 in chips)
Seat 6: BelSv ($161.86 in chips)
BelSv: posts small blind $1
inot1: posts big blind $3
*** HOLE CARDS ***
BelSv: folds
Uncalled bet ($2) returned to inot1
inot1 collected $2 from pot
inot1: doesn't show hand
*** SUMMARY ***
Total pot $2 | Rake $0
Seat 4: inot1 (big blind) collected ($2)
Seat 6: BelSv (button) (small blind) folded before Flop


PokerStars Hand #148239341780:  Hold'em Limit ($3/$6 USD) - 2016/02/04 15:27:13 ET
Table 'Wurm' 6-max Seat #4 is the button
Seat 4: inot1 ($56.03 in chips)
Seat 6: BelSv ($167.86 in chips)
inot1: posts small blind $1
BelSv: posts big blind $3
*** HOLE CARDS ***
inot1: raises $3 to $6
BelSv: calls $3
*** FLOP *** [7d Th 5c]
BelSv: checks
inot1: bets $3
BelSv: folds
Uncalled bet ($3) returned to inot1
inot1 collected $11.76 from pot
inot1: doesn't show hand
*** SUMMARY ***
Total pot $12 | Rake $0.24
Board [7d Th 5c]
Seat 4: inot1 (button) (small blind) collected ($11.76)
Seat 6: BelSv (big blind) folded on the Flop


PokerStars Hand #148239472118:  Hold'em Limit ($3/$6 USD) - 2016/02/04 15:29:12 ET
Table 'Wurm' 6-max Seat #6 is the button
Seat 4: inot1 ($70.69 in chips)
Seat 6: BelSv ($151.12 in chips)
BelSv: posts small blind $1
inot1: posts big blind $3
*** HOLE CARDS ***
BelSv: folds
Uncalled bet ($2) returned to inot1
inot1 collected $2 from pot
inot1: doesn't show hand
*** SUMMARY ***
Total pot $2 | Rake $0
Seat 4: inot1 (big blind) collected ($2)
Seat 6: BelSv (button) (small blind) folded before Flop


PokerStars Hand #148239453102:  Hold'em Limit ($3/$6 USD) - 2016/02/04 15:28:54 ET
Table 'Wurm' 6-max Seat #4 is the button
Seat 4: inot1 ($62.05 in chips)
Seat 6: BelSv ($160.12 in chips)
inot1: posts small blind $1
BelSv: posts big blind $3
*** HOLE CARDS ***
inot1: raises $3 to $6
BelSv: calls $3
*** FLOP *** [8s 8c 8h]
BelSv: checks
inot1: bets $3
BelSv: calls $3
*** TURN *** [8s 8c 8h] [8d]
BelSv: checks
inot1: bets $6
BelSv: folds
Uncalled bet ($6) returned to inot1
inot1 collected $17.64 from pot
inot1: doesn't show hand
*** SUMMARY ***
Total pot $18 | Rake $0.36
Board [8s 8c 8h 8d]
Seat 4: inot1 (button) (small blind) collected ($17.64)
Seat 6: BelSv (big blind) folded on the Turn


PokerStars Hand #148239447174:  Hold'em Limit ($3/$6 USD) - 2016/02/04 15:28:49 ET
Table 'Wurm' 6-max Seat #6 is the button
Seat 4: inot1 ($61.05 in chips)
Seat 6: BelSv ($161.12 in chips)
BelSv: posts small blind $1
inot1: posts big blind $3
*** HOLE CARDS ***
BelSv: folds
Uncalled bet ($2) returned to inot1
inot1 collected $2 from pot
inot1: doesn't show hand
*** SUMMARY ***
Total pot $2 | Rake $0
Seat 4: inot1 (big blind) collected ($2)
Seat 6: BelSv (button) (small blind) folded before Flop


PokerStars Hand #148239441729:  Hold'em Limit ($3/$6 USD) - 2016/02/04 15:28:44 ET
Table 'Wurm' 6-max Seat #4 is the button
Seat 4: inot1 ($62.05 in chips)
Seat 6: BelSv ($160.12 in chips)
inot1: posts small blind $1
BelSv: posts big blind $3
*** HOLE CARDS ***
inot1: folds
Uncalled bet ($2) returned to BelSv
BelSv collected $2 from pot
BelSv: doesn't show hand
*** SUMMARY ***
Total pot $2 | Rake $0
Seat 4: inot1 (button) (small blind) folded before Flop
Seat 6: BelSv (big blind) collected ($2)


PokerStars Hand #148239436603:  Hold'em Limit ($3/$6 USD) - 2016/02/04 15:28:39 ET
Table 'Wurm' 6-max Seat #6 is the button
Seat 4: inot1 ($61.05 in chips)
Seat 6: BelSv ($161.12 in chips)
BelSv: posts small blind $1
inot1: posts big blind $3
*** HOLE CARDS ***
BelSv: folds
Uncalled bet ($2) returned to inot1
inot1 collected $2 from pot
inot1: doesn't show hand
*** SUMMARY ***
Total pot $2 | Rake $0
Seat 4: inot1 (big blind) collected ($2)
Seat 6: BelSv (button) (small blind) folded before Flop


PokerStars Hand #148239422371:  Hold'em Limit ($3/$6 USD) - 2016/02/04 15:28:26 ET
Table 'Wurm' 6-max Seat #4 is the button
Seat 4: inot1 ($55.29 in chips)
Seat 6: BelSv ($167.12 in chips)
inot1: posts small blind $1
BelSv: posts big blind $3
*** HOLE CARDS ***
inot1: raises $3 to $6
BelSv: calls $3
*** FLOP *** [Tc 4d Ts]
BelSv: checks
inot1: bets $3
BelSv: folds
Uncalled bet ($3) returned to inot1
inot1 collected $11.76 from pot
inot1: doesn't show hand
*** SUMMARY ***
Total pot $12 | Rake $0.24
Board [Tc 4d Ts]
Seat 4: inot1 (button) (small blind) collected ($11.76)
Seat 6: BelSv (big blind) folded on the Flop


PokerStars Hand #148239406246:  Hold'em Limit ($3/$6 USD) - 2016/02/04 15:28:12 ET
Table 'Wurm' 6-max Seat #6 is the button
Seat 4: inot1 ($37.79 in chips)
Seat 6: BelSv ($185.12 in chips)
BelSv: posts small blind $1
inot1: posts big blind $3
*** HOLE CARDS ***
BelSv: raises $3 to $6
inot1: calls $3
*** FLOP *** [Kd Jc 6s]
inot1: checks
BelSv: checks
*** TURN *** [Kd Jc 6s] [2d]
inot1: bets $6
BelSv: calls $6
*** RIVER *** [Kd Jc 6s 2d] [2h]
inot1: bets $6
BelSv: calls $6
*** SHOW DOWN ***
inot1: shows [Ks 4d] (two pair, Kings and Deuces)
BelSv: mucks hand
inot1 collected $35.50 from pot
*** SUMMARY ***
Total pot $36 | Rake $0.50
Board [Kd Jc 6s 2d 2h]
Seat 4: inot1 (big blind) showed [Ks 4d] and won ($35.50) with two pair, Kings and Deuces
Seat 6: BelSv (button) (small blind) mucked


PokerStars Hand #148239513667:  Hold'em Limit ($3/$6 USD) - 2016/02/04 15:29:50 ET
Table 'Wurm' 6-max Seat #4 is the button
Seat 4: inot1 ($59.69 in chips)
Seat 6: BelSv ($161.62 in chips)
inot1: posts small blind $1
BelSv: posts big blind $3
*** HOLE CARDS ***
inot1: raises $3 to $6
BelSv: raises $3 to $9
inot1: calls $3
*** FLOP *** [2c 4d 7h]
BelSv: bets $3
inot1: raises $3 to $6
BelSv: calls $3
*** TURN *** [2c 4d 7h] [5s]
BelSv: checks
inot1: bets $6
BelSv: calls $6
*** RIVER *** [2c 4d 7h 5s] [4c]
BelSv: checks
inot1: bets $6
BelSv: folds
Uncalled bet ($6) returned to inot1
inot1 collected $41.50 from pot
inot1: doesn't show hand
*** SUMMARY ***
Total pot $42 | Rake $0.50
Board [2c 4d 7h 5s 4c]
Seat 4: inot1 (button) (small blind) collected ($41.50)
Seat 6: BelSv (big blind) folded on the River


PokerStars Hand #148239484041:  Hold'em Limit ($3/$6 USD) - 2016/02/04 15:29:23 ET
Table 'Wurm' 6-max Seat #6 is the button
Seat 4: inot1 ($74.69 in chips)
Seat 6: BelSv ($147.12 in chips)
BelSv: posts small blind $1
inot1: posts big blind $3
*** HOLE CARDS ***
BelSv: raises $3 to $6
inot1: calls $3
*** FLOP *** [6d Jd Td]
inot1: checks
BelSv: bets $3
inot1: calls $3
*** TURN *** [6d Jd Td] [4s]
inot1: checks
BelSv: bets $6
inot1: calls $6
*** RIVER *** [6d Jd Td 4s] [7c]
inot1: checks
BelSv: bets $6
inot1: folds
Uncalled bet ($6) returned to BelSv
BelSv collected $29.50 from pot
BelSv: doesn't show hand
*** SUMMARY ***
Total pot $30 | Rake $0.50
Board [6d Jd Td 4s 7c]
Seat 4: inot1 (big blind) folded on the River
Seat 6: BelSv (button) (small blind) collected ($29.50)


PokerStars Hand #148239477282:  Hold'em Limit ($3/$6 USD) - 2016/02/04 15:29:17 ET
Table 'Wurm' 6-max Seat #4 is the button
Seat 4: inot1 ($71.69 in chips)
Seat 6: BelSv ($150.12 in chips)
inot1: posts small blind $1
BelSv: posts big blind $3
*** HOLE CARDS ***
inot1: raises $3 to $6
BelSv: folds
Uncalled bet ($3) returned to inot1
inot1 collected $6 from pot
inot1: doesn't show hand
*** SUMMARY ***
Total pot $6 | Rake $0
Seat 4: inot1 (button) (small blind) collected ($6)
Seat 6: BelSv (big blind) folded before Flop


PokerStars Hand #148239585980:  Hold'em Limit ($3/$6 USD) - 2016/02/04 15:30:56 ET
Table 'Wurm' 6-max Seat #6 is the button
Seat 4: inot1 ($56.19 in chips)
Seat 6: BelSv ($163.88 in chips)
BelSv: posts small blind $1
inot1: posts big blind $3
*** HOLE CARDS ***
BelSv: raises $3 to $6
inot1: calls $3
*** FLOP *** [Qs 2h 9h]
inot1: bets $3
BelSv: calls $3
*** TURN *** [Qs 2h 9h] [Ah]
inot1: checks
BelSv: bets $6
inot1: raises $6 to $12
BelSv: calls $6
*** RIVER *** [Qs 2h 9h Ah] [3s]
inot1: bets $6
BelSv: calls $6
*** SHOW DOWN ***
inot1: shows [7c Ad] (a pair of Aces)
BelSv: mucks hand
inot1 collected $53.50 from pot
*** SUMMARY ***
Total pot $54 | Rake $0.50
Board [Qs 2h 9h Ah 3s]
Seat 4: inot1 (big blind) showed [7c Ad] and won ($53.50) with a pair of Aces
Seat 6: BelSv (button) (small blind) mucked


PokerStars Hand #148239561568:  Hold'em Limit ($3/$6 USD) - 2016/02/04 15:30:34 ET
Table 'Wurm' 6-max Seat #4 is the button
Seat 4: inot1 ($74.19 in chips)
Seat 6: BelSv ($146.38 in chips)
inot1: posts small blind $1
BelSv: posts big blind $3
*** HOLE CARDS ***
inot1: raises $3 to $6
BelSv: raises $3 to $9
inot1: calls $3
*** FLOP *** [6c Td 9h]
BelSv: checks
inot1: bets $3
BelSv: calls $3
*** TURN *** [6c Td 9h] [Ts]
BelSv: checks
inot1: bets $6
BelSv: calls $6
*** RIVER *** [6c Td 9h Ts] [2d]
BelSv: checks
inot1: checks
*** SHOW DOWN ***
BelSv: shows [Ad Kd] (a pair of Tens)
inot1: mucks hand
BelSv collected $35.50 from pot
*** SUMMARY ***
Total pot $36 | Rake $0.50
Board [6c Td 9h Ts 2d]
Seat 4: inot1 (button) (small blind) mucked
Seat 6: BelSv (big blind) showed [Ad Kd] and won ($35.50) with a pair of Tens


PokerStars Hand #148239547052:  Hold'em Limit ($3/$6 USD) - 2016/02/04 15:30:20 ET
Table 'Wurm' 6-max Seat #6 is the button
Seat 4: inot1 ($80.19 in chips)
Seat 6: BelSv ($140.62 in chips)
BelSv: posts small blind $1
inot1: posts big blind $3
*** HOLE CARDS ***
BelSv: raises $3 to $6
inot1: calls $3
*** FLOP *** [Ts Jc Ah]
inot1: checks
BelSv: bets $3
inot1: folds
Uncalled bet ($3) returned to BelSv
BelSv collected $11.76 from pot
BelSv: doesn't show hand
*** SUMMARY ***
Total pot $12 | Rake $0.24
Board [Ts Jc Ah]
Seat 4: inot1 (big blind) folded on the Flop
Seat 6: BelSv (button) (small blind) collected ($11.76)


PokerStars Hand #148239654470:  Hold'em Limit ($3/$6 USD) - 2016/02/04 15:31:58 ET
Table 'Wurm' 6-max Seat #6 is the button
Seat 4: inot1 ($91.33 in chips)
Seat 6: BelSv ($127.88 in chips)
BelSv: posts small blind $1
inot1: posts big blind $3
*** HOLE CARDS ***
BelSv: raises $3 to $6
inot1: calls $3
*** FLOP *** [5s Ts Tc]
inot1: checks
BelSv: bets $3
inot1: calls $3
*** TURN *** [5s Ts Tc] [2h]
inot1: checks
BelSv: bets $6
inot1: calls $6
*** RIVER *** [5s Ts Tc 2h] [8d]
inot1: checks
BelSv: bets $6
inot1: calls $6
*** SHOW DOWN ***
BelSv: shows [Ac Ah] (two pair, Aces and Tens)
inot1: mucks hand
BelSv collected $41.50 from pot
*** SUMMARY ***
Total pot $42 | Rake $0.50
Board [5s Ts Tc 2h 8d]
Seat 4: inot1 (big blind) mucked
Seat 6: BelSv (button) (small blind) showed [Ac Ah] and won ($41.50) with two pair, Aces and Tens


PokerStars Hand #148239632515:  Hold'em Limit ($3/$6 USD) - 2016/02/04 15:31:38 ET
Table 'Wurm' 6-max Seat #4 is the button
Seat 4: inot1 ($82.69 in chips)
Seat 6: BelSv ($136.88 in chips)
inot1: posts small blind $1
BelSv: posts big blind $3
*** HOLE CARDS ***
inot1: raises $3 to $6
BelSv: calls $3
*** FLOP *** [4h 7h 8d]
BelSv: checks
inot1: bets $3
BelSv: calls $3
*** TURN *** [4h 7h 8d] [Th]
BelSv: checks
inot1: bets $6
BelSv: folds
Uncalled bet ($6) returned to inot1
inot1 collected $17.64 from pot
inot1: doesn't show hand
*** SUMMARY ***
Total pot $18 | Rake $0.36
Board [4h 7h 8d Th]
Seat 4: inot1 (button) (small blind) collected ($17.64)
Seat 6: BelSv (big blind) folded on the Turn


PokerStars Hand #148239617320:  Hold'em Limit ($3/$6 USD) - 2016/02/04 15:31:24 ET
Table 'Wurm' 6-max Seat #6 is the button
Seat 4: inot1 ($81.69 in chips)
Seat 6: BelSv ($137.88 in chips)
BelSv: posts small blind $1
inot1: posts big blind $3
*** HOLE CARDS ***
BelSv: folds
Uncalled bet ($2) returned to inot1
inot1 collected $2 from pot
inot1: doesn't show hand
*** SUMMARY ***
Total pot $2 | Rake $0
Seat 4: inot1 (big blind) collected ($2)
Seat 6: BelSv (button) (small blind) folded before Flop


PokerStars Hand #148239611056:  Hold'em Limit ($3/$6 USD) - 2016/02/04 15:31:19 ET
Table 'Wurm' 6-max Seat #4 is the button
Seat 4: inot1 ($82.69 in chips)
Seat 6: BelSv ($136.88 in chips)
inot1: posts small blind $1
BelSv: posts big blind $3
*** HOLE CARDS ***
inot1: folds
Uncalled bet ($2) returned to BelSv
BelSv collected $2 from pot
BelSv: doesn't show hand
*** SUMMARY ***
Total pot $2 | Rake $0
Seat 4: inot1 (button) (small blind) folded before Flop
Seat 6: BelSv (big blind) collected ($2)


PokerStars Hand #148239705293:  Hold'em Limit ($3/$6 USD) - 2016/02/04 15:32:44 ET
Table 'Wurm' 6-max Seat #6 is the button
Seat 4: inot1 ($43.33 in chips)
Seat 6: BelSv ($174.88 in chips)
BelSv: posts small blind $1
inot1: posts big blind $3
*** HOLE CARDS ***
BelSv: raises $3 to $6
inot1: folds
Uncalled bet ($3) returned to BelSv
BelSv collected $6 from pot
BelSv: doesn't show hand
*** SUMMARY ***
Total pot $6 | Rake $0
Seat 4: inot1 (big blind) folded before Flop
Seat 6: BelSv (button) (small blind) collected ($6)


PokerStars Hand #148239676314:  Hold'em Limit ($3/$6 USD) - 2016/02/04 15:32:18 ET
Table 'Wurm' 6-max Seat #4 is the button
Seat 4: inot1 ($70.33 in chips)
Seat 6: BelSv ($148.38 in chips)
inot1: posts small blind $1
BelSv: posts big blind $3
*** HOLE CARDS ***
inot1: raises $3 to $6
BelSv: raises $3 to $9
inot1: calls $3
*** FLOP *** [8c 4c Ts]
BelSv: bets $3
inot1: raises $3 to $6
BelSv: calls $3
*** TURN *** [8c 4c Ts] [Kc]
BelSv: checks
inot1: bets $6
BelSv: calls $6
*** RIVER *** [8c 4c Ts Kc] [6c]
BelSv: bets $6
inot1: calls $6
*** SHOW DOWN ***
BelSv: shows [As 7c] (a flush, King high)
inot1: mucks hand
BelSv collected $53.50 from pot
*** SUMMARY ***
Total pot $54 | Rake $0.50
Board [8c 4c Ts Kc 6c]
Seat 4: inot1 (button) (small blind) mucked
Seat 6: BelSv (big blind) showed [As 7c] and won ($53.50) with a flush, King high


PokerStars Hand #148239711617:  Hold'em Limit ($3/$6 USD) - 2016/02/04 15:32:50 ET
Table 'Wurm' 6-max Seat #4 is the button
Seat 4: inot1 ($40.33 in chips)
Seat 6: BelSv ($177.88 in chips)
inot1: posts small blind $1
BelSv: posts big blind $3
*** HOLE CARDS ***
inot1: raises $3 to $6
BelSv: raises $3 to $9
inot1: calls $3
*** FLOP *** [8s 2c 6c]
BelSv: checks
inot1: bets $3
BelSv: calls $3
*** TURN *** [8s 2c 6c] [3d]
BelSv: checks
inot1: bets $6
BelSv: folds
Uncalled bet ($6) returned to inot1
inot1 collected $23.52 from pot
inot1: doesn't show hand
*** SUMMARY ***
Total pot $24 | Rake $0.48
Board [8s 2c 6c 3d]
Seat 4: inot1 (button) (small blind) collected ($23.52)
Seat 6: BelSv (big blind) folded on the Turn


PokerStars Hand #148239739825:  Hold'em Limit ($3/$6 USD) - 2016/02/04 15:33:15 ET
Table 'Wurm' 6-max Seat #4 is the button
Seat 4: inot1 ($52.85 in chips)
Seat 6: BelSv ($164.88 in chips)
inot1: posts small blind $1
BelSv: posts big blind $3
*** HOLE CARDS ***
inot1: folds
Uncalled bet ($2) returned to BelSv
BelSv collected $2 from pot
BelSv: doesn't show hand
*** SUMMARY ***
Total pot $2 | Rake $0
Seat 4: inot1 (button) (small blind) folded before Flop
Seat 6: BelSv (big blind) collected ($2)


PokerStars Hand #148239732258:  Hold'em Limit ($3/$6 USD) - 2016/02/04 15:33:09 ET
Table 'Wurm' 6-max Seat #6 is the button
Seat 4: inot1 ($51.85 in chips)
Seat 6: BelSv ($165.88 in chips)
BelSv: posts small blind $1
inot1: posts big blind $3
*** HOLE CARDS ***
BelSv: folds
Uncalled bet ($2) returned to inot1
inot1 collected $2 from pot
inot1: doesn't show hand
*** SUMMARY ***
Total pot $2 | Rake $0
Seat 4: inot1 (big blind) collected ($2)
Seat 6: BelSv (button) (small blind) folded before Flop


PokerStars Hand #148239752377:  Hold'em Limit ($3/$6 USD) - 2016/02/04 15:33:27 ET
Table 'Wurm' 6-max Seat #4 is the button
Seat 4: inot1 ($48.85 in chips)
Seat 6: BelSv ($168.88 in chips)
inot1: posts small blind $1
BelSv: posts big blind $3
*** HOLE CARDS ***
inot1: raises $3 to $6
BelSv: calls $3
*** FLOP *** [5c Qc 2s]
BelSv: checks
inot1: bets $3
BelSv: calls $3
*** TURN *** [5c Qc 2s] [4c]
BelSv: checks
inot1: checks
*** RIVER *** [5c Qc 2s 4c] [5s]
BelSv: bets $6
inot1: folds
Uncalled bet ($6) returned to BelSv
BelSv collected $17.64 from pot
BelSv: doesn't show hand
*** SUMMARY ***
Total pot $18 | Rake $0.36
Board [5c Qc 2s 4c 5s]
Seat 4: inot1 (button) (small blind) folded on the River
Seat 6: BelSv (big blind) collected ($17.64)


PokerStars Hand #148239784053:  Hold'em Limit ($3/$6 USD) - 2016/02/04 15:33:56 ET
Table 'Wurm' 6-max Seat #4 is the button
Seat 4: inot1 ($40.85 in chips)
Seat 6: BelSv ($176.52 in chips)
inot1: posts small blind $1
BelSv: posts big blind $3
*** HOLE CARDS ***
inot1: raises $3 to $6
BelSv: folds
Uncalled bet ($3) returned to inot1
inot1 collected $6 from pot
inot1: doesn't show hand
*** SUMMARY ***
Total pot $6 | Rake $0
Seat 4: inot1 (button) (small blind) collected ($6)
Seat 6: BelSv (big blind) folded before Flop


PokerStars Hand #148239778903:  Hold'em Limit ($3/$6 USD) - 2016/02/04 15:33:51 ET
Table 'Wurm' 6-max Seat #6 is the button
Seat 4: inot1 ($39.85 in chips)
Seat 6: BelSv ($177.52 in chips)
BelSv: posts small blind $1
inot1: posts big blind $3
*** HOLE CARDS ***
BelSv: folds
Uncalled bet ($2) returned to inot1
inot1 collected $2 from pot
inot1: doesn't show hand
*** SUMMARY ***
Total pot $2 | Rake $0
Seat 4: inot1 (big blind) collected ($2)
Seat 6: BelSv (button) (small blind) folded before Flop


PokerStars Hand #148239791737:  Hold'em Limit ($3/$6 USD) - 2016/02/04 15:34:03 ET
Table 'Wurm' 6-max Seat #6 is the button
Seat 4: inot1 ($43.85 in chips)
Seat 6: BelSv ($173.52 in chips)
BelSv: posts small blind $1
inot1: posts big blind $3
*** HOLE CARDS ***
BelSv: raises $3 to $6
inot1: raises $3 to $9
BelSv: calls $3
*** FLOP *** [5c 3s Ac]
inot1: bets $3
BelSv: calls $3
*** TURN *** [5c 3s Ac] [Qs]
inot1: bets $6
BelSv: calls $6
*** RIVER *** [5c 3s Ac Qs] [7c]
inot1: bets $6
BelSv: calls $6
*** SHOW DOWN ***
inot1: shows [9d Jd] (high card Ace)
BelSv: shows [Qd Kc] (a pair of Queens)
BelSv collected $47.50 from pot
*** SUMMARY ***
Total pot $48 | Rake $0.50
Board [5c 3s Ac Qs 7c]
Seat 4: inot1 (big blind) showed [9d Jd] and lost with high card Ace
Seat 6: BelSv (button) (small blind) showed [Qd Kc] and won ($47.50) with a pair of Queens


PokerStars Hand #148239746083:  Hold'em Limit ($3/$6 USD) - 2016/02/04 15:33:21 ET
Table 'Wurm' 6-max Seat #6 is the button
Seat 4: inot1 ($51.85 in chips)
Seat 6: BelSv ($165.88 in chips)
BelSv: posts small blind $1
inot1: posts big blind $3
*** HOLE CARDS ***
BelSv: raises $3 to $6
inot1: folds
Uncalled bet ($3) returned to BelSv
BelSv collected $6 from pot
BelSv: doesn't show hand
*** SUMMARY ***
Total pot $6 | Rake $0
Seat 4: inot1 (big blind) folded before Flop
Seat 6: BelSv (button) (small blind) collected ($6)


PokerStars Hand #148239829613:  Hold'em Limit ($3/$6 USD) - 2016/02/04 15:34:38 ET
Table 'Wurm' 6-max Seat #4 is the button
Seat 4: inot1 ($31.49 in chips)
Seat 6: BelSv ($185.02 in chips)
inot1: posts small blind $1
BelSv: posts big blind $3
*** HOLE CARDS ***
inot1: raises $3 to $6
BelSv: folds
Uncalled bet ($3) returned to inot1
inot1 collected $6 from pot
inot1: doesn't show hand
*** SUMMARY ***
Total pot $6 | Rake $0
Seat 4: inot1 (button) (small blind) collected ($6)
Seat 6: BelSv (big blind) folded before Flop


PokerStars Hand #148239818291:  Hold'em Limit ($3/$6 USD) - 2016/02/04 15:34:27 ET
Table 'Wurm' 6-max Seat #6 is the button
Seat 4: inot1 ($22.85 in chips)
Seat 6: BelSv ($194.02 in chips)
BelSv: posts small blind $1
inot1: posts big blind $3
*** HOLE CARDS ***
BelSv: raises $3 to $6
inot1: raises $3 to $9
BelSv: calls $3
*** FLOP *** [3c 4d Jc]
inot1: bets $3
BelSv: folds
Uncalled bet ($3) returned to inot1
inot1 collected $17.64 from pot
inot1: doesn't show hand
*** SUMMARY ***
Total pot $18 | Rake $0.36
Board [3c 4d Jc]
Seat 4: inot1 (big blind) collected ($17.64)
Seat 6: BelSv (button) (small blind) folded on the Flop


PokerStars Hand #148239841491:  Hold'em Limit ($3/$6 USD) - 2016/02/04 15:34:49 ET
Table 'Wurm' 6-max Seat #4 is the button
Seat 4: inot1 ($35.49 in chips)
Seat 6: BelSv ($181.02 in chips)
inot1: posts small blind $1
BelSv: posts big blind $3
*** HOLE CARDS ***
inot1: folds
Uncalled bet ($2) returned to BelSv
BelSv collected $2 from pot
BelSv: doesn't show hand
*** SUMMARY ***
Total pot $2 | Rake $0
Seat 4: inot1 (button) (small blind) folded before Flop
Seat 6: BelSv (big blind) collected ($2)


PokerStars Hand #148239836415:  Hold'em Limit ($3/$6 USD) - 2016/02/04 15:34:44 ET
Table 'Wurm' 6-max Seat #6 is the button
Seat 4: inot1 ($34.49 in chips)
Seat 6: BelSv ($182.02 in chips)
BelSv: posts small blind $1
inot1: posts big blind $3
*** HOLE CARDS ***
BelSv: folds
Uncalled bet ($2) returned to inot1
inot1 collected $2 from pot
inot1: doesn't show hand
*** SUMMARY ***
Total pot $2 | Rake $0
Seat 4: inot1 (big blind) collected ($2)
Seat 6: BelSv (button) (small blind) folded before Flop


PokerStars Hand #148239846646:  Hold'em Limit ($3/$6 USD) - 2016/02/04 15:34:53 ET
Table 'Wurm' 6-max Seat #6 is the button
Seat 4: inot1 ($34.49 in chips)
Seat 6: BelSv ($182.02 in chips)
BelSv: posts small blind $1
inot1: posts big blind $3
*** HOLE CARDS ***
BelSv: folds
Uncalled bet ($2) returned to inot1
inot1 collected $2 from pot
inot1: doesn't show hand
*** SUMMARY ***
Total pot $2 | Rake $0
Seat 4: inot1 (big blind) collected ($2)
Seat 6: BelSv (button) (small blind) folded before Flop


PokerStars Hand #148239853282:  Hold'em Limit ($3/$6 USD) - 2016/02/04 15:34:59 ET
Table 'Wurm' 6-max Seat #4 is the button
Seat 4: inot1 ($35.49 in chips)
Seat 6: BelSv ($181.02 in chips)
inot1: posts small blind $1
BelSv: posts big blind $3
*** HOLE CARDS ***
inot1: raises $3 to $6
BelSv: folds
Uncalled bet ($3) returned to inot1
inot1 collected $6 from pot
inot1: doesn't show hand
*** SUMMARY ***
Total pot $6 | Rake $0
Seat 4: inot1 (button) (small blind) collected ($6)
Seat 6: BelSv (big blind) folded before Flop


PokerStars Hand #148239862655:  Hold'em Limit ($3/$6 USD) - 2016/02/04 15:35:08 ET
Table 'Wurm' 6-max Seat #6 is the button
Seat 4: inot1 ($38.49 in chips)
Seat 6: BelSv ($178.02 in chips)
BelSv: posts small blind $1
inot1: posts big blind $3
*** HOLE CARDS ***
BelSv: raises $3 to $6
inot1: calls $3
*** FLOP *** [3h Kh Js]
inot1: checks
BelSv: checks
*** TURN *** [3h Kh Js] [6s]
inot1: bets $6
BelSv: folds
Uncalled bet ($6) returned to inot1
inot1 collected $11.76 from pot
inot1: doesn't show hand
*** SUMMARY ***
Total pot $12 | Rake $0.24
Board [3h Kh Js 6s]
Seat 4: inot1 (big blind) collected ($11.76)
Seat 6: BelSv (button) (small blind) folded on the Turn


PokerStars Hand #148239810726:  Hold'em Limit ($3/$6 USD) - 2016/02/04 15:34:20 ET
Table 'Wurm' 6-max Seat #4 is the button
Seat 4: inot1 ($19.85 in chips)
Seat 6: BelSv ($197.02 in chips)
inot1: posts small blind $1
BelSv: posts big blind $3
*** HOLE CARDS ***
inot1: raises $3 to $6
BelSv: folds
Uncalled bet ($3) returned to inot1
inot1 collected $6 from pot
inot1: doesn't show hand
*** SUMMARY ***
Total pot $6 | Rake $0
Seat 4: inot1 (button) (small blind) collected ($6)
Seat 6: BelSv (big blind) folded before Flop


PokerStars Hand #148239885265:  Hold'em Limit ($3/$6 USD) - 2016/02/04 15:35:29 ET
Table 'Wurm' 6-max Seat #6 is the button
Seat 4: inot1 ($43.25 in chips)
Seat 6: BelSv ($173.02 in chips)
BelSv: posts small blind $1
inot1: posts big blind $3
*** HOLE CARDS ***
BelSv: raises $3 to $6
inot1: calls $3
*** FLOP *** [Td 7c 6c]
inot1: checks
BelSv: checks
*** TURN *** [Td 7c 6c] [Jh]
inot1: bets $6
BelSv: raises $6 to $12
inot1: calls $6
*** RIVER *** [Td 7c 6c Jh] [Qd]
inot1: checks
BelSv: bets $6
inot1: calls $6
*** SHOW DOWN ***
BelSv: shows [As Js] (a pair of Jacks)
inot1: shows [Qh 9s] (a pair of Queens)
inot1 collected $47.50 from pot
*** SUMMARY ***
Total pot $48 | Rake $0.50
Board [Td 7c 6c Jh Qd]
Seat 4: inot1 (big blind) showed [Qh 9s] and won ($47.50) with a pair of Queens
Seat 6: BelSv (button) (small blind) showed [As Js] and lost with a pair of Jacks


PokerStars Hand #148239913655:  Hold'em Limit ($3/$6 USD) - 2016/02/04 15:35:55 ET
Table 'Wurm' 6-max Seat #4 is the button
Seat 4: inot1 ($66.75 in chips)
Seat 6: BelSv ($149.02 in chips)
inot1: posts small blind $1
BelSv: posts big blind $3
*** HOLE CARDS ***
inot1: raises $3 to $6
BelSv: folds
Uncalled bet ($3) returned to inot1
inot1 collected $6 from pot
inot1: doesn't show hand
*** SUMMARY ***
Total pot $6 | Rake $0
Seat 4: inot1 (button) (small blind) collected ($6)
Seat 6: BelSv (big blind) folded before Flop


PokerStars Hand #148239919766:  Hold'em Limit ($3/$6 USD) - 2016/02/04 15:36:01 ET
Table 'Wurm' 6-max Seat #6 is the button
Seat 4: inot1 ($69.75 in chips)
Seat 6: BelSv ($146.02 in chips)
BelSv: posts small blind $1
inot1: posts big blind $3
*** HOLE CARDS ***
BelSv: folds
Uncalled bet ($2) returned to inot1
inot1 collected $2 from pot
inot1: doesn't show hand
*** SUMMARY ***
Total pot $2 | Rake $0
Seat 4: inot1 (big blind) collected ($2)
Seat 6: BelSv (button) (small blind) folded before Flop


PokerStars Hand #148239925235:  Hold'em Limit ($3/$6 USD) - 2016/02/04 15:36:06 ET
Table 'Wurm' 6-max Seat #4 is the button
Seat 4: inot1 ($70.75 in chips)
Seat 6: BelSv ($145.02 in chips)
inot1: posts small blind $1
BelSv: posts big blind $3
*** HOLE CARDS ***
inot1: raises $3 to $6
BelSv: calls $3
*** FLOP *** [9d 7d 2h]
BelSv: checks
inot1: bets $3
BelSv: raises $3 to $6
inot1: calls $3
*** TURN *** [9d 7d 2h] [2s]
BelSv: bets $6
inot1: calls $6
*** RIVER *** [9d 7d 2h 2s] [6s]
BelSv: bets $6
inot1: calls $6
*** SHOW DOWN ***
BelSv: shows [9c 7s] (two pair, Nines and Sevens)
inot1: mucks hand
BelSv collected $47.50 from pot
*** SUMMARY ***
Total pot $48 | Rake $0.50
Board [9d 7d 2h 2s 6s]
Seat 4: inot1 (button) (small blind) mucked
Seat 6: BelSv (big blind) showed [9c 7s] and won ($47.50) with two pair, Nines and Sevens


PokerStars Hand #148239879820:  Hold'em Limit ($3/$6 USD) - 2016/02/04 15:35:24 ET
Table 'Wurm' 6-max Seat #4 is the button
Seat 4: inot1 ($44.25 in chips)
Seat 6: BelSv ($172.02 in chips)
inot1: posts small blind $1
BelSv: posts big blind $3
*** HOLE CARDS ***
inot1: folds
Uncalled bet ($2) returned to BelSv
BelSv collected $2 from pot
BelSv: doesn't show hand
*** SUMMARY ***
Total pot $2 | Rake $0
Seat 4: inot1 (button) (small blind) folded before Flop
Seat 6: BelSv (big blind) collected ($2)


PokerStars Hand #148239946861:  Hold'em Limit ($3/$6 USD) - 2016/02/04 15:36:25 ET
Table 'Wurm' 6-max Seat #6 is the button
Seat 4: inot1 ($46.75 in chips)
Seat 6: BelSv ($168.52 in chips)
BelSv: posts small blind $1
inot1: posts big blind $3
*** HOLE CARDS ***
BelSv: raises $3 to $6
inot1: calls $3
*** FLOP *** [5s Jc 7s]
inot1: checks
BelSv: checks
*** TURN *** [5s Jc 7s] [6d]
inot1: bets $6
BelSv: calls $6
*** RIVER *** [5s Jc 7s 6d] [5d]
inot1: bets $6
BelSv: raises $6 to $12
inot1: calls $6
*** SHOW DOWN ***
BelSv: shows [2h 5h] (three of a kind, Fives)
inot1: mucks hand
BelSv collected $47.50 from pot
*** SUMMARY ***
Total pot $48 | Rake $0.50
Board [5s Jc 7s 6d 5d]
Seat 4: inot1 (big blind) mucked
Seat 6: BelSv (button) (small blind) showed [2h 5h] and won ($47.50) with three of a kind, Fives


PokerStars Hand #148239970871:  Hold'em Limit ($3/$6 USD) - 2016/02/04 15:36:47 ET
Table 'Wurm' 6-max Seat #4 is the button
Seat 4: inot1 ($22.75 in chips)
Seat 6: BelSv ($192.02 in chips)
inot1: posts small blind $1
BelSv: posts big blind $3
*** HOLE CARDS ***
inot1: raises $3 to $6
BelSv: calls $3
*** FLOP *** [Js 4c Ad]
BelSv: checks
inot1: bets $3
BelSv: folds
Uncalled bet ($3) returned to inot1
inot1 collected $11.76 from pot
inot1: doesn't show hand
*** SUMMARY ***
Total pot $12 | Rake $0.24
Board [Js 4c Ad]
Seat 4: inot1 (button) (small blind) collected ($11.76)
Seat 6: BelSv (big blind) folded on the Flop


PokerStars Hand #148239984618:  Hold'em Limit ($3/$6 USD) - 2016/02/04 15:37:00 ET
Table 'Wurm' 6-max Seat #6 is the button
Seat 4: inot1 ($28.51 in chips)
Seat 6: BelSv ($186.02 in chips)
BelSv: posts small blind $1
inot1: posts big blind $3
*** HOLE CARDS ***
BelSv: raises $3 to $6
inot1: raises $3 to $9
BelSv: calls $3
*** FLOP *** [8h As 5s]
inot1: bets $3
BelSv: folds
Uncalled bet ($3) returned to inot1
inot1 collected $17.64 from pot
inot1: doesn't show hand
*** SUMMARY ***
Total pot $18 | Rake $0.36
Board [8h As 5s]
Seat 4: inot1 (big blind) collected ($17.64)
Seat 6: BelSv (button) (small blind) folded on the Flop


PokerStars Hand #148240001262:  Hold'em Limit ($3/$6 USD) - 2016/02/04 15:37:15 ET
Table 'Wurm' 6-max Seat #4 is the button
Seat 4: inot1 ($37.15 in chips)
Seat 6: BelSv ($177.02 in chips)
inot1: posts small blind $1
BelSv: posts big blind $3
*** HOLE CARDS ***
inot1: raises $3 to $6
BelSv: folds
Uncalled bet ($3) returned to inot1
inot1 collected $6 from pot
inot1: doesn't show hand
*** SUMMARY ***
Total pot $6 | Rake $0
Seat 4: inot1 (button) (small blind) collected ($6)
Seat 6: BelSv (big blind) folded before Flop


PokerStars Hand #148240029529:  Hold'em Limit ($3/$6 USD) - 2016/02/04 15:37:41 ET
Table 'Wurm' 6-max Seat #4 is the button
Seat 4: inot1 ($45.91 in chips)
Seat 6: BelSv ($168.02 in chips)
inot1: posts small blind $1
BelSv: posts big blind $3
*** HOLE CARDS ***
inot1: folds
Uncalled bet ($2) returned to BelSv
BelSv collected $2 from pot
BelSv: doesn't show hand
*** SUMMARY ***
Total pot $2 | Rake $0
Seat 4: inot1 (button) (small blind) folded before Flop
Seat 6: BelSv (big blind) collected ($2)


PokerStars Hand #148240010662:  Hold'em Limit ($3/$6 USD) - 2016/02/04 15:37:23 ET
Table 'Wurm' 6-max Seat #6 is the button
Seat 4: inot1 ($40.15 in chips)
Seat 6: BelSv ($174.02 in chips)
BelSv: posts small blind $1
inot1: posts big blind $3
*** HOLE CARDS ***
BelSv: raises $3 to $6
inot1: calls $3
*** FLOP *** [4s 6s 6c]
inot1: checks
BelSv: checks
*** TURN *** [4s 6s 6c] [5c]
inot1: bets $6
BelSv: folds
Uncalled bet ($6) returned to inot1
inot1 collected $11.76 from pot
inot1: doesn't show hand
*** SUMMARY ***
Total pot $12 | Rake $0.24
Board [4s 6s 6c 5c]
Seat 4: inot1 (big blind) collected ($11.76)
Seat 6: BelSv (button) (small blind) folded on the Turn


PokerStars Hand #148240034670:  Hold'em Limit ($3/$6 USD) - 2016/02/04 15:37:45 ET
Table 'Wurm' 6-max Seat #6 is the button
Seat 4: inot1 ($44.91 in chips)
Seat 6: BelSv ($169.02 in chips)
BelSv: posts small blind $1
inot1: posts big blind $3
*** HOLE CARDS ***
BelSv: folds
Uncalled bet ($2) returned to inot1
inot1 collected $2 from pot
inot1: doesn't show hand
*** SUMMARY ***
Total pot $2 | Rake $0
Seat 4: inot1 (big blind) collected ($2)
Seat 6: BelSv (button) (small blind) folded before Flop


PokerStars Hand #148240040116:  Hold'em Limit ($3/$6 USD) - 2016/02/04 15:37:50 ET
Table 'Wurm' 6-max Seat #4 is the button
Seat 4: inot1 ($45.91 in chips)
Seat 6: BelSv ($168.02 in chips)
inot1: posts small blind $1
BelSv: posts big blind $3
*** HOLE CARDS ***
inot1: raises $3 to $6
BelSv: raises $3 to $9
inot1: calls $3
*** FLOP *** [Tc 5d 3c]
BelSv: bets $3
inot1: calls $3
*** TURN *** [Tc 5d 3c] [2c]
BelSv: bets $6
inot1: folds
Uncalled bet ($6) returned to BelSv
BelSv collected $23.52 from pot
BelSv: doesn't show hand
*** SUMMARY ***
Total pot $24 | Rake $0.48
Board [Tc 5d 3c 2c]
Seat 4: inot1 (button) (small blind) folded on the Turn
Seat 6: BelSv (big blind) collected ($23.52)


PokerStars Hand #148240058955:  Hold'em Limit ($3/$6 USD) - 2016/02/04 15:38:07 ET
Table 'Wurm' 6-max Seat #6 is the button
Seat 4: inot1 ($33.91 in chips)
Seat 6: BelSv ($179.54 in chips)
BelSv: posts small blind $1
inot1: posts big blind $3
*** HOLE CARDS ***
BelSv: raises $3 to $6
inot1: calls $3
*** FLOP *** [Tc 6s 8d]
inot1: checks
BelSv: checks
*** TURN *** [Tc 6s 8d] [4c]
inot1: bets $6
BelSv: folds
Uncalled bet ($6) returned to inot1
inot1 collected $11.76 from pot
inot1: doesn't show hand
*** SUMMARY ***
Total pot $12 | Rake $0.24
Board [Tc 6s 8d 4c]
Seat 4: inot1 (big blind) collected ($11.76)
Seat 6: BelSv (button) (small blind) folded on the Turn


PokerStars Hand #148240072796:  Hold'em Limit ($3/$6 USD) - 2016/02/04 15:38:20 ET
Table 'Wurm' 6-max Seat #4 is the button
Seat 4: inot1 ($39.67 in chips)
Seat 6: BelSv ($173.54 in chips)
inot1: posts small blind $1
BelSv: posts big blind $3
*** HOLE CARDS ***
inot1: raises $3 to $6
BelSv: raises $3 to $9
inot1: calls $3
*** FLOP *** [As 6d 2d]
BelSv: bets $3
inot1: raises $3 to $6
BelSv: calls $3
*** TURN *** [As 6d 2d] [8d]
BelSv: checks
inot1: bets $6
BelSv: folds
Uncalled bet ($6) returned to inot1
inot1 collected $29.50 from pot
inot1: doesn't show hand
*** SUMMARY ***
Total pot $30 | Rake $0.50
Board [As 6d 2d 8d]
Seat 4: inot1 (button) (small blind) collected ($29.50)
Seat 6: BelSv (big blind) folded on the Turn


PokerStars Hand #148240093153:  Hold'em Limit ($3/$6 USD) - 2016/02/04 15:38:39 ET
Table 'Wurm' 6-max Seat #6 is the button
Seat 4: inot1 ($54.17 in chips)
Seat 6: BelSv ($158.54 in chips)
BelSv: posts small blind $1
inot1: posts big blind $3
*** HOLE CARDS ***
BelSv: raises $3 to $6
inot1: raises $3 to $9
BelSv: calls $3
*** FLOP *** [2c 9d 3c]
inot1: bets $3
BelSv: calls $3
*** TURN *** [2c 9d 3c] [Td]
inot1: checks
BelSv: checks
*** RIVER *** [2c 9d 3c Td] [Ac]
inot1: bets $6
BelSv: folds
Uncalled bet ($6) returned to inot1
inot1 collected $23.52 from pot
inot1: doesn't show hand
*** SUMMARY ***
Total pot $24 | Rake $0.48
Board [2c 9d 3c Td Ac]
Seat 4: inot1 (big blind) collected ($23.52)
Seat 6: BelSv (button) (small blind) folded on the River


PokerStars Hand #148240112143:  Hold'em Limit ($3/$6 USD) - 2016/02/04 15:38:56 ET
Table 'Wurm' 6-max Seat #4 is the button
Seat 4: inot1 ($65.69 in chips)
Seat 6: BelSv ($146.54 in chips)
inot1: posts small blind $1
BelSv: posts big blind $3
*** HOLE CARDS ***
inot1: raises $3 to $6
BelSv: folds
Uncalled bet ($3) returned to inot1
inot1 collected $6 from pot
inot1: doesn't show hand
*** SUMMARY ***
Total pot $6 | Rake $0
Seat 4: inot1 (button) (small blind) collected ($6)
Seat 6: BelSv (big blind) folded before Flop


PokerStars Hand #148240118188:  Hold'em Limit ($3/$6 USD) - 2016/02/04 15:39:02 ET
Table 'Wurm' 6-max Seat #6 is the button
Seat 4: inot1 ($68.69 in chips)
Seat 6: BelSv ($143.54 in chips)
BelSv: posts small blind $1
inot1: posts big blind $3
*** HOLE CARDS ***
BelSv: raises $3 to $6
inot1: calls $3
*** FLOP *** [4c Kc 2d]
inot1: bets $3
BelSv: folds
Uncalled bet ($3) returned to inot1
inot1 collected $11.76 from pot
inot1: doesn't show hand
*** SUMMARY ***
Total pot $12 | Rake $0.24
Board [4c Kc 2d]
Seat 4: inot1 (big blind) collected ($11.76)
Seat 6: BelSv (button) (small blind) folded on the Flop


PokerStars Hand #148240129076:  Hold'em Limit ($3/$6 USD) - 2016/02/04 15:39:12 ET
Table 'Wurm' 6-max Seat #4 is the button
Seat 4: inot1 ($74.45 in chips)
Seat 6: BelSv ($137.54 in chips)
inot1: posts small blind $1
BelSv: posts big blind $3
*** HOLE CARDS ***
inot1: raises $3 to $6
BelSv: calls $3
*** FLOP *** [Tc Js 5d]
BelSv: checks
inot1: checks
*** TURN *** [Tc Js 5d] [9h]
BelSv: bets $6
inot1: calls $6
*** RIVER *** [Tc Js 5d 9h] [7c]
BelSv: bets $6
inot1: calls $6
*** SHOW DOWN ***
BelSv: shows [8c 7h] (a straight, Seven to Jack)
inot1: mucks hand
BelSv collected $35.50 from pot
*** SUMMARY ***
Total pot $36 | Rake $0.50
Board [Tc Js 5d 9h 7c]
Seat 4: inot1 (button) (small blind) mucked
Seat 6: BelSv (big blind) showed [8c 7h] and won ($35.50) with a straight, Seven to Jack


PokerStars Hand #148240148977:  Hold'em Limit ($3/$6 USD) - 2016/02/04 15:39:30 ET
Table 'Wurm' 6-max Seat #6 is the button
Seat 4: inot1 ($56.45 in chips)
Seat 6: BelSv ($155.04 in chips)
BelSv: posts small blind $1
inot1: posts big blind $3
*** HOLE CARDS ***
BelSv: raises $3 to $6
inot1: raises $3 to $9
BelSv: calls $3
*** FLOP *** [Kd 5d 8s]
inot1: bets $3
BelSv: calls $3
*** TURN *** [Kd 5d 8s] [Jh]
inot1: bets $6
BelSv: calls $6
*** RIVER *** [Kd 5d 8s Jh] [3d]
inot1: bets $6
BelSv: calls $6
*** SHOW DOWN ***
inot1: shows [Kc Qd] (a pair of Kings)
BelSv: mucks hand
inot1 collected $47.50 from pot
*** SUMMARY ***
Total pot $48 | Rake $0.50
Board [Kd 5d 8s Jh 3d]
Seat 4: inot1 (big blind) showed [Kc Qd] and won ($47.50) with a pair of Kings
Seat 6: BelSv (button) (small blind) mucked


PokerStars Hand #148240168504:  Hold'em Limit ($3/$6 USD) - 2016/02/04 15:39:48 ET
Table 'Wurm' 6-max Seat #4 is the button
Seat 4: inot1 ($79.95 in chips)
Seat 6: BelSv ($131.04 in chips)
inot1: posts small blind $1
BelSv: posts big blind $3
*** HOLE CARDS ***
inot1: raises $3 to $6
BelSv: calls $3
*** FLOP *** [7c Ad 8c]
BelSv: checks
inot1: bets $3
BelSv: folds
Uncalled bet ($3) returned to inot1
inot1 collected $11.76 from pot
inot1: doesn't show hand
*** SUMMARY ***
Total pot $12 | Rake $0.24
Board [7c Ad 8c]
Seat 4: inot1 (button) (small blind) collected ($11.76)
Seat 6: BelSv (big blind) folded on the Flop


PokerStars Hand #148240181838:  Hold'em Limit ($3/$6 USD) - 2016/02/04 15:40:00 ET
Table 'Wurm' 6-max Seat #6 is the button
Seat 4: inot1 ($85.71 in chips)
Seat 6: BelSv ($125.04 in chips)
BelSv: posts small blind $1
inot1: posts big blind $3
*** HOLE CARDS ***
BelSv: raises $3 to $6
inot1: calls $3
*** FLOP *** [9s 3s Jh]
inot1: checks
BelSv: bets $3
inot1: raises $3 to $6
BelSv: calls $3
*** TURN *** [9s 3s Jh] [Js]
inot1: bets $6
BelSv: folds
Uncalled bet ($6) returned to inot1
inot1 collected $23.52 from pot
inot1: doesn't show hand
*** SUMMARY ***
Total pot $24 | Rake $0.48
Board [9s 3s Jh Js]
Seat 4: inot1 (big blind) collected ($23.52)
Seat 6: BelSv (button) (small blind) folded on the Turn


PokerStars Hand #148240201269:  Hold'em Limit ($3/$6 USD) - 2016/02/04 15:40:18 ET
Table 'Wurm' 6-max Seat #4 is the button
Seat 4: inot1 ($97.23 in chips)
Seat 6: BelSv ($113.04 in chips)
inot1: posts small blind $1
BelSv: posts big blind $3
*** HOLE CARDS ***
inot1: raises $3 to $6
BelSv: raises $3 to $9
inot1: calls $3
*** FLOP *** [5h Tc Jc]
BelSv: bets $3
inot1: calls $3
*** TURN *** [5h Tc Jc] [Kh]
BelSv: bets $6
inot1: calls $6
*** RIVER *** [5h Tc Jc Kh] [7d]
BelSv: bets $6
inot1: calls $6
*** SHOW DOWN ***
BelSv: shows [Ts Jh] (two pair, Jacks and Tens)
inot1: mucks hand
BelSv collected $47.50 from pot
*** SUMMARY ***
Total pot $48 | Rake $0.50
Board [5h Tc Jc Kh 7d]
Seat 4: inot1 (button) (small blind) mucked
Seat 6: BelSv (big blind) showed [Ts Jh] and won ($47.50) with two pair, Jacks and Tens


PokerStars Hand #148240221109:  Hold'em Limit ($3/$6 USD) - 2016/02/04 15:40:36 ET
Table 'Wurm' 6-max Seat #6 is the button
Seat 4: inot1 ($73.23 in chips)
Seat 6: BelSv ($136.54 in chips)
BelSv: posts small blind $1
inot1: posts big blind $3
*** HOLE CARDS ***
BelSv: raises $3 to $6
inot1: folds
Uncalled bet ($3) returned to BelSv
BelSv collected $6 from pot
BelSv: doesn't show hand
*** SUMMARY ***
Total pot $6 | Rake $0
Seat 4: inot1 (big blind) folded before Flop
Seat 6: BelSv (button) (small blind) collected ($6)


PokerStars Hand #148240227681:  Hold'em Limit ($3/$6 USD) - 2016/02/04 15:40:42 ET
Table 'Wurm' 6-max Seat #4 is the button
Seat 4: inot1 ($70.23 in chips)
Seat 6: BelSv ($139.54 in chips)
inot1: posts small blind $1
BelSv: posts big blind $3
*** HOLE CARDS ***
inot1: raises $3 to $6
BelSv: folds
Uncalled bet ($3) returned to inot1
inot1 collected $6 from pot
inot1: doesn't show hand
*** SUMMARY ***
Total pot $6 | Rake $0
Seat 4: inot1 (button) (small blind) collected ($6)
Seat 6: BelSv (big blind) folded before Flop


PokerStars Hand #148240235066:  Hold'em Limit ($3/$6 USD) - 2016/02/04 15:40:49 ET
Table 'Wurm' 6-max Seat #6 is the button
Seat 4: inot1 ($73.23 in chips)
Seat 6: BelSv ($136.54 in chips)
BelSv: posts small blind $1
inot1: posts big blind $3
*** HOLE CARDS ***
BelSv: raises $3 to $6
inot1: raises $3 to $9
BelSv: calls $3
*** FLOP *** [Jd 3s 6h]
inot1: bets $3
BelSv: calls $3
*** TURN *** [Jd 3s 6h] [4h]
inot1: bets $6
BelSv: folds
Uncalled bet ($6) returned to inot1
inot1 collected $23.52 from pot
inot1: doesn't show hand
*** SUMMARY ***
Total pot $24 | Rake $0.48
Board [Jd 3s 6h 4h]
Seat 4: inot1 (big blind) collected ($23.52)
Seat 6: BelSv (button) (small blind) folded on the Turn


PokerStars Hand #148240253092:  Hold'em Limit ($3/$6 USD) - 2016/02/04 15:41:05 ET
Table 'Wurm' 6-max Seat #4 is the button
Seat 4: inot1 ($84.75 in chips)
Seat 6: BelSv ($124.54 in chips)
inot1: posts small blind $1
BelSv: posts big blind $3
*** HOLE CARDS ***
inot1: raises $3 to $6
BelSv: calls $3
*** FLOP *** [3s 7c Jc]
BelSv: checks
inot1: bets $3
BelSv: calls $3
*** TURN *** [3s 7c Jc] [Ts]
BelSv: checks
inot1: bets $6
BelSv: calls $6
*** RIVER *** [3s 7c Jc Ts] [Ks]
BelSv: checks
inot1: bets $6
BelSv: calls $6
*** SHOW DOWN ***
inot1: shows [Kh 3h] (two pair, Kings and Threes)
BelSv: mucks hand
inot1 collected $41.50 from pot
*** SUMMARY ***
Total pot $42 | Rake $0.50
Board [3s 7c Jc Ts Ks]
Seat 4: inot1 (button) (small blind) showed [Kh 3h] and won ($41.50) with two pair, Kings and Threes
Seat 6: BelSv (big blind) mucked


PokerStars Hand #148240275033:  Hold'em Limit ($3/$6 USD) - 2016/02/04 15:41:25 ET
Table 'Wurm' 6-max Seat #6 is the button
Seat 4: inot1 ($105.25 in chips)
Seat 6: BelSv ($103.54 in chips)
BelSv: posts small blind $1
inot1: posts big blind $3
*** HOLE CARDS ***
BelSv: raises $3 to $6
inot1: calls $3
*** FLOP *** [4d Th Kd]
inot1: checks
BelSv: bets $3
inot1: folds
Uncalled bet ($3) returned to BelSv
BelSv collected $11.76 from pot
BelSv: doesn't show hand
*** SUMMARY ***
Total pot $12 | Rake $0.24
Board [4d Th Kd]
Seat 4: inot1 (big blind) folded on the Flop
Seat 6: BelSv (button) (small blind) collected ($11.76)


PokerStars Hand #148240287352:  Hold'em Limit ($3/$6 USD) - 2016/02/04 15:41:36 ET
Table 'Wurm' 6-max Seat #4 is the button
Seat 4: inot1 ($99.25 in chips)
Seat 6: BelSv ($109.30 in chips)
inot1: posts small blind $1
BelSv: posts big blind $3
*** HOLE CARDS ***
inot1: raises $3 to $6
BelSv: raises $3 to $9
inot1: calls $3
*** FLOP *** [4d Jh 7s]
BelSv: bets $3
inot1: raises $3 to $6
BelSv: calls $3
*** TURN *** [4d Jh 7s] [Kd]
BelSv: checks
inot1: bets $6
BelSv: calls $6
*** RIVER *** [4d Jh 7s Kd] [8s]
BelSv: checks
inot1: bets $6
BelSv: calls $6
*** SHOW DOWN ***
inot1: shows [Ac 8d] (a pair of Eights)
BelSv: shows [9c 9h] (a pair of Nines)
BelSv collected $53.50 from pot
*** SUMMARY ***
Total pot $54 | Rake $0.50
Board [4d Jh 7s Kd 8s]
Seat 4: inot1 (button) (small blind) showed [Ac 8d] and lost with a pair of Eights
Seat 6: BelSv (big blind) showed [9c 9h] and won ($53.50) with a pair of Nines


PokerStars Hand #148240318944:  Hold'em Limit ($3/$6 USD) - 2016/02/04 15:42:04 ET
Table 'Wurm' 6-max Seat #6 is the button
Seat 4: inot1 ($72.25 in chips)
Seat 6: BelSv ($135.80 in chips)
BelSv: posts small blind $1
inot1: posts big blind $3
*** HOLE CARDS ***
BelSv: raises $3 to $6
inot1: folds
Uncalled bet ($3) returned to BelSv
BelSv collected $6 from pot
BelSv: doesn't show hand
*** SUMMARY ***
Total pot $6 | Rake $0
Seat 4: inot1 (big blind) folded before Flop
Seat 6: BelSv (button) (small blind) collected ($6)


PokerStars Hand #148240324732:  Hold'em Limit ($3/$6 USD) - 2016/02/04 15:42:09 ET
Table 'Wurm' 6-max Seat #4 is the button
Seat 4: inot1 ($69.25 in chips)
Seat 6: BelSv ($138.80 in chips)
inot1: posts small blind $1
BelSv: posts big blind $3
*** HOLE CARDS ***
inot1: raises $3 to $6
BelSv: raises $3 to $9
inot1: raises $3 to $12
Betting is capped
BelSv: calls $3
*** FLOP *** [3d 2s Td]
BelSv: checks
inot1: bets $3
BelSv: calls $3
*** TURN *** [3d 2s Td] [8d]
BelSv: checks
inot1: bets $6
BelSv: calls $6
*** RIVER *** [3d 2s Td 8d] [4s]
BelSv: checks
inot1: bets $6
BelSv: calls $6
*** SHOW DOWN ***
inot1: shows [Th Ac] (a pair of Tens)
BelSv: mucks hand
inot1 collected $53.50 from pot
*** SUMMARY ***
Total pot $54 | Rake $0.50
Board [3d 2s Td 8d 4s]
Seat 4: inot1 (button) (small blind) showed [Th Ac] and won ($53.50) with a pair of Tens
Seat 6: BelSv (big blind) mucked


PokerStars Hand #148240348406:  Hold'em Limit ($3/$6 USD) - 2016/02/04 15:42:30 ET
Table 'Wurm' 6-max Seat #6 is the button
Seat 4: inot1 ($95.75 in chips)
Seat 6: BelSv ($111.80 in chips)
BelSv: posts small blind $1
inot1: posts big blind $3
*** HOLE CARDS ***
BelSv: raises $3 to $6
inot1: calls $3
*** FLOP *** [5c 6c Kd]
inot1: checks
BelSv: checks
*** TURN *** [5c 6c Kd] [Tc]
inot1: bets $6
BelSv: calls $6
*** RIVER *** [5c 6c Kd Tc] [9c]
inot1: bets $6
BelSv: calls $6
*** SHOW DOWN ***
inot1: shows [6s Ah] (a pair of Sixes)
BelSv: shows [Jc 5d] (a flush, Jack high)
BelSv collected $35.50 from pot
*** SUMMARY ***
Total pot $36 | Rake $0.50
Board [5c 6c Kd Tc 9c]
Seat 4: inot1 (big blind) showed [6s Ah] and lost with a pair of Sixes
Seat 6: BelSv (button) (small blind) showed [Jc 5d] and won ($35.50) with a flush, Jack high


PokerStars Hand #148240367602:  Hold'em Limit ($3/$6 USD) - 2016/02/04 15:42:48 ET
Table 'Wurm' 6-max Seat #4 is the button
Seat 4: inot1 ($77.75 in chips)
Seat 6: BelSv ($129.30 in chips)
inot1: posts small blind $1
BelSv: posts big blind $3
*** HOLE CARDS ***
inot1: folds
Uncalled bet ($2) returned to BelSv
BelSv collected $2 from pot
BelSv: doesn't show hand
*** SUMMARY ***
Total pot $2 | Rake $0
Seat 4: inot1 (button) (small blind) folded before Flop
Seat 6: BelSv (big blind) collected ($2)


PokerStars Hand #148240389514:  Hold'em Limit ($3/$6 USD) - 2016/02/04 15:43:07 ET
Table 'Wurm' 6-max Seat #4 is the button
Seat 4: inot1 ($85.39 in chips)
Seat 6: BelSv ($121.30 in chips)
inot1: posts small blind $1
BelSv: posts big blind $3
*** HOLE CARDS ***
inot1: raises $3 to $6
BelSv: folds
Uncalled bet ($3) returned to inot1
olavike joins the table at seat #1
inot1 collected $6 from pot
inot1: doesn't show hand
*** SUMMARY ***
Total pot $6 | Rake $0
Seat 4: inot1 (button) (small blind) collected ($6)
Seat 6: BelSv (big blind) folded before Flop


PokerStars Hand #148247644687:  Hold'em Limit ($3/$6 USD) - 2016/02/04 17:37:16 ET
Table 'Wurm' 6-max Seat #3 is the button
Seat 3: BelSv ($138.56 in chips)
Seat 4: carmello774 ($86.92 in chips)
BelSv: posts small blind $1
carmello774: posts big blind $3
*** HOLE CARDS ***
BelSv: folds
Uncalled bet ($2) returned to carmello774
carmello774 collected $2 from pot
carmello774: doesn't show hand
*** SUMMARY ***
Total pot $2 | Rake $0
Seat 3: BelSv (button) (small blind) folded before Flop
Seat 4: carmello774 (big blind) collected ($2)


PokerStars Hand #148247635517:  Hold'em Limit ($3/$6 USD) - 2016/02/04 17:37:07 ET
Table 'Wurm' 6-max Seat #4 is the button
Seat 3: BelSv ($137.56 in chips)
Seat 4: carmello774 ($87.92 in chips)
carmello774: posts small blind $1
olavike: is sitting out
BelSv: posts big blind $3
*** HOLE CARDS ***
olavike leaves the table
carmello774: folds
Uncalled bet ($2) returned to BelSv
BelSv collected $2 from pot
BelSv: doesn't show hand
*** SUMMARY ***
Total pot $2 | Rake $0
Seat 3: BelSv (big blind) collected ($2)
Seat 4: carmello774 (button) (small blind) folded before Flop


PokerStars Hand #148247649640:  Hold'em Limit ($3/$6 USD) - 2016/02/04 17:37:22 ET
Table 'Wurm' 6-max Seat #4 is the button
Seat 3: BelSv ($137.56 in chips)
Seat 4: carmello774 ($87.92 in chips)
carmello774: posts small blind $1
BelSv: posts big blind $3
*** HOLE CARDS ***
carmello774: raises $3 to $6
BelSv: calls $3
*** FLOP *** [Kd 8c 4d]
BelSv: checks
carmello774: bets $3
BelSv: calls $3
*** TURN *** [Kd 8c 4d] [Qc]
BelSv: checks
carmello774: bets $6
BelSv: folds
Uncalled bet ($6) returned to carmello774
carmello774 collected $17.64 from pot
carmello774: doesn't show hand
*** SUMMARY ***
Total pot $18 | Rake $0.36
Board [Kd 8c 4d Qc]
Seat 3: BelSv (big blind) folded on the Turn
Seat 4: carmello774 (button) (small blind) collected ($17.64)


PokerStars Hand #148247692316:  Hold'em Limit ($3/$6 USD) - 2016/02/04 17:38:05 ET
Table 'Wurm' 6-max Seat #4 is the button
Seat 3: BelSv ($146.06 in chips)
Seat 4: carmello774 ($78.56 in chips)
carmello774: posts small blind $1
BelSv: posts big blind $3
*** HOLE CARDS ***
carmello774: raises $3 to $6
BelSv: raises $3 to $9
carmello774: calls $3
*** FLOP *** [8c 8s Jd]
BelSv: checks
carmello774: checks
*** TURN *** [8c 8s Jd] [2s]
BelSv: checks
carmello774: bets $6
hooverr joins the table at seat #6
BelSv: calls $6
*** RIVER *** [8c 8s Jd 2s] [5d]
BelSv: checks
carmello774: bets $6
BelSv: calls $6
*** SHOW DOWN ***
carmello774: shows [7h 2d] (two pair, Eights and Deuces)
BelSv: mucks hand
carmello774 collected $41.50 from pot
*** SUMMARY ***
Total pot $42 | Rake $0.50
Board [8c 8s Jd 2s 5d]
Seat 3: BelSv (big blind) mucked
Seat 4: carmello774 (button) (small blind) showed [7h 2d] and won ($41.50) with two pair, Eights and Deuces


PokerStars Hand #148247711039:  Hold'em Limit ($3/$6 USD) - 2016/02/04 17:38:24 ET
Table 'Wurm' 6-max Seat #3 is the button
Seat 3: BelSv ($125.06 in chips)
Seat 4: carmello774 ($99.06 in chips)
BelSv: posts small blind $1
carmello774: posts big blind $3
*** HOLE CARDS ***
BelSv: raises $3 to $6
carmello774: calls $3
*** FLOP *** [9d Qh 8h]
carmello774: checks
BelSv: checks
*** TURN *** [9d Qh 8h] [6h]
carmello774: checks
BelSv: checks
*** RIVER *** [9d Qh 8h 6h] [Th]
carmello774: checks
BelSv: bets $6
carmello774: calls $6
*** SHOW DOWN ***
BelSv: shows [Ah 4d] (a flush, Ace high)
carmello774: mucks hand
BelSv collected $23.52 from pot
*** SUMMARY ***
Total pot $24 | Rake $0.48
Board [9d Qh 8h 6h Th]
Seat 3: BelSv (button) (small blind) showed [Ah 4d] and won ($23.52) with a flush, Ace high
Seat 4: carmello774 (big blind) mucked


PokerStars Hand #148247678787:  Hold'em Limit ($3/$6 USD) - 2016/02/04 17:37:51 ET
Table 'Wurm' 6-max Seat #3 is the button
Seat 3: BelSv ($128.56 in chips)
Seat 4: carmello774 ($96.56 in chips)
BelSv: posts small blind $1
carmello774: posts big blind $3
*** HOLE CARDS ***
BelSv: raises $3 to $6
carmello774: raises $3 to $9
BelSv: calls $3
*** FLOP *** [Jc 3c Qs]
carmello774: bets $3
BelSv: calls $3
*** TURN *** [Jc 3c Qs] [8h]
carmello774: bets $6
BelSv: calls $6
*** RIVER *** [Jc 3c Qs 8h] [6h]
carmello774: checks
BelSv: checks
*** SHOW DOWN ***
carmello774: shows [Ks 7s] (high card King)
BelSv: shows [Ah 7c] (high card Ace)
BelSv collected $35.50 from pot
*** SUMMARY ***
Total pot $36 | Rake $0.50
Board [Jc 3c Qs 8h 6h]
Seat 3: BelSv (button) (small blind) showed [Ah 7c] and won ($35.50) with high card Ace
Seat 4: carmello774 (big blind) showed [Ks 7s] and lost with high card King


