PokerStars Hand #168450969735:  Hold'em Limit ($3/$6 USD) - 2017/04/02 0:09:18 ET
Table 'Wurm' 10-max Seat #1 is the button
Seat 1: LifeisagameX ($84 in chips)
Seat 6: j0hanz ($120 in chips)
LifeisagameX: posts small blind $1
j0hanz: posts big blind $3
*** HOLE CARDS ***
LifeisagameX: raises $3 to $6
j0hanz: calls $3
*** FLOP *** [8c 5d 4c]
j0hanz: checks
LifeisagameX: bets $3
j0hanz: calls $3
*** TURN *** [8c 5d 4c] [3c]
j0hanz: checks
LifeisagameX: bets $6
j0hanz: raises $6 to $12
LifeisagameX: calls $6
*** RIVER *** [8c 5d 4c 3c] [Ts]
j0hanz: checks
LifeisagameX: bets $6
j0hanz: calls $6
*** SHOW DOWN ***
LifeisagameX: shows [8h 5h] (two pair, Eights and Fives)
j0hanz: mucks hand
LifeisagameX collected $53.50 from pot
*** SUMMARY ***
Total pot $54 | Rake $0.50
Board [8c 5d 4c 3c Ts]
Seat 1: LifeisagameX (button) (small blind) showed [8h 5h] and won ($53.50) with two pair, Eights and Fives
Seat 6: j0hanz (big blind) mucked


PokerStars Hand #168450988614:  Hold'em Limit ($3/$6 USD) - 2017/04/02 0:10:21 ET
Table 'Wurm' 10-max Seat #6 is the button
Seat 1: LifeisagameX ($110.50 in chips)
Seat 6: j0hanz ($93 in chips)
j0hanz: posts small blind $1
LifeisagameX: posts big blind $3
*** HOLE CARDS ***
j0hanz: raises $3 to $6
LifeisagameX: raises $3 to $9
j0hanz: calls $3
*** FLOP *** [Kd 6h 3h]
LifeisagameX: bets $3
j0hanz: folds
Uncalled bet ($3) returned to LifeisagameX
LifeisagameX collected $17.64 from pot
LifeisagameX: doesn't show hand
*** SUMMARY ***
Total pot $18 | Rake $0.36
Board [Kd 6h 3h]
Seat 1: LifeisagameX (big blind) collected ($17.64)
Seat 6: j0hanz (button) (small blind) folded on the Flop


PokerStars Hand #168450995801:  Hold'em Limit ($3/$6 USD) - 2017/04/02 0:10:45 ET
Table 'Wurm' 10-max Seat #1 is the button
Seat 1: LifeisagameX ($119.14 in chips)
Seat 6: j0hanz ($84 in chips)
LifeisagameX: posts small blind $1
j0hanz: posts big blind $3
*** HOLE CARDS ***
LifeisagameX: raises $3 to $6
j0hanz: raises $3 to $9
LifeisagameX: calls $3
*** FLOP *** [7c 4s Ks]
j0hanz: bets $3
LifeisagameX: raises $3 to $6
j0hanz: calls $3
*** TURN *** [7c 4s Ks] [9h]
j0hanz: checks
LifeisagameX: bets $6
j0hanz: calls $6
*** RIVER *** [7c 4s Ks 9h] [3d]
j0hanz: checks
LifeisagameX: checks
*** SHOW DOWN ***
j0hanz: shows [Ad Th] (high card Ace)
LifeisagameX: mucks hand
j0hanz collected $41.50 from pot
*** SUMMARY ***
Total pot $42 | Rake $0.50
Board [7c 4s Ks 9h 3d]
Seat 1: LifeisagameX (button) (small blind) mucked
Seat 6: j0hanz (big blind) showed [Ad Th] and won ($41.50) with high card Ace


PokerStars Hand #168451011394:  Hold'em Limit ($3/$6 USD) - 2017/04/02 0:11:36 ET
Table 'Wurm' 10-max Seat #6 is the button
Seat 1: LifeisagameX ($98.14 in chips)
Seat 6: j0hanz ($104.50 in chips)
j0hanz: posts small blind $1
LifeisagameX: posts big blind $3
*** HOLE CARDS ***
j0hanz: folds
Uncalled bet ($2) returned to LifeisagameX
LifeisagameX collected $2 from pot
LifeisagameX: doesn't show hand
*** SUMMARY ***
Total pot $2 | Rake $0
Seat 1: LifeisagameX (big blind) collected ($2)
Seat 6: j0hanz (button) (small blind) folded before Flop


PokerStars Hand #168451022262:  Hold'em Limit ($3/$6 USD) - 2017/04/02 0:12:13 ET
Table 'Wurm' 10-max Seat #6 is the button
Seat 1: LifeisagameX ($113.64 in chips)
Seat 6: j0hanz ($88.50 in chips)
j0hanz: posts small blind $1
LifeisagameX: posts big blind $3
*** HOLE CARDS ***
j0hanz: folds
Uncalled bet ($2) returned to LifeisagameX
LifeisagameX collected $2 from pot
LifeisagameX: doesn't show hand
*** SUMMARY ***
Total pot $2 | Rake $0
Seat 1: LifeisagameX (big blind) collected ($2)
Seat 6: j0hanz (button) (small blind) folded before Flop


PokerStars Hand #168451013660:  Hold'em Limit ($3/$6 USD) - 2017/04/02 0:11:44 ET
Table 'Wurm' 10-max Seat #1 is the button
Seat 1: LifeisagameX ($99.14 in chips)
Seat 6: j0hanz ($103.50 in chips)
LifeisagameX: posts small blind $1
j0hanz: posts big blind $3
*** HOLE CARDS ***
LifeisagameX: raises $3 to $6
j0hanz: calls $3
*** FLOP *** [Ts Jc Ks]
j0hanz: checks
LifeisagameX: bets $3
j0hanz: calls $3
*** TURN *** [Ts Jc Ks] [Ah]
j0hanz: checks
LifeisagameX: checks
*** RIVER *** [Ts Jc Ks Ah] [6c]
j0hanz: bets $6
LifeisagameX: calls $6
*** SHOW DOWN ***
j0hanz: shows [8h 7d] (high card Ace)
LifeisagameX: shows [Jd Tc] (two pair, Jacks and Tens)
LifeisagameX collected $29.50 from pot
*** SUMMARY ***
Total pot $30 | Rake $0.50
Board [Ts Jc Ks Ah 6c]
Seat 1: LifeisagameX (button) (small blind) showed [Jd Tc] and won ($29.50) with two pair, Jacks and Tens
Seat 6: j0hanz (big blind) showed [8h 7d] and lost with high card Ace


PokerStars Hand #168451023793:  Hold'em Limit ($3/$6 USD) - 2017/04/02 0:12:18 ET
Table 'Wurm' 10-max Seat #1 is the button
Seat 1: LifeisagameX ($114.64 in chips)
Seat 6: j0hanz ($87.50 in chips)
LifeisagameX: posts small blind $1
j0hanz: posts big blind $3
*** HOLE CARDS ***
LifeisagameX: raises $3 to $6
j0hanz: calls $3
*** FLOP *** [4d 8s Ac]
j0hanz: checks
LifeisagameX: bets $3
j0hanz: calls $3
*** TURN *** [4d 8s Ac] [3c]
j0hanz: checks
LifeisagameX: bets $6
j0hanz: calls $6
*** RIVER *** [4d 8s Ac 3c] [4s]
j0hanz: checks
LifeisagameX: bets $6
j0hanz: folds
Uncalled bet ($6) returned to LifeisagameX
LifeisagameX collected $29.50 from pot
LifeisagameX: doesn't show hand
*** SUMMARY ***
Total pot $30 | Rake $0.50
Board [4d 8s Ac 3c 4s]
Seat 1: LifeisagameX (button) (small blind) collected ($29.50)
Seat 6: j0hanz (big blind) folded on the River


PokerStars Hand #168451038865:  Hold'em Limit ($3/$6 USD) - 2017/04/02 0:13:09 ET
Table 'Wurm' 10-max Seat #6 is the button
Seat 1: LifeisagameX ($129.14 in chips)
Seat 6: j0hanz ($72.50 in chips)
j0hanz: posts small blind $1
LifeisagameX: posts big blind $3
*** HOLE CARDS ***
j0hanz: folds
Uncalled bet ($2) returned to LifeisagameX
LifeisagameX collected $2 from pot
LifeisagameX: doesn't show hand
*** SUMMARY ***
Total pot $2 | Rake $0
Seat 1: LifeisagameX (big blind) collected ($2)
Seat 6: j0hanz (button) (small blind) folded before Flop


PokerStars Hand #168451040921:  Hold'em Limit ($3/$6 USD) - 2017/04/02 0:13:16 ET
Table 'Wurm' 10-max Seat #1 is the button
Seat 1: LifeisagameX ($130.14 in chips)
Seat 6: j0hanz ($71.50 in chips)
LifeisagameX: posts small blind $1
j0hanz: posts big blind $3
*** HOLE CARDS ***
LifeisagameX: raises $3 to $6
j0hanz: folds
Uncalled bet ($3) returned to LifeisagameX
LifeisagameX collected $6 from pot
LifeisagameX: doesn't show hand
*** SUMMARY ***
Total pot $6 | Rake $0
Seat 1: LifeisagameX (button) (small blind) collected ($6)
Seat 6: j0hanz (big blind) folded before Flop


PokerStars Hand #168451043837:  Hold'em Limit ($3/$6 USD) - 2017/04/02 0:13:25 ET
Table 'Wurm' 10-max Seat #6 is the button
Seat 1: LifeisagameX ($133.14 in chips)
Seat 6: j0hanz ($68.50 in chips)
j0hanz: posts small blind $1
LifeisagameX: posts big blind $3
*** HOLE CARDS ***
j0hanz: folds
Uncalled bet ($2) returned to LifeisagameX
LifeisagameX collected $2 from pot
LifeisagameX: doesn't show hand
*** SUMMARY ***
Total pot $2 | Rake $0
Seat 1: LifeisagameX (big blind) collected ($2)
Seat 6: j0hanz (button) (small blind) folded before Flop


PokerStars Hand #168451045750:  Hold'em Limit ($3/$6 USD) - 2017/04/02 0:13:32 ET
Table 'Wurm' 10-max Seat #1 is the button
Seat 1: LifeisagameX ($134.14 in chips)
Seat 6: j0hanz ($67.50 in chips)
LifeisagameX: posts small blind $1
j0hanz: posts big blind $3
*** HOLE CARDS ***
LifeisagameX: raises $3 to $6
j0hanz: raises $3 to $9
LifeisagameX: calls $3
*** FLOP *** [8h 6c Ac]
j0hanz: bets $3
LifeisagameX: calls $3
*** TURN *** [8h 6c Ac] [2s]
j0hanz: bets $6
LifeisagameX: calls $6
*** RIVER *** [8h 6c Ac 2s] [Kd]
j0hanz: bets $6
LifeisagameX: folds
Uncalled bet ($6) returned to j0hanz
j0hanz collected $35.50 from pot
j0hanz: doesn't show hand
*** SUMMARY ***
Total pot $36 | Rake $0.50
Board [8h 6c Ac 2s Kd]
Seat 1: LifeisagameX (button) (small blind) folded on the River
Seat 6: j0hanz (big blind) collected ($35.50)


PokerStars Hand #168451055394:  Hold'em Limit ($3/$6 USD) - 2017/04/02 0:14:05 ET
Table 'Wurm' 10-max Seat #6 is the button
Seat 1: LifeisagameX ($116.14 in chips)
Seat 6: j0hanz ($85 in chips)
j0hanz: posts small blind $1
LifeisagameX: posts big blind $3
*** HOLE CARDS ***
j0hanz: calls $2
LifeisagameX: checks
*** FLOP *** [5d 4h 5h]
LifeisagameX: bets $3
pokercomic joins the table at seat #5
j0hanz: raises $3 to $6
LifeisagameX: calls $3
*** TURN *** [5d 4h 5h] [7c]
LifeisagameX: checks
j0hanz: bets $6
Jack_Wu1985 joins the table at seat #3
LifeisagameX: calls $6
*** RIVER *** [5d 4h 5h 7c] [9h]
LifeisagameX: checks
j0hanz: bets $6
LifeisagameX: folds
Uncalled bet ($6) returned to j0hanz
j0hanz collected $29.50 from pot
j0hanz: doesn't show hand
*** SUMMARY ***
Total pot $30 | Rake $0.50
Board [5d 4h 5h 7c 9h]
Seat 1: LifeisagameX (big blind) folded on the River
Seat 6: j0hanz (button) (small blind) collected ($29.50)


PokerStars Hand #168451106899:  Hold'em Limit ($3/$6 USD) - 2017/04/02 0:16:58 ET
Table 'Wurm' 10-max Seat #5 is the button
Seat 3: Jack_Wu1985 ($163.24 in chips)
Seat 5: pokercomic ($75.49 in chips)
pokercomic: posts small blind $1
Jack_Wu1985: posts big blind $3
*** HOLE CARDS ***
pokercomic: raises $3 to $6
Jack_Wu1985: folds
Uncalled bet ($3) returned to pokercomic
pokercomic collected $6 from pot
pokercomic: doesn't show hand
*** SUMMARY ***
Total pot $6 | Rake $0
Seat 3: Jack_Wu1985 (big blind) folded before Flop
Seat 5: pokercomic (button) (small blind) collected ($6)


PokerStars Hand #168451126862:  Hold'em Limit ($3/$6 USD) - 2017/04/02 0:18:05 ET
Table 'Wurm' 10-max Seat #3 is the button
Seat 3: Jack_Wu1985 ($177.74 in chips)
Seat 5: pokercomic ($59.99 in chips)
Jack_Wu1985: posts small blind $1
pokercomic: posts big blind $3
*** HOLE CARDS ***
Jack_Wu1985: folds
Uncalled bet ($2) returned to pokercomic
pokercomic collected $2 from pot
pokercomic: doesn't show hand
*** SUMMARY ***
Total pot $2 | Rake $0
Seat 3: Jack_Wu1985 (button) (small blind) folded before Flop
Seat 5: pokercomic (big blind) collected ($2)


PokerStars Hand #168451109402:  Hold'em Limit ($3/$6 USD) - 2017/04/02 0:17:06 ET
Table 'Wurm' 10-max Seat #3 is the button
Seat 3: Jack_Wu1985 ($160.24 in chips)
Seat 5: pokercomic ($78.49 in chips)
Jack_Wu1985: posts small blind $1
pokercomic: posts big blind $3
*** HOLE CARDS ***
Jack_Wu1985: raises $3 to $6
pokercomic: calls $3
*** FLOP *** [3s 9d 4h]
pokercomic: checks
Jack_Wu1985: bets $3
pokercomic: raises $3 to $6
Jack_Wu1985: raises $3 to $9
pokercomic: raises $3 to $12
Betting is capped
Jack_Wu1985: calls $3
*** TURN *** [3s 9d 4h] [Qc]
pokercomic: bets $6
Jack_Wu1985: raises $6 to $12
pokercomic: calls $6
*** RIVER *** [3s 9d 4h Qc] [3h]
pokercomic: checks
Jack_Wu1985: bets $6
pokercomic: calls $6
*** SHOW DOWN ***
Jack_Wu1985: shows [Qs Ac] (two pair, Queens and Threes)
pokercomic: mucks hand
Jack_Wu1985 collected $71.50 from pot
*** SUMMARY ***
Total pot $72 | Rake $0.50
Board [3s 9d 4h Qc 3h]
Seat 3: Jack_Wu1985 (button) (small blind) showed [Qs Ac] and won ($71.50) with two pair, Queens and Threes
Seat 5: pokercomic (big blind) mucked


PokerStars Hand #168451119974:  Hold'em Limit ($3/$6 USD) - 2017/04/02 0:17:42 ET
Table 'Wurm' 10-max Seat #5 is the button
Seat 3: Jack_Wu1985 ($195.74 in chips)
Seat 5: pokercomic ($42.49 in chips)
pokercomic: posts small blind $1
Jack_Wu1985: posts big blind $3
*** HOLE CARDS ***
pokercomic: raises $3 to $6
Jack_Wu1985: calls $3
*** FLOP *** [3h 8s Qh]
Jack_Wu1985: checks
pokercomic: checks
*** TURN *** [3h 8s Qh] [6s]
Jack_Wu1985: bets $6
pokercomic: calls $6
*** RIVER *** [3h 8s Qh 6s] [7h]
Jack_Wu1985: bets $6
pokercomic: calls $6
*** SHOW DOWN ***
Jack_Wu1985: shows [2h Kc] (high card King)
pokercomic: shows [7s 2s] (a pair of Sevens)
pokercomic collected $35.50 from pot
*** SUMMARY ***
Total pot $36 | Rake $0.50
Board [3h 8s Qh 6s 7h]
Seat 3: Jack_Wu1985 (big blind) showed [2h Kc] and lost with high card King
Seat 5: pokercomic (button) (small blind) showed [7s 2s] and won ($35.50) with a pair of Sevens


PokerStars Hand #168451128668:  Hold'em Limit ($3/$6 USD) - 2017/04/02 0:18:11 ET
Table 'Wurm' 10-max Seat #5 is the button
Seat 3: Jack_Wu1985 ($176.74 in chips)
Seat 5: pokercomic ($60.99 in chips)
pokercomic: posts small blind $1
Jack_Wu1985: posts big blind $3
*** HOLE CARDS ***
pokercomic: raises $3 to $6
Jack_Wu1985: calls $3
*** FLOP *** [8c 7s Jc]
Jack_Wu1985: checks
pokercomic: bets $3
Jack_Wu1985: calls $3
*** TURN *** [8c 7s Jc] [4h]
Jack_Wu1985: checks
pokercomic: bets $6
Jack_Wu1985: folds
Uncalled bet ($6) returned to pokercomic
pokercomic collected $17.64 from pot
pokercomic: doesn't show hand
*** SUMMARY ***
Total pot $18 | Rake $0.36
Board [8c 7s Jc 4h]
Seat 3: Jack_Wu1985 (big blind) folded on the Turn
Seat 5: pokercomic (button) (small blind) collected ($17.64)


PokerStars Hand #168451135307:  Hold'em Limit ($3/$6 USD) - 2017/04/02 0:18:33 ET
Table 'Wurm' 10-max Seat #3 is the button
Seat 3: Jack_Wu1985 ($167.74 in chips)
Seat 5: pokercomic ($69.63 in chips)
Jack_Wu1985: posts small blind $1
pokercomic: posts big blind $3
*** HOLE CARDS ***
Jack_Wu1985: raises $3 to $6
pokercomic: calls $3
*** FLOP *** [Kc 5c 6d]
pokercomic: checks
Jack_Wu1985: bets $3
pokercomic: calls $3
*** TURN *** [Kc 5c 6d] [5d]
pokercomic: checks
Jack_Wu1985: bets $6
pokercomic: raises $6 to $12
Jack_Wu1985: folds
Uncalled bet ($6) returned to pokercomic
pokercomic collected $29.50 from pot
pokercomic: doesn't show hand
*** SUMMARY ***
Total pot $30 | Rake $0.50
Board [Kc 5c 6d 5d]
Seat 3: Jack_Wu1985 (button) (small blind) folded on the Turn
Seat 5: pokercomic (big blind) collected ($29.50)


PokerStars Hand #168451144683:  Hold'em Limit ($3/$6 USD) - 2017/04/02 0:19:05 ET
Table 'Wurm' 10-max Seat #5 is the button
Seat 3: Jack_Wu1985 ($152.74 in chips)
Seat 5: pokercomic ($84.13 in chips)
pokercomic: posts small blind $1
Jack_Wu1985: posts big blind $3
*** HOLE CARDS ***
pokercomic: calls $2
Jack_Wu1985: checks
*** FLOP *** [Js 2c 5c]
Jack_Wu1985: bets $3
pokercomic: folds
Uncalled bet ($3) returned to Jack_Wu1985
Jack_Wu1985 collected $5.88 from pot
Jack_Wu1985: doesn't show hand
*** SUMMARY ***
Total pot $6 | Rake $0.12
Board [Js 2c 5c]
Seat 3: Jack_Wu1985 (big blind) collected ($5.88)
Seat 5: pokercomic (button) (small blind) folded on the Flop


PokerStars Hand #168451148459:  Hold'em Limit ($3/$6 USD) - 2017/04/02 0:19:18 ET
Table 'Wurm' 10-max Seat #3 is the button
Seat 3: Jack_Wu1985 ($155.62 in chips)
Seat 5: pokercomic ($81.13 in chips)
Jack_Wu1985: posts small blind $1
pokercomic: posts big blind $3
*** HOLE CARDS ***
Jack_Wu1985: folds
Uncalled bet ($2) returned to pokercomic
pokercomic collected $2 from pot
pokercomic: doesn't show hand
*** SUMMARY ***
Total pot $2 | Rake $0
Seat 3: Jack_Wu1985 (button) (small blind) folded before Flop
Seat 5: pokercomic (big blind) collected ($2)


PokerStars Hand #168451149987:  Hold'em Limit ($3/$6 USD) - 2017/04/02 0:19:23 ET
Table 'Wurm' 10-max Seat #5 is the button
Seat 3: Jack_Wu1985 ($154.62 in chips)
Seat 5: pokercomic ($82.13 in chips)
pokercomic: posts small blind $1
Jack_Wu1985: posts big blind $3
*** HOLE CARDS ***
pokercomic: raises $3 to $6
Jack_Wu1985: calls $3
*** FLOP *** [2d Jh 4h]
Jack_Wu1985: checks
pokercomic: bets $3
Jack_Wu1985: calls $3
*** TURN *** [2d Jh 4h] [7h]
Jack_Wu1985: checks
pokercomic: checks
*** RIVER *** [2d Jh 4h 7h] [7s]
Jack_Wu1985: bets $6
pokercomic: calls $6
*** SHOW DOWN ***
Jack_Wu1985: shows [Jd 8d] (two pair, Jacks and Sevens)
pokercomic: mucks hand
Jack_Wu1985 collected $29.50 from pot
*** SUMMARY ***
Total pot $30 | Rake $0.50
Board [2d Jh 4h 7h 7s]
Seat 3: Jack_Wu1985 (big blind) showed [Jd 8d] and won ($29.50) with two pair, Jacks and Sevens
Seat 5: pokercomic (button) (small blind) mucked


PokerStars Hand #168451158489:  Hold'em Limit ($3/$6 USD) - 2017/04/02 0:19:52 ET
Table 'Wurm' 10-max Seat #3 is the button
Seat 3: Jack_Wu1985 ($169.12 in chips)
Seat 5: pokercomic ($67.13 in chips)
Jack_Wu1985: posts small blind $1
pokercomic: posts big blind $3
*** HOLE CARDS ***
Jack_Wu1985: raises $3 to $6
pokercomic: folds
Uncalled bet ($3) returned to Jack_Wu1985
Jack_Wu1985 collected $6 from pot
Jack_Wu1985: doesn't show hand
*** SUMMARY ***
Total pot $6 | Rake $0
Seat 3: Jack_Wu1985 (button) (small blind) collected ($6)
Seat 5: pokercomic (big blind) folded before Flop


PokerStars Hand #168451161243:  Hold'em Limit ($3/$6 USD) - 2017/04/02 0:20:01 ET
Table 'Wurm' 10-max Seat #5 is the button
Seat 3: Jack_Wu1985 ($172.12 in chips)
Seat 5: pokercomic ($64.13 in chips)
pokercomic: posts small blind $1
Jack_Wu1985: posts big blind $3
*** HOLE CARDS ***
pokercomic: calls $2
Jack_Wu1985: checks
*** FLOP *** [8s 6s 3c]
Jack_Wu1985: bets $3
pokercomic: calls $3
*** TURN *** [8s 6s 3c] [3h]
Jack_Wu1985: bets $6
pokercomic: calls $6
*** RIVER *** [8s 6s 3c 3h] [4c]
Jack_Wu1985: bets $6
pokercomic: calls $6
*** SHOW DOWN ***
Jack_Wu1985: shows [Th 6h] (two pair, Sixes and Threes)
pokercomic: mucks hand
Jack_Wu1985 collected $35.50 from pot
*** SUMMARY ***
Total pot $36 | Rake $0.50
Board [8s 6s 3c 3h 4c]
Seat 3: Jack_Wu1985 (big blind) showed [Th 6h] and won ($35.50) with two pair, Sixes and Threes
Seat 5: pokercomic (button) (small blind) mucked


PokerStars Hand #168451168230:  Hold'em Limit ($3/$6 USD) - 2017/04/02 0:20:25 ET
Table 'Wurm' 10-max Seat #3 is the button
Seat 3: Jack_Wu1985 ($189.62 in chips)
Seat 5: pokercomic ($46.13 in chips)
Jack_Wu1985: posts small blind $1
pokercomic: posts big blind $3
*** HOLE CARDS ***
Jack_Wu1985: folds
Uncalled bet ($2) returned to pokercomic
pokercomic collected $2 from pot
pokercomic: doesn't show hand
*** SUMMARY ***
Total pot $2 | Rake $0
Seat 3: Jack_Wu1985 (button) (small blind) folded before Flop
Seat 5: pokercomic (big blind) collected ($2)


PokerStars Hand #168451179331:  Hold'em Limit ($3/$6 USD) - 2017/04/02 0:21:04 ET
Table 'Wurm' 10-max Seat #3 is the button
Seat 3: Jack_Wu1985 ($224.12 in chips)
Seat 5: pokercomic ($11.13 in chips)
Jack_Wu1985: posts small blind $1
pokercomic: posts big blind $3
*** HOLE CARDS ***
Jack_Wu1985: folds
Uncalled bet ($2) returned to pokercomic
pokercomic collected $2 from pot
pokercomic: doesn't show hand
*** SUMMARY ***
Total pot $2 | Rake $0
Seat 3: Jack_Wu1985 (button) (small blind) folded before Flop
Seat 5: pokercomic (big blind) collected ($2)


PokerStars Hand #168451170081:  Hold'em Limit ($3/$6 USD) - 2017/04/02 0:20:31 ET
Table 'Wurm' 10-max Seat #5 is the button
Seat 3: Jack_Wu1985 ($188.62 in chips)
Seat 5: pokercomic ($47.13 in chips)
pokercomic: posts small blind $1
Jack_Wu1985: posts big blind $3
*** HOLE CARDS ***
pokercomic: raises $3 to $6
Jack_Wu1985: calls $3
*** FLOP *** [Tc 4s 2d]
Jack_Wu1985: checks
pokercomic: bets $3
Jack_Wu1985: raises $3 to $6
pokercomic: calls $3
*** TURN *** [Tc 4s 2d] [6h]
Jack_Wu1985: bets $6
pokercomic: raises $6 to $12
Jack_Wu1985: raises $6 to $18
pokercomic: calls $6
*** RIVER *** [Tc 4s 2d 6h] [9h]
Jack_Wu1985: bets $6
pokercomic: calls $6
*** SHOW DOWN ***
Jack_Wu1985: shows [Qs Ts] (a pair of Tens)
pokercomic: mucks hand
Jack_Wu1985 collected $71.50 from pot
*** SUMMARY ***
Total pot $72 | Rake $0.50
Board [Tc 4s 2d 6h 9h]
Seat 3: Jack_Wu1985 (big blind) showed [Qs Ts] and won ($71.50) with a pair of Tens
Seat 5: pokercomic (button) (small blind) mucked


PokerStars Hand #168451180937:  Hold'em Limit ($3/$6 USD) - 2017/04/02 0:21:09 ET
Table 'Wurm' 10-max Seat #5 is the button
Seat 3: Jack_Wu1985 ($223.12 in chips)
Seat 5: pokercomic ($12.13 in chips)
pokercomic: posts small blind $1
Jack_Wu1985: posts big blind $3
*** HOLE CARDS ***
pokercomic: raises $3 to $6
Jack_Wu1985: folds
Uncalled bet ($3) returned to pokercomic
pokercomic collected $6 from pot
pokercomic: doesn't show hand
*** SUMMARY ***
Total pot $6 | Rake $0
Seat 3: Jack_Wu1985 (big blind) folded before Flop
Seat 5: pokercomic (button) (small blind) collected ($6)


PokerStars Hand #168451183370:  Hold'em Limit ($3/$6 USD) - 2017/04/02 0:21:17 ET
Table 'Wurm' 10-max Seat #3 is the button
Seat 3: Jack_Wu1985 ($220.12 in chips)
Seat 5: pokercomic ($15.13 in chips)
Jack_Wu1985: posts small blind $1
pokercomic: posts big blind $3
*** HOLE CARDS ***
Jack_Wu1985: folds
Uncalled bet ($2) returned to pokercomic
pokercomic collected $2 from pot
pokercomic: doesn't show hand
*** SUMMARY ***
Total pot $2 | Rake $0
Seat 3: Jack_Wu1985 (button) (small blind) folded before Flop
Seat 5: pokercomic (big blind) collected ($2)


PokerStars Hand #168451185015:  Hold'em Limit ($3/$6 USD) - 2017/04/02 0:21:23 ET
Table 'Wurm' 10-max Seat #5 is the button
Seat 3: Jack_Wu1985 ($219.12 in chips)
Seat 5: pokercomic ($16.13 in chips)
pokercomic: posts small blind $1
Jack_Wu1985: posts big blind $3
*** HOLE CARDS ***
pokercomic: raises $3 to $6
Jack_Wu1985: calls $3
*** FLOP *** [5h 4d Jh]
Jack_Wu1985: checks
pokercomic: bets $3
Jack_Wu1985: folds
Uncalled bet ($3) returned to pokercomic
pokercomic collected $11.76 from pot
pokercomic: doesn't show hand
*** SUMMARY ***
Total pot $12 | Rake $0.24
Board [5h 4d Jh]
Seat 3: Jack_Wu1985 (big blind) folded on the Flop
Seat 5: pokercomic (button) (small blind) collected ($11.76)


PokerStars Hand #168451189753:  Hold'em Limit ($3/$6 USD) - 2017/04/02 0:21:39 ET
Table 'Wurm' 10-max Seat #3 is the button
Seat 3: Jack_Wu1985 ($213.12 in chips)
Seat 5: pokercomic ($21.89 in chips)
Jack_Wu1985: posts small blind $1
pokercomic: posts big blind $3
*** HOLE CARDS ***
Jack_Wu1985: raises $3 to $6
pokercomic: calls $3
*** FLOP *** [8c Ac 3s]
pokercomic: checks
Jack_Wu1985: bets $3
pokercomic: folds
Uncalled bet ($3) returned to Jack_Wu1985
Jack_Wu1985 collected $11.76 from pot
Jack_Wu1985: doesn't show hand
*** SUMMARY ***
Total pot $12 | Rake $0.24
Board [8c Ac 3s]
Seat 3: Jack_Wu1985 (button) (small blind) collected ($11.76)
Seat 5: pokercomic (big blind) folded on the Flop


PokerStars Hand #168451195695:  Hold'em Limit ($3/$6 USD) - 2017/04/02 0:22:00 ET
Table 'Wurm' 10-max Seat #5 is the button
Seat 3: Jack_Wu1985 ($218.88 in chips)
Seat 5: pokercomic ($15.89 in chips)
pokercomic: posts small blind $1
Jack_Wu1985: posts big blind $3
*** HOLE CARDS ***
pokercomic: folds
Uncalled bet ($2) returned to Jack_Wu1985
Jack_Wu1985 collected $2 from pot
Jack_Wu1985: doesn't show hand
*** SUMMARY ***
Total pot $2 | Rake $0
Seat 3: Jack_Wu1985 (big blind) collected ($2)
Seat 5: pokercomic (button) (small blind) folded before Flop


PokerStars Hand #168451197454:  Hold'em Limit ($3/$6 USD) - 2017/04/02 0:22:06 ET
Table 'Wurm' 10-max Seat #3 is the button
Seat 3: Jack_Wu1985 ($219.88 in chips)
Seat 5: pokercomic ($14.89 in chips)
Jack_Wu1985: posts small blind $1
pokercomic: posts big blind $3
*** HOLE CARDS ***
Jack_Wu1985: raises $3 to $6
pokercomic: calls $3
*** FLOP *** [Jc 8c 5d]
pokercomic: checks
Jack_Wu1985: bets $3
pokercomic: calls $3
*** TURN *** [Jc 8c 5d] [9h]
pokercomic: checks
Jack_Wu1985: bets $6
pokercomic: calls $5.89 and is all-in
Uncalled bet ($0.11) returned to Jack_Wu1985
*** RIVER *** [Jc 8c 5d 9h] [6c]
*** SHOW DOWN ***
pokercomic: shows [Tc 5h] (a pair of Fives)
Jack_Wu1985: shows [4h 7h] (a straight, Five to Nine)
Jack_Wu1985 collected $29.28 from pot
*** SUMMARY ***
Total pot $29.78 | Rake $0.50
Board [Jc 8c 5d 9h 6c]
Seat 3: Jack_Wu1985 (button) (small blind) showed [4h 7h] and won ($29.28) with a straight, Five to Nine
Seat 5: pokercomic (big blind) showed [Tc 5h] and lost with a pair of Fives


