PokerStars Hand #157773194153:  Hold'em Limit ($3/$6 USD) - 2016/08/26 15:31:01 ET
Table 'Xanthippe' 6-max Seat #1 is the button
Seat 1: FinDeSiecle ($101 in chips)
Seat 4: AzureCaper ($90.50 in chips)
FinDeSiecle: posts small blind $1
AzureCaper: posts big blind $3
*** HOLE CARDS ***
FinDeSiecle: raises $3 to $6
AzureCaper: folds
Uncalled bet ($3) returned to FinDeSiecle
FinDeSiecle collected $6 from pot
*** SUMMARY ***
Total pot $6 | Rake $0
Seat 1: FinDeSiecle (button) (small blind) collected ($6)
Seat 4: AzureCaper (big blind) folded before Flop


PokerStars Hand #157773219211:  Hold'em Limit ($3/$6 USD) - 2016/08/26 15:31:33 ET
Table 'Xanthippe' 6-max Seat #4 is the button
Seat 1: FinDeSiecle ($92 in chips)
Seat 4: AzureCaper ($99.14 in chips)
AzureCaper: posts small blind $1
FinDeSiecle: posts big blind $3
*** HOLE CARDS ***
AzureCaper: raises $3 to $6
FinDeSiecle: folds
Uncalled bet ($3) returned to AzureCaper
AzureCaper collected $6 from pot
AzureCaper: doesn't show hand
*** SUMMARY ***
Total pot $6 | Rake $0
Seat 1: FinDeSiecle (big blind) folded before Flop
Seat 4: AzureCaper (button) (small blind) collected ($6)


PokerStars Hand #157773203381:  Hold'em Limit ($3/$6 USD) - 2016/08/26 15:31:13 ET
Table 'Xanthippe' 6-max Seat #1 is the button
Seat 1: FinDeSiecle ($101 in chips)
Seat 4: AzureCaper ($90.50 in chips)
FinDeSiecle: posts small blind $1
AzureCaper: posts big blind $3
*** HOLE CARDS ***
FinDeSiecle: raises $3 to $6
AzureCaper: calls $3
*** FLOP *** [8c 6d Ah]
AzureCaper: checks
FinDeSiecle: bets $3
AzureCaper: calls $3
*** TURN *** [8c 6d Ah] [Ks]
AzureCaper: checks
FinDeSiecle: checks
*** RIVER *** [8c 6d Ah Ks] [2d]
AzureCaper: checks
FinDeSiecle: checks
*** SHOW DOWN ***
AzureCaper: shows [4d 6c] (a pair of Sixes)
FinDeSiecle: mucks hand
AzureCaper collected $17.64 from pot
*** SUMMARY ***
Total pot $18 | Rake $0.36
Board [8c 6d Ah Ks 2d]
Seat 1: FinDeSiecle (button) (small blind) mucked
Seat 4: AzureCaper (big blind) showed [4d 6c] and won ($17.64) with a pair of Sixes


PokerStars Hand #157773223986:  Hold'em Limit ($3/$6 USD) - 2016/08/26 15:31:39 ET
Table 'Xanthippe' 6-max Seat #1 is the button
Seat 1: FinDeSiecle ($89 in chips)
Seat 4: AzureCaper ($102.14 in chips)
FinDeSiecle: posts small blind $1
AzureCaper: posts big blind $3
*** HOLE CARDS ***
FinDeSiecle: raises $3 to $6
AzureCaper: folds
Uncalled bet ($3) returned to FinDeSiecle
FinDeSiecle collected $6 from pot
FinDeSiecle: doesn't show hand
*** SUMMARY ***
Total pot $6 | Rake $0
Seat 1: FinDeSiecle (button) (small blind) collected ($6)
Seat 4: AzureCaper (big blind) folded before Flop


PokerStars Hand #157773237081:  Hold'em Limit ($3/$6 USD) - 2016/08/26 15:31:56 ET
Table 'Xanthippe' 6-max Seat #4 is the button
Seat 1: FinDeSiecle ($88 in chips)
Seat 4: AzureCaper ($103.14 in chips)
AzureCaper: posts small blind $1
FinDeSiecle: posts big blind $3
*** HOLE CARDS ***
AzureCaper: folds
Uncalled bet ($2) returned to FinDeSiecle
FinDeSiecle collected $2 from pot
FinDeSiecle: doesn't show hand
*** SUMMARY ***
Total pot $2 | Rake $0
Seat 1: FinDeSiecle (big blind) collected ($2)
Seat 4: AzureCaper (button) (small blind) folded before Flop


PokerStars Hand #157773233421:  Hold'em Limit ($3/$6 USD) - 2016/08/26 15:31:51 ET
Table 'Xanthippe' 6-max Seat #1 is the button
Seat 1: FinDeSiecle ($89 in chips)
Seat 4: AzureCaper ($102.14 in chips)
FinDeSiecle: posts small blind $1
AzureCaper: posts big blind $3
*** HOLE CARDS ***
FinDeSiecle: folds
Uncalled bet ($2) returned to AzureCaper
AzureCaper collected $2 from pot
AzureCaper: doesn't show hand
*** SUMMARY ***
Total pot $2 | Rake $0
Seat 1: FinDeSiecle (button) (small blind) folded before Flop
Seat 4: AzureCaper (big blind) collected ($2)


PokerStars Hand #157773228596:  Hold'em Limit ($3/$6 USD) - 2016/08/26 15:31:45 ET
Table 'Xanthippe' 6-max Seat #4 is the button
Seat 1: FinDeSiecle ($92 in chips)
Seat 4: AzureCaper ($99.14 in chips)
AzureCaper: posts small blind $1
FinDeSiecle: posts big blind $3
*** HOLE CARDS ***
AzureCaper: raises $3 to $6
FinDeSiecle: folds
Uncalled bet ($3) returned to AzureCaper
AzureCaper collected $6 from pot
AzureCaper: doesn't show hand
*** SUMMARY ***
Total pot $6 | Rake $0
Seat 1: FinDeSiecle (big blind) folded before Flop
Seat 4: AzureCaper (button) (small blind) collected ($6)


PokerStars Hand #157773248550:  Hold'em Limit ($3/$6 USD) - 2016/08/26 15:32:11 ET
Table 'Xanthippe' 6-max Seat #4 is the button
Seat 1: FinDeSiecle ($92 in chips)
Seat 4: AzureCaper ($99.14 in chips)
AzureCaper: posts small blind $1
FinDeSiecle: posts big blind $3
*** HOLE CARDS ***
AzureCaper: raises $3 to $6
FinDeSiecle: raises $3 to $9
AzureCaper: calls $3
*** FLOP *** [4c 7s 4s]
FinDeSiecle: bets $3
AzureCaper: folds
Uncalled bet ($3) returned to FinDeSiecle
FinDeSiecle collected $17.64 from pot
FinDeSiecle: doesn't show hand
*** SUMMARY ***
Total pot $18 | Rake $0.36
Board [4c 7s 4s]
Seat 1: FinDeSiecle (big blind) collected ($17.64)
Seat 4: AzureCaper (button) (small blind) folded on the Flop


PokerStars Hand #157773240684:  Hold'em Limit ($3/$6 USD) - 2016/08/26 15:32:00 ET
Table 'Xanthippe' 6-max Seat #1 is the button
Seat 1: FinDeSiecle ($89 in chips)
Seat 4: AzureCaper ($102.14 in chips)
FinDeSiecle: posts small blind $1
AzureCaper: posts big blind $3
*** HOLE CARDS ***
FinDeSiecle: raises $3 to $6
AzureCaper: folds
Uncalled bet ($3) returned to FinDeSiecle
FinDeSiecle collected $6 from pot
FinDeSiecle: doesn't show hand
*** SUMMARY ***
Total pot $6 | Rake $0
Seat 1: FinDeSiecle (button) (small blind) collected ($6)
Seat 4: AzureCaper (big blind) folded before Flop


PokerStars Hand #157774004144:  Hold'em Limit ($3/$6 USD) - 2016/08/26 15:48:29 ET
Table 'Xanthippe' 6-max Seat #4 is the button
Seat 4: AzureCaper ($90.96 in chips)
Seat 6: bangolfaren ($78.17 in chips)
AzureCaper: posts small blind $1
bangolfaren: posts big blind $3
*** HOLE CARDS ***
AzureCaper: folds
Uncalled bet ($2) returned to bangolfaren
bangolfaren collected $2 from pot
bangolfaren: doesn't show hand
*** SUMMARY ***
Total pot $2 | Rake $0
Seat 4: AzureCaper (button) (small blind) folded before Flop
Seat 6: bangolfaren (big blind) collected ($2)


PokerStars Hand #157773987355:  Hold'em Limit ($3/$6 USD) - 2016/08/26 15:48:06 ET
Table 'Xanthippe' 6-max Seat #6 is the button
Seat 4: AzureCaper ($73.46 in chips)
Seat 6: bangolfaren ($96.17 in chips)
bangolfaren: posts small blind $1
FinDeSiecle: is sitting out
AzureCaper: posts big blind $3
*** HOLE CARDS ***
bangolfaren: raises $3 to $6
AzureCaper: calls $3
*** FLOP *** [Jc 9h 3d]
AzureCaper: checks
bangolfaren: bets $3
AzureCaper: raises $3 to $6
bangolfaren: calls $3
*** TURN *** [Jc 9h 3d] [Ac]
AzureCaper: checks
bangolfaren: checks
*** RIVER *** [Jc 9h 3d Ac] [Qd]
AzureCaper: bets $6
bangolfaren: calls $6
*** SHOW DOWN ***
AzureCaper: shows [Jd Qh] (two pair, Queens and Jacks)
bangolfaren: mucks hand
AzureCaper collected $35.50 from pot
*** SUMMARY ***
Total pot $36 | Rake $0.50
Board [Jc 9h 3d Ac Qd]
Seat 4: AzureCaper (big blind) showed [Jd Qh] and won ($35.50) with two pair, Queens and Jacks
Seat 6: bangolfaren (button) (small blind) mucked


PokerStars Hand #157774429883:  Hold'em Limit ($3/$6 USD) - 2016/08/26 15:58:47 ET
Table 'Xanthippe' 6-max Seat #3 is the button
Seat 3: tutones87 ($50 in chips)
Seat 4: AzureCaper ($72 in chips)
tutones87: posts small blind $1
AzureCaper: posts big blind $3
*** HOLE CARDS ***
tutones87: raises $3 to $6
AzureCaper: calls $3
*** FLOP *** [6c 2h Ts]
AzureCaper: checks
tutones87: bets $3
AzureCaper: raises $3 to $6
tutones87: calls $3
*** TURN *** [6c 2h Ts] [Jc]
AzureCaper: bets $6
tutones87: folds
Uncalled bet ($6) returned to AzureCaper
AzureCaper collected $23.52 from pot
AzureCaper: doesn't show hand
*** SUMMARY ***
Total pot $24 | Rake $0.48
Board [6c 2h Ts Jc]
Seat 3: tutones87 (button) (small blind) folded on the Turn
Seat 4: AzureCaper (big blind) collected ($23.52)


PokerStars Hand #157774462395:  Hold'em Limit ($3/$6 USD) - 2016/08/26 15:59:43 ET
Table 'Xanthippe' 6-max Seat #3 is the button
Seat 3: tutones87 ($52.50 in chips)
Seat 4: AzureCaper ($72 in chips)
tutones87: posts small blind $1
AzureCaper: posts big blind $3
*** HOLE CARDS ***
tutones87: raises $3 to $6
AzureCaper: folds
Uncalled bet ($3) returned to tutones87
tutones87 collected $6 from pot
tutones87: doesn't show hand
*** SUMMARY ***
Total pot $6 | Rake $0
Seat 3: tutones87 (button) (small blind) collected ($6)
Seat 4: AzureCaper (big blind) folded before Flop


PokerStars Hand #157774447690:  Hold'em Limit ($3/$6 USD) - 2016/08/26 15:59:18 ET
Table 'Xanthippe' 6-max Seat #4 is the button
Seat 3: tutones87 ($38 in chips)
Seat 4: AzureCaper ($83.52 in chips)
AzureCaper: posts small blind $1
tutones87: posts big blind $3
*** HOLE CARDS ***
AzureCaper: raises $3 to $6
tutones87: raises $3 to $9
AzureCaper: calls $3
*** FLOP *** [2d 7c Td]
tutones87: checks
AzureCaper: checks
*** TURN *** [2d 7c Td] [Qs]
tutones87: bets $6
AzureCaper: calls $6
*** RIVER *** [2d 7c Td Qs] [2h]
tutones87: bets $6
AzureCaper: folds
Uncalled bet ($6) returned to tutones87
tutones87 collected $29.50 from pot
tutones87: doesn't show hand
*** SUMMARY ***
Total pot $30 | Rake $0.50
Board [2d 7c Td Qs 2h]
Seat 3: tutones87 (big blind) collected ($29.50)
Seat 4: AzureCaper (button) (small blind) folded on the River


PokerStars Hand #157774485605:  Hold'em Limit ($3/$6 USD) - 2016/08/26 16:00:22 ET
Table 'Xanthippe' 6-max Seat #3 is the button
Seat 3: tutones87 ($49.50 in chips)
Seat 4: AzureCaper ($77.76 in chips)
tutones87: posts small blind $1
AzureCaper: posts big blind $3
*** HOLE CARDS ***
Chessnok joins the table at seat #5
tutones87: folds
Uncalled bet ($2) returned to AzureCaper
AzureCaper collected $2 from pot
AzureCaper: doesn't show hand
*** SUMMARY ***
Total pot $2 | Rake $0
Seat 3: tutones87 (button) (small blind) folded before Flop
Seat 4: AzureCaper (big blind) collected ($2)


PokerStars Hand #157774478215:  Hold'em Limit ($3/$6 USD) - 2016/08/26 16:00:10 ET
Table 'Xanthippe' 6-max Seat #4 is the button
Seat 3: tutones87 ($48.50 in chips)
Seat 4: AzureCaper ($78.76 in chips)
AzureCaper: posts small blind $1
tutones87: posts big blind $3
*** HOLE CARDS ***
AzureCaper: folds
Uncalled bet ($2) returned to tutones87
tutones87 collected $2 from pot
tutones87: doesn't show hand
*** SUMMARY ***
Total pot $2 | Rake $0
Seat 3: tutones87 (big blind) collected ($2)
Seat 4: AzureCaper (button) (small blind) folded before Flop


PokerStars Hand #157774467477:  Hold'em Limit ($3/$6 USD) - 2016/08/26 15:59:52 ET
Table 'Xanthippe' 6-max Seat #4 is the button
Seat 3: tutones87 ($55.50 in chips)
Seat 4: AzureCaper ($72 in chips)
AzureCaper: posts small blind $1
tutones87: posts big blind $3
*** HOLE CARDS ***
AzureCaper: raises $3 to $6
tutones87: calls $3
*** FLOP *** [As 8c Kh]
tutones87: checks
AzureCaper: bets $3
tutones87: folds
Uncalled bet ($3) returned to AzureCaper
AzureCaper collected $11.76 from pot
AzureCaper: doesn't show hand
*** SUMMARY ***
Total pot $12 | Rake $0.24
Board [As 8c Kh]
Seat 3: tutones87 (big blind) folded on the Flop
Seat 4: AzureCaper (button) (small blind) collected ($11.76)


PokerStars Hand #157774474867:  Hold'em Limit ($3/$6 USD) - 2016/08/26 16:00:04 ET
Table 'Xanthippe' 6-max Seat #3 is the button
Seat 3: tutones87 ($49.50 in chips)
Seat 4: AzureCaper ($77.76 in chips)
tutones87: posts small blind $1
AzureCaper: posts big blind $3
*** HOLE CARDS ***
tutones87: folds
Uncalled bet ($2) returned to AzureCaper
AzureCaper collected $2 from pot
AzureCaper: doesn't show hand
*** SUMMARY ***
Total pot $2 | Rake $0
Seat 3: tutones87 (button) (small blind) folded before Flop
Seat 4: AzureCaper (big blind) collected ($2)


PokerStars Hand #157775941914:  Hold'em Limit ($3/$6 USD) - 2016/08/26 16:33:11 ET
Table 'Xanthippe' 6-max Seat #3 is the button
Seat 3: Holla-eller? ($157.21 in chips)
Seat 5: Chessnok ($304.57 in chips)
Holla-eller?: posts small blind $1
Chessnok: posts big blind $3
*** HOLE CARDS ***
Holla-eller?: raises $3 to $6
Chessnok: calls $3
*** FLOP *** [3c 5c 6c]
Chessnok: bets $3
Holla-eller?: raises $3 to $6
Chessnok: calls $3
*** TURN *** [3c 5c 6c] [2d]
Chessnok: checks
Holla-eller?: bets $6
Chessnok: calls $6
*** RIVER *** [3c 5c 6c 2d] [Tc]
Chessnok: checks
Holla-eller?: bets $6
Chessnok: folds
Uncalled bet ($6) returned to Holla-eller?
Holla-eller? collected $35.50 from pot
Holla-eller?: doesn't show hand
*** SUMMARY ***
Total pot $36 | Rake $0.50
Board [3c 5c 6c 2d Tc]
Seat 3: Holla-eller? (button) (small blind) collected ($35.50)
Seat 5: Chessnok (big blind) folded on the River


PokerStars Hand #157775936740:  Hold'em Limit ($3/$6 USD) - 2016/08/26 16:33:04 ET
Table 'Xanthippe' 6-max Seat #5 is the button
Seat 3: Holla-eller? ($160.21 in chips)
Seat 5: Chessnok ($301.57 in chips)
Chessnok: posts small blind $1
KnoHow2RockU: is sitting out
Holla-eller?: posts big blind $3
*** HOLE CARDS ***
Chessnok: raises $3 to $6
KnoHow2RockU leaves the table
Holla-eller?: folds
Uncalled bet ($3) returned to Chessnok
Chessnok collected $6 from pot
Chessnok: doesn't show hand
*** SUMMARY ***
Total pot $6 | Rake $0
Seat 3: Holla-eller? (big blind) folded before Flop
Seat 5: Chessnok (button) (small blind) collected ($6)


PokerStars Hand #157775975511:  Hold'em Limit ($3/$6 USD) - 2016/08/26 16:33:57 ET
Table 'Xanthippe' 6-max Seat #5 is the button
Seat 1: manly70 ($84.20 in chips)
Seat 5: Chessnok ($279.57 in chips)
Chessnok: posts small blind $1
manly70: posts big blind $3
*** HOLE CARDS ***
Chessnok: raises $3 to $6
manly70: calls $3
*** FLOP *** [Ad 9s 3h]
manly70: checks
Chessnok: bets $3
manly70: folds
Uncalled bet ($3) returned to Chessnok
Chessnok collected $11.76 from pot
Chessnok: doesn't show hand
*** SUMMARY ***
Total pot $12 | Rake $0.24
Board [Ad 9s 3h]
Seat 1: manly70 (big blind) folded on the Flop
Seat 5: Chessnok (button) (small blind) collected ($11.76)


PokerStars Hand #157775963259:  Hold'em Limit ($3/$6 USD) - 2016/08/26 16:33:41 ET
Table 'Xanthippe' 6-max Seat #1 is the button
Seat 1: manly70 ($78.44 in chips)
Seat 5: Chessnok ($285.57 in chips)
manly70: posts small blind $1
Holla-eller?: is sitting out
Chessnok: posts big blind $3
*** HOLE CARDS ***
manly70: raises $3 to $6
Holla-eller? leaves the table
Chessnok: calls $3
*** FLOP *** [5d Tc Qs]
Chessnok: checks
manly70: checks
*** TURN *** [5d Tc Qs] [7c]
Chessnok: checks
manly70: bets $6
Chessnok: folds
Uncalled bet ($6) returned to manly70
manly70 collected $11.76 from pot
*** SUMMARY ***
Total pot $12 | Rake $0.24
Board [5d Tc Qs 7c]
Seat 1: manly70 (button) (small blind) collected ($11.76)
Seat 5: Chessnok (big blind) folded on the Turn


PokerStars Hand #157775988867:  Hold'em Limit ($3/$6 USD) - 2016/08/26 16:34:15 ET
Table 'Xanthippe' 6-max Seat #5 is the button
Seat 1: manly70 ($77.20 in chips)
Seat 5: Chessnok ($286.33 in chips)
Chessnok: posts small blind $1
manly70: posts big blind $3
*** HOLE CARDS ***
Chessnok: folds
Uncalled bet ($2) returned to manly70
manly70 collected $2 from pot
*** SUMMARY ***
Total pot $2 | Rake $0
Seat 1: manly70 (big blind) collected ($2)
Seat 5: Chessnok (button) (small blind) folded before Flop


PokerStars Hand #157776006730:  Hold'em Limit ($3/$6 USD) - 2016/08/26 16:34:40 ET
Table 'Xanthippe' 6-max Seat #1 is the button
Seat 1: manly70 ($80.96 in chips)
Seat 5: Chessnok ($282.33 in chips)
manly70: posts small blind $1
Chessnok: posts big blind $3
*** HOLE CARDS ***
manly70: raises $3 to $6
Chessnok: folds
Uncalled bet ($3) returned to manly70
manly70 collected $6 from pot
*** SUMMARY ***
Total pot $6 | Rake $0
Seat 1: manly70 (button) (small blind) collected ($6)
Seat 5: Chessnok (big blind) folded before Flop


PokerStars Hand #157776001874:  Hold'em Limit ($3/$6 USD) - 2016/08/26 16:34:33 ET
Table 'Xanthippe' 6-max Seat #5 is the button
Seat 1: manly70 ($83.96 in chips)
Seat 5: Chessnok ($279.33 in chips)
Chessnok: posts small blind $1
manly70: posts big blind $3
*** HOLE CARDS ***
Chessnok: raises $3 to $6
manly70: folds
Uncalled bet ($3) returned to Chessnok
Chessnok collected $6 from pot
Chessnok: doesn't show hand
*** SUMMARY ***
Total pot $6 | Rake $0
Seat 1: manly70 (big blind) folded before Flop
Seat 5: Chessnok (button) (small blind) collected ($6)


PokerStars Hand #157775992867:  Hold'em Limit ($3/$6 USD) - 2016/08/26 16:34:21 ET
Table 'Xanthippe' 6-max Seat #1 is the button
Seat 1: manly70 ($78.20 in chips)
Seat 5: Chessnok ($285.33 in chips)
manly70: posts small blind $1
Chessnok: posts big blind $3
*** HOLE CARDS ***
manly70: raises $3 to $6
Chessnok: calls $3
*** FLOP *** [2s 9d 8s]
Chessnok: checks
manly70: bets $3
Chessnok: folds
Uncalled bet ($3) returned to manly70
manly70 collected $11.76 from pot
*** SUMMARY ***
Total pot $12 | Rake $0.24
Board [2s 9d 8s]
Seat 1: manly70 (button) (small blind) collected ($11.76)
Seat 5: Chessnok (big blind) folded on the Flop


PokerStars Hand #157776012345:  Hold'em Limit ($3/$6 USD) - 2016/08/26 16:34:48 ET
Table 'Xanthippe' 6-max Seat #5 is the button
Seat 1: manly70 ($83.96 in chips)
Seat 5: Chessnok ($279.33 in chips)
Chessnok: posts small blind $1
manly70: posts big blind $3
*** HOLE CARDS ***
Chessnok: raises $3 to $6
manly70: calls $3
*** FLOP *** [2s Td 2h]
manly70: checks
Chessnok: bets $3
manly70: raises $3 to $6
Chessnok: calls $3
*** TURN *** [2s Td 2h] [Kh]
manly70: bets $6
Chessnok: folds
Uncalled bet ($6) returned to manly70
manly70 collected $23.52 from pot
*** SUMMARY ***
Total pot $24 | Rake $0.48
Board [2s Td 2h Kh]
Seat 1: manly70 (big blind) collected ($23.52)
Seat 5: Chessnok (button) (small blind) folded on the Turn


PokerStars Hand #157775984320:  Hold'em Limit ($3/$6 USD) - 2016/08/26 16:34:09 ET
Table 'Xanthippe' 6-max Seat #1 is the button
Seat 1: manly70 ($78.20 in chips)
Seat 5: Chessnok ($285.33 in chips)
manly70: posts small blind $1
Chessnok: posts big blind $3
*** HOLE CARDS ***
manly70: folds
Uncalled bet ($2) returned to Chessnok
Chessnok collected $2 from pot
Chessnok: doesn't show hand
*** SUMMARY ***
Total pot $2 | Rake $0
Seat 1: manly70 (button) (small blind) folded before Flop
Seat 5: Chessnok (big blind) collected ($2)


PokerStars Hand #157776025663:  Hold'em Limit ($3/$6 USD) - 2016/08/26 16:35:06 ET
Table 'Xanthippe' 6-max Seat #1 is the button
Seat 1: manly70 ($95.48 in chips)
Seat 5: Chessnok ($267.33 in chips)
manly70: posts small blind $1
Chessnok: posts big blind $3
*** HOLE CARDS ***
manly70: raises $3 to $6
Chessnok: calls $3
*** FLOP *** [4d 4c 5s]
Chessnok: checks
manly70: checks
*** TURN *** [4d 4c 5s] [8c]
Chessnok: bets $6
manly70: folds
Uncalled bet ($6) returned to Chessnok
Chessnok collected $11.76 from pot
Chessnok: doesn't show hand
*** SUMMARY ***
Total pot $12 | Rake $0.24
Board [4d 4c 5s 8c]
Seat 1: manly70 (button) (small blind) folded on the Turn
Seat 5: Chessnok (big blind) collected ($11.76)


PokerStars Hand #157776036986:  Hold'em Limit ($3/$6 USD) - 2016/08/26 16:35:22 ET
Table 'Xanthippe' 6-max Seat #5 is the button
Seat 1: manly70 ($89.48 in chips)
Seat 5: Chessnok ($273.09 in chips)
Chessnok: posts small blind $1
manly70: posts big blind $3
*** HOLE CARDS ***
Chessnok: raises $3 to $6
manly70: calls $3
*** FLOP *** [7h 2h Kh]
manly70: checks
Chessnok: bets $3
manly70: calls $3
*** TURN *** [7h 2h Kh] [Kc]
manly70: checks
Chessnok: checks
*** RIVER *** [7h 2h Kh Kc] [Jc]
manly70: checks
Chessnok: bets $6
manly70: calls $6
*** SHOW DOWN ***
Chessnok: shows [6d 9d] (a pair of Kings)
manly70: shows [7s 9s] (two pair, Kings and Sevens)
manly70 collected $29.50 from pot
*** SUMMARY ***
Total pot $30 | Rake $0.50
Board [7h 2h Kh Kc Jc]
Seat 1: manly70 (big blind) showed [7s 9s] and won ($29.50) with two pair, Kings and Sevens
Seat 5: Chessnok (button) (small blind) showed [6d 9d] and lost with a pair of Kings


PokerStars Hand #157776083800:  Hold'em Limit ($3/$6 USD) - 2016/08/26 16:36:26 ET
Table 'Xanthippe' 6-max Seat #1 is the button
Seat 1: manly70 ($73.98 in chips)
Seat 5: Chessnok ($287.35 in chips)
manly70: posts small blind $1
Chessnok: posts big blind $3
*** HOLE CARDS ***
manly70: raises $3 to $6
Chessnok: calls $3
*** FLOP *** [As Kh 4s]
Chessnok: checks
manly70: bets $3
Chessnok: folds
Uncalled bet ($3) returned to manly70
manly70 collected $11.76 from pot
*** SUMMARY ***
Total pot $12 | Rake $0.24
Board [As Kh 4s]
Seat 1: manly70 (button) (small blind) collected ($11.76)
Seat 5: Chessnok (big blind) folded on the Flop


PokerStars Hand #157776074384:  Hold'em Limit ($3/$6 USD) - 2016/08/26 16:36:14 ET
Table 'Xanthippe' 6-max Seat #5 is the button
Seat 1: manly70 ($79.98 in chips)
Seat 5: Chessnok ($281.59 in chips)
Chessnok: posts small blind $1
manly70: posts big blind $3
*** HOLE CARDS ***
Chessnok: raises $3 to $6
manly70: calls $3
*** FLOP *** [Ah 6c Jc]
Velbor107 joins the table at seat #2
manly70: checks
Chessnok: bets $3
manly70: folds
Uncalled bet ($3) returned to Chessnok
Chessnok collected $11.76 from pot
Chessnok: doesn't show hand
*** SUMMARY ***
Total pot $12 | Rake $0.24
Board [Ah 6c Jc]
Seat 1: manly70 (big blind) folded on the Flop
Seat 5: Chessnok (button) (small blind) collected ($11.76)


PokerStars Hand #157776127719:  Hold'em Limit ($3/$6 USD) - 2016/08/26 16:37:27 ET
Table 'Xanthippe' 6-max Seat #1 is the button
Seat 1: manly70 ($54.74 in chips)
Seat 5: Chessnok ($305.85 in chips)
manly70: posts small blind $1
Chessnok: posts big blind $3
*** HOLE CARDS ***
manly70: folds
Uncalled bet ($2) returned to Chessnok
Chessnok collected $2 from pot
Chessnok: doesn't show hand
*** SUMMARY ***
Total pot $2 | Rake $0
Seat 1: manly70 (button) (small blind) folded before Flop
Seat 5: Chessnok (big blind) collected ($2)


PokerStars Hand #157776115663:  Hold'em Limit ($3/$6 USD) - 2016/08/26 16:37:11 ET
Table 'Xanthippe' 6-max Seat #1 is the button
Seat 1: manly70 ($58.74 in chips)
Seat 5: Chessnok ($301.85 in chips)
manly70: posts small blind $1
Chessnok: posts big blind $3
*** HOLE CARDS ***
manly70: folds
Uncalled bet ($2) returned to Chessnok
Chessnok collected $2 from pot
Chessnok: doesn't show hand
*** SUMMARY ***
Total pot $2 | Rake $0
Seat 1: manly70 (button) (small blind) folded before Flop
Seat 5: Chessnok (big blind) collected ($2)


PokerStars Hand #157776092984:  Hold'em Limit ($3/$6 USD) - 2016/08/26 16:36:39 ET
Table 'Xanthippe' 6-max Seat #5 is the button
Seat 1: manly70 ($79.74 in chips)
Seat 5: Chessnok ($281.35 in chips)
Chessnok: posts small blind $1
manly70: posts big blind $3
*** HOLE CARDS ***
Chessnok: raises $3 to $6
manly70: calls $3
*** FLOP *** [8d 4c 8h]
manly70: checks
Chessnok: bets $3
manly70: calls $3
*** TURN *** [8d 4c 8h] [6c]
manly70: checks
Chessnok: bets $6
manly70: calls $6
*** RIVER *** [8d 4c 8h 6c] [4s]
manly70: checks
Chessnok: bets $6
manly70: calls $6
*** SHOW DOWN ***
Chessnok: shows [Ks 8c] (a full house, Eights full of Fours)
manly70: mucks hand
Chessnok collected $41.50 from pot
*** SUMMARY ***
Total pot $42 | Rake $0.50
Board [8d 4c 8h 6c 4s]
Seat 1: manly70 (big blind) mucked
Seat 5: Chessnok (button) (small blind) showed [Ks 8c] and won ($41.50) with a full house, Eights full of Fours


PokerStars Hand #157776120091:  Hold'em Limit ($3/$6 USD) - 2016/08/26 16:37:17 ET
Table 'Xanthippe' 6-max Seat #5 is the button
Seat 1: manly70 ($57.74 in chips)
Seat 5: Chessnok ($302.85 in chips)
Chessnok: posts small blind $1
manly70: posts big blind $3
*** HOLE CARDS ***
Chessnok: raises $3 to $6
manly70: folds
Uncalled bet ($3) returned to Chessnok
Chessnok collected $6 from pot
Chessnok: doesn't show hand
*** SUMMARY ***
Total pot $6 | Rake $0
Seat 1: manly70 (big blind) folded before Flop
Seat 5: Chessnok (button) (small blind) collected ($6)


PokerStars Hand #157776132084:  Hold'em Limit ($3/$6 USD) - 2016/08/26 16:37:34 ET
Table 'Xanthippe' 6-max Seat #5 is the button
Seat 1: manly70 ($53.74 in chips)
Seat 5: Chessnok ($306.85 in chips)
Chessnok: posts small blind $1
manly70: posts big blind $3
*** HOLE CARDS ***
Chessnok: raises $3 to $6
manly70: calls $3
*** FLOP *** [6c 8c Ks]
manly70: checks
Chessnok: bets $3
manly70: calls $3
*** TURN *** [6c 8c Ks] [6s]
manly70: checks
Chessnok: checks
*** RIVER *** [6c 8c Ks 6s] [4s]
manly70: bets $6
Chessnok: calls $6
*** SHOW DOWN ***
manly70: shows [3d 6d] (three of a kind, Sixes)
Chessnok: mucks hand
manly70 collected $29.50 from pot
*** SUMMARY ***
Total pot $30 | Rake $0.50
Board [6c 8c Ks 6s 4s]
Seat 1: manly70 (big blind) showed [3d 6d] and won ($29.50) with three of a kind, Sixes
Seat 5: Chessnok (button) (small blind) mucked


PokerStars Hand #157776156861:  Hold'em Limit ($3/$6 USD) - 2016/08/26 16:38:08 ET
Table 'Xanthippe' 6-max Seat #1 is the button
Seat 1: manly70 ($68.24 in chips)
Seat 5: Chessnok ($291.85 in chips)
manly70: posts small blind $1
Chessnok: posts big blind $3
*** HOLE CARDS ***
manly70: raises $3 to $6
Chessnok: calls $3
*** FLOP *** [9d Ac Ks]
Chessnok: checks
manly70: bets $3
Chessnok: calls $3
*** TURN *** [9d Ac Ks] [6c]
Chessnok: checks
manly70: checks
*** RIVER *** [9d Ac Ks 6c] [2c]
Chessnok: checks
manly70: checks
*** SHOW DOWN ***
Chessnok: shows [Qh 3d] (high card Ace)
manly70: mucks hand
Chessnok collected $17.64 from pot
*** SUMMARY ***
Total pot $18 | Rake $0.36
Board [9d Ac Ks 6c 2c]
Seat 1: manly70 (button) (small blind) mucked
Seat 5: Chessnok (big blind) showed [Qh 3d] and won ($17.64) with high card Ace


PokerStars Hand #157776178302:  Hold'em Limit ($3/$6 USD) - 2016/08/26 16:38:37 ET
Table 'Xanthippe' 6-max Seat #5 is the button
Seat 1: manly70 ($59.24 in chips)
Seat 5: Chessnok ($300.49 in chips)
Chessnok: posts small blind $1
manly70: posts big blind $3
*** HOLE CARDS ***
Chessnok: raises $3 to $6
manly70: calls $3
*** FLOP *** [Kh Ks Ac]
manly70: checks
Chessnok: bets $3
manly70: raises $3 to $6
Chessnok: folds
Uncalled bet ($3) returned to manly70
manly70 collected $17.64 from pot
*** SUMMARY ***
Total pot $18 | Rake $0.36
Board [Kh Ks Ac]
Seat 1: manly70 (big blind) collected ($17.64)
Seat 5: Chessnok (button) (small blind) folded on the Flop


PokerStars Hand #157776189869:  Hold'em Limit ($3/$6 USD) - 2016/08/26 16:38:53 ET
Table 'Xanthippe' 6-max Seat #1 is the button
Seat 1: manly70 ($67.88 in chips)
Seat 5: Chessnok ($291.49 in chips)
manly70: posts small blind $1
Chessnok: posts big blind $3
*** HOLE CARDS ***
manly70: raises $3 to $6
Chessnok: folds
Uncalled bet ($3) returned to manly70
manly70 collected $6 from pot
*** SUMMARY ***
Total pot $6 | Rake $0
Seat 1: manly70 (button) (small blind) collected ($6)
Seat 5: Chessnok (big blind) folded before Flop


PokerStars Hand #157776229499:  Hold'em Limit ($3/$6 USD) - 2016/08/26 16:39:48 ET
Table 'Xanthippe' 6-max Seat #1 is the button
Seat 1: manly70 ($78.40 in chips)
Seat 5: Chessnok ($280.49 in chips)
manly70: posts small blind $1
Chessnok: posts big blind $3
*** HOLE CARDS ***
manly70: folds
Uncalled bet ($2) returned to Chessnok
Chessnok collected $2 from pot
Chessnok: doesn't show hand
*** SUMMARY ***
Total pot $2 | Rake $0
Seat 1: manly70 (button) (small blind) folded before Flop
Seat 5: Chessnok (big blind) collected ($2)


PokerStars Hand #157776218203:  Hold'em Limit ($3/$6 USD) - 2016/08/26 16:39:32 ET
Table 'Xanthippe' 6-max Seat #1 is the button
Seat 1: manly70 ($82.40 in chips)
Seat 5: Chessnok ($276.49 in chips)
manly70: posts small blind $1
Chessnok: posts big blind $3
*** HOLE CARDS ***
manly70: folds
Uncalled bet ($2) returned to Chessnok
Chessnok collected $2 from pot
Chessnok: doesn't show hand
*** SUMMARY ***
Total pot $2 | Rake $0
Seat 1: manly70 (button) (small blind) folded before Flop
Seat 5: Chessnok (big blind) collected ($2)


PokerStars Hand #157776198274:  Hold'em Limit ($3/$6 USD) - 2016/08/26 16:39:05 ET
Table 'Xanthippe' 6-max Seat #5 is the button
Seat 1: manly70 ($70.88 in chips)
Seat 5: Chessnok ($288.49 in chips)
Chessnok: posts small blind $1
manly70: posts big blind $3
*** HOLE CARDS ***
Chessnok: raises $3 to $6
manly70: calls $3
*** FLOP *** [Kd Ac 8d]
manly70: checks
Chessnok: checks
*** TURN *** [Kd Ac 8d] [3c]
manly70: bets $6
Chessnok: calls $6
*** RIVER *** [Kd Ac 8d 3c] [Tc]
manly70: bets $6
Chessnok: folds
Uncalled bet ($6) returned to manly70
manly70 collected $23.52 from pot
*** SUMMARY ***
Total pot $24 | Rake $0.48
Board [Kd Ac 8d 3c Tc]
Seat 1: manly70 (big blind) collected ($23.52)
Seat 5: Chessnok (button) (small blind) folded on the River


PokerStars Hand #157776233917:  Hold'em Limit ($3/$6 USD) - 2016/08/26 16:39:54 ET
Table 'Xanthippe' 6-max Seat #5 is the button
Seat 1: manly70 ($77.40 in chips)
Seat 5: Chessnok ($281.49 in chips)
Chessnok: posts small blind $1
manly70: posts big blind $3
*** HOLE CARDS ***
Chessnok: folds
Uncalled bet ($2) returned to manly70
manly70 collected $2 from pot
*** SUMMARY ***
Total pot $2 | Rake $0
Seat 1: manly70 (big blind) collected ($2)
Seat 5: Chessnok (button) (small blind) folded before Flop


PokerStars Hand #157776222438:  Hold'em Limit ($3/$6 USD) - 2016/08/26 16:39:38 ET
Table 'Xanthippe' 6-max Seat #5 is the button
Seat 1: manly70 ($81.40 in chips)
Seat 5: Chessnok ($277.49 in chips)
Chessnok: posts small blind $1
manly70: posts big blind $3
*** HOLE CARDS ***
Chessnok: raises $3 to $6
manly70: folds
Uncalled bet ($3) returned to Chessnok
Chessnok collected $6 from pot
Chessnok: doesn't show hand
*** SUMMARY ***
Total pot $6 | Rake $0
Seat 1: manly70 (big blind) folded before Flop
Seat 5: Chessnok (button) (small blind) collected ($6)


PokerStars Hand #157776251756:  Hold'em Limit ($3/$6 USD) - 2016/08/26 16:40:18 ET
Table 'Xanthippe' 6-max Seat #5 is the button
Seat 1: manly70 ($81.40 in chips)
Seat 5: Chessnok ($277.49 in chips)
Chessnok: posts small blind $1
manly70: posts big blind $3
*** HOLE CARDS ***
Chessnok: folds
Uncalled bet ($2) returned to manly70
manly70 collected $2 from pot
*** SUMMARY ***
Total pot $2 | Rake $0
Seat 1: manly70 (big blind) collected ($2)
Seat 5: Chessnok (button) (small blind) folded before Flop


PokerStars Hand #157776270500:  Hold'em Limit ($3/$6 USD) - 2016/08/26 16:40:44 ET
Table 'Xanthippe' 6-max Seat #5 is the button
Seat 1: manly70 ($85.40 in chips)
Seat 5: Chessnok ($273.49 in chips)
Chessnok: posts small blind $1
manly70: posts big blind $3
*** HOLE CARDS ***
Chessnok: raises $3 to $6
manly70: folds
Uncalled bet ($3) returned to Chessnok
Chessnok collected $6 from pot
Chessnok: doesn't show hand
*** SUMMARY ***
Total pot $6 | Rake $0
Seat 1: manly70 (big blind) folded before Flop
Seat 5: Chessnok (button) (small blind) collected ($6)


PokerStars Hand #157776264787:  Hold'em Limit ($3/$6 USD) - 2016/08/26 16:40:37 ET
Table 'Xanthippe' 6-max Seat #1 is the button
Seat 1: manly70 ($82.40 in chips)
Seat 5: Chessnok ($276.49 in chips)
manly70: posts small blind $1
Chessnok: posts big blind $3
*** HOLE CARDS ***
manly70: raises $3 to $6
Chessnok: folds
Uncalled bet ($3) returned to manly70
manly70 collected $6 from pot
*** SUMMARY ***
Total pot $6 | Rake $0
Seat 1: manly70 (button) (small blind) collected ($6)
Seat 5: Chessnok (big blind) folded before Flop


PokerStars Hand #157776261422:  Hold'em Limit ($3/$6 USD) - 2016/08/26 16:40:32 ET
Table 'Xanthippe' 6-max Seat #5 is the button
Seat 1: manly70 ($81.40 in chips)
Seat 5: Chessnok ($277.49 in chips)
Chessnok: posts small blind $1
manly70: posts big blind $3
*** HOLE CARDS ***
Chessnok: folds
Uncalled bet ($2) returned to manly70
manly70 collected $2 from pot
*** SUMMARY ***
Total pot $2 | Rake $0
Seat 1: manly70 (big blind) collected ($2)
Seat 5: Chessnok (button) (small blind) folded before Flop


PokerStars Hand #157776257172:  Hold'em Limit ($3/$6 USD) - 2016/08/26 16:40:26 ET
Table 'Xanthippe' 6-max Seat #1 is the button
Seat 1: manly70 ($82.40 in chips)
Seat 5: Chessnok ($276.49 in chips)
manly70: posts small blind $1
Chessnok: posts big blind $3
*** HOLE CARDS ***
manly70: folds
Uncalled bet ($2) returned to Chessnok
Chessnok collected $2 from pot
Chessnok: doesn't show hand
*** SUMMARY ***
Total pot $2 | Rake $0
Seat 1: manly70 (button) (small blind) folded before Flop
Seat 5: Chessnok (big blind) collected ($2)


PokerStars Hand #157776240391:  Hold'em Limit ($3/$6 USD) - 2016/08/26 16:40:03 ET
Table 'Xanthippe' 6-max Seat #1 is the button
Seat 1: manly70 ($78.40 in chips)
Seat 5: Chessnok ($280.49 in chips)
manly70: posts small blind $1
Chessnok: posts big blind $3
*** HOLE CARDS ***
manly70: raises $3 to $6
Chessnok: folds
Uncalled bet ($3) returned to manly70
manly70 collected $6 from pot
*** SUMMARY ***
Total pot $6 | Rake $0
Seat 1: manly70 (button) (small blind) collected ($6)
Seat 5: Chessnok (big blind) folded before Flop


PokerStars Hand #157776275514:  Hold'em Limit ($3/$6 USD) - 2016/08/26 16:40:51 ET
Table 'Xanthippe' 6-max Seat #1 is the button
Seat 1: manly70 ($82.40 in chips)
Seat 5: Chessnok ($276.49 in chips)
manly70: posts small blind $1
Chessnok: posts big blind $3
*** HOLE CARDS ***
manly70: raises $3 to $6
Chessnok: folds
Uncalled bet ($3) returned to manly70
manly70 collected $6 from pot
*** SUMMARY ***
Total pot $6 | Rake $0
Seat 1: manly70 (button) (small blind) collected ($6)
Seat 5: Chessnok (big blind) folded before Flop


PokerStars Hand #157776314586:  Hold'em Limit ($3/$6 USD) - 2016/08/26 16:41:45 ET
Table 'Xanthippe' 6-max Seat #1 is the button
Seat 1: manly70 ($64.40 in chips)
Seat 5: Chessnok ($293.99 in chips)
manly70: posts small blind $1
Chessnok: posts big blind $3
*** HOLE CARDS ***
manly70: raises $3 to $6
Chessnok: calls $3
*** FLOP *** [Ts 3h 5s]
Chessnok: checks
juuman was removed from the table for failing to post
manly70: bets $3
Chessnok: calls $3
*** TURN *** [Ts 3h 5s] [3s]
Chessnok: checks
manly70: bets $6
Chessnok: calls $6
*** RIVER *** [Ts 3h 5s 3s] [7h]
Chessnok: checks
manly70: checks
*** SHOW DOWN ***
Chessnok: shows [Kh 9d] (a pair of Threes)
manly70: shows [Ks Qh] (a pair of Threes - King+Queen kicker)
manly70 collected $29.50 from pot
*** SUMMARY ***
Total pot $30 | Rake $0.50
Board [Ts 3h 5s 3s 7h]
Seat 1: manly70 (button) (small blind) showed [Ks Qh] and won ($29.50) with a pair of Threes
Seat 5: Chessnok (big blind) showed [Kh 9d] and lost with a pair of Threes


PokerStars Hand #157776283931:  Hold'em Limit ($3/$6 USD) - 2016/08/26 16:41:03 ET
Table 'Xanthippe' 6-max Seat #5 is the button
Seat 1: manly70 ($85.40 in chips)
Seat 5: Chessnok ($273.49 in chips)
Chessnok: posts small blind $1
manly70: posts big blind $3
*** HOLE CARDS ***
Chessnok: raises $3 to $6
manly70: calls $3
*** FLOP *** [Ac 2c Qh]
manly70: checks
Chessnok: bets $3
manly70: calls $3
*** TURN *** [Ac 2c Qh] [5h]
manly70: checks
Chessnok: bets $6
manly70: calls $6
*** RIVER *** [Ac 2c Qh 5h] [7s]
manly70: checks
Chessnok: bets $6
manly70: calls $6
*** SHOW DOWN ***
Chessnok: shows [Ad Ah] (three of a kind, Aces)
manly70: mucks hand
Chessnok collected $41.50 from pot
*** SUMMARY ***
Total pot $42 | Rake $0.50
Board [Ac 2c Qh 5h 7s]
Seat 1: manly70 (big blind) mucked
Seat 5: Chessnok (button) (small blind) showed [Ad Ah] and won ($41.50) with three of a kind, Aces


PokerStars Hand #157776333264:  Hold'em Limit ($3/$6 USD) - 2016/08/26 16:42:10 ET
Table 'Xanthippe' 6-max Seat #5 is the button
Seat 1: manly70 ($78.90 in chips)
Seat 5: Chessnok ($278.99 in chips)
Chessnok: posts small blind $1
manly70: posts big blind $3
*** HOLE CARDS ***
Chessnok: raises $3 to $6
manly70: calls $3
*** FLOP *** [Qh 6d 2s]
manly70: checks
Chessnok: checks
*** TURN *** [Qh 6d 2s] [Ah]
manly70: bets $6
Chessnok: folds
Uncalled bet ($6) returned to manly70
manly70 collected $11.76 from pot
*** SUMMARY ***
Total pot $12 | Rake $0.24
Board [Qh 6d 2s Ah]
Seat 1: manly70 (big blind) collected ($11.76)
Seat 5: Chessnok (button) (small blind) folded on the Turn


PokerStars Hand #157776352375:  Hold'em Limit ($3/$6 USD) - 2016/08/26 16:42:37 ET
Table 'Xanthippe' 6-max Seat #5 is the button
Seat 1: manly70 ($83.66 in chips)
Seat 5: Chessnok ($273.99 in chips)
Chessnok: posts small blind $1
manly70: posts big blind $3
*** HOLE CARDS ***
Chessnok: folds
Uncalled bet ($2) returned to manly70
manly70 collected $2 from pot
*** SUMMARY ***
Total pot $2 | Rake $0
Seat 1: manly70 (big blind) collected ($2)
Seat 5: Chessnok (button) (small blind) folded before Flop


PokerStars Hand #157776346679:  Hold'em Limit ($3/$6 USD) - 2016/08/26 16:42:29 ET
Table 'Xanthippe' 6-max Seat #1 is the button
Seat 1: manly70 ($84.66 in chips)
Seat 5: Chessnok ($272.99 in chips)
manly70: posts small blind $1
Chessnok: posts big blind $3
*** HOLE CARDS ***
manly70: folds
Uncalled bet ($2) returned to Chessnok
Chessnok collected $2 from pot
Chessnok: doesn't show hand
*** SUMMARY ***
Total pot $2 | Rake $0
Seat 1: manly70 (button) (small blind) folded before Flop
Seat 5: Chessnok (big blind) collected ($2)


