PokerStars Hand #144854200280:  Hold'em Limit ($3/$6 USD) - 2015/12/05 7:58:03 ET
Table 'Xanthe II' 6-max Seat #1 is the button
Seat 1: VolkovDmitri ($120 in chips)
Seat 5: chrispy12345 ($77.58 in chips)
VolkovDmitri: posts small blind $1
chrispy12345: posts big blind $3
*** HOLE CARDS ***
VolkovDmitri: raises $3 to $6
chrispy12345: folds
Uncalled bet ($3) returned to VolkovDmitri
VolkovDmitri collected $6 from pot
VolkovDmitri: doesn't show hand
*** SUMMARY ***
Total pot $6 | Rake $0
Seat 1: VolkovDmitri (button) (small blind) collected ($6)
Seat 5: chrispy12345 (big blind) folded before Flop


PokerStars Hand #144854187521:  Hold'em Limit ($3/$6 USD) - 2015/12/05 7:57:38 ET
Table 'Xanthe II' 6-max Seat #5 is the button
Seat 1: VolkovDmitri ($123 in chips)
Seat 5: chrispy12345 ($48.08 in chips)
chrispy12345: posts small blind $1
VolkovDmitri: posts big blind $3
*** HOLE CARDS ***
chrispy12345: raises $3 to $6
VolkovDmitri: calls $3
*** FLOP *** [Qd Qc 6h]
VolkovDmitri: checks
chrispy12345: checks
*** TURN *** [Qd Qc 6h] [Ac]
VolkovDmitri: bets $6
chrispy12345: raises $6 to $12
VolkovDmitri: calls $6
*** RIVER *** [Qd Qc 6h Ac] [6c]
VolkovDmitri: bets $6
chrispy12345: raises $6 to $12
VolkovDmitri: calls $6
*** SHOW DOWN ***
chrispy12345: shows [8s Qh] (a full house, Queens full of Sixes)
VolkovDmitri: mucks hand
chrispy12345 collected $59.50 from pot
*** SUMMARY ***
Total pot $60 | Rake $0.50
Board [Qd Qc 6h Ac 6c]
Seat 1: VolkovDmitri (big blind) mucked
Seat 5: chrispy12345 (button) (small blind) showed [8s Qh] and won ($59.50) with a full house, Queens full of Sixes


PokerStars Hand #144854203288:  Hold'em Limit ($3/$6 USD) - 2015/12/05 7:58:09 ET
Table 'Xanthe II' 6-max Seat #5 is the button
Seat 1: VolkovDmitri ($123 in chips)
Seat 5: chrispy12345 ($74.58 in chips)
chrispy12345: posts small blind $1
VolkovDmitri: posts big blind $3
*** HOLE CARDS ***
chrispy12345: folds
Uncalled bet ($2) returned to VolkovDmitri
VolkovDmitri collected $2 from pot
VolkovDmitri: doesn't show hand
*** SUMMARY ***
Total pot $2 | Rake $0
Seat 1: VolkovDmitri (big blind) collected ($2)
Seat 5: chrispy12345 (button) (small blind) folded before Flop


PokerStars Hand #144854206147:  Hold'em Limit ($3/$6 USD) - 2015/12/05 7:58:15 ET
Table 'Xanthe II' 6-max Seat #1 is the button
Seat 1: VolkovDmitri ($124 in chips)
Seat 5: chrispy12345 ($73.58 in chips)
VolkovDmitri: posts small blind $1
chrispy12345: posts big blind $3
*** HOLE CARDS ***
VolkovDmitri: raises $3 to $6
chrispy12345: calls $3
*** FLOP *** [2c Jh Jd]
chrispy12345: checks
VolkovDmitri: bets $3
chrispy12345: folds
Uncalled bet ($3) returned to VolkovDmitri
VolkovDmitri collected $11.76 from pot
VolkovDmitri: doesn't show hand
*** SUMMARY ***
Total pot $12 | Rake $0.24
Board [2c Jh Jd]
Seat 1: VolkovDmitri (button) (small blind) collected ($11.76)
Seat 5: chrispy12345 (big blind) folded on the Flop


PokerStars Hand #144854212249:  Hold'em Limit ($3/$6 USD) - 2015/12/05 7:58:26 ET
Table 'Xanthe II' 6-max Seat #5 is the button
Seat 1: VolkovDmitri ($129.76 in chips)
Seat 5: chrispy12345 ($67.58 in chips)
chrispy12345: posts small blind $1
VolkovDmitri: posts big blind $3
*** HOLE CARDS ***
chrispy12345: raises $3 to $6
VolkovDmitri: raises $3 to $9
chrispy12345: calls $3
*** FLOP *** [As 2h Th]
VolkovDmitri: bets $3
chrispy12345: calls $3
*** TURN *** [As 2h Th] [3s]
VolkovDmitri: bets $6
chrispy12345: calls $6
*** RIVER *** [As 2h Th 3s] [Ts]
VolkovDmitri: checks
chrispy12345: checks
*** SHOW DOWN ***
VolkovDmitri: shows [8h Ac] (two pair, Aces and Tens)
chrispy12345: mucks hand
VolkovDmitri collected $35.50 from pot
*** SUMMARY ***
Total pot $36 | Rake $0.50
Board [As 2h Th 3s Ts]
Seat 1: VolkovDmitri (big blind) showed [8h Ac] and won ($35.50) with two pair, Aces and Tens
Seat 5: chrispy12345 (button) (small blind) mucked


PokerStars Hand #144854222958:  Hold'em Limit ($3/$6 USD) - 2015/12/05 7:58:48 ET
Table 'Xanthe II' 6-max Seat #1 is the button
Seat 1: VolkovDmitri ($147.26 in chips)
Seat 5: chrispy12345 ($49.58 in chips)
VolkovDmitri: posts small blind $1
chrispy12345: posts big blind $3
*** HOLE CARDS ***
VolkovDmitri: folds
Uncalled bet ($2) returned to chrispy12345
chrispy12345 collected $2 from pot
chrispy12345: doesn't show hand
*** SUMMARY ***
Total pot $2 | Rake $0
Seat 1: VolkovDmitri (button) (small blind) folded before Flop
Seat 5: chrispy12345 (big blind) collected ($2)


PokerStars Hand #144854226367:  Hold'em Limit ($3/$6 USD) - 2015/12/05 7:58:55 ET
Table 'Xanthe II' 6-max Seat #5 is the button
Seat 1: VolkovDmitri ($146.26 in chips)
Seat 5: chrispy12345 ($50.58 in chips)
chrispy12345: posts small blind $1
VolkovDmitri: posts big blind $3
*** HOLE CARDS ***
chrispy12345: raises $3 to $6
VolkovDmitri: calls $3
*** FLOP *** [5s 7c 2s]
VolkovDmitri: checks
julenchu joins the table at seat #3
chrispy12345: bets $3
VolkovDmitri: calls $3
*** TURN *** [5s 7c 2s] [5c]
Lauriston72 joins the table at seat #4
VolkovDmitri: checks
chrispy12345: checks
*** RIVER *** [5s 7c 2s 5c] [3s]
VolkovDmitri: bets $6
chrispy12345: calls $6
*** SHOW DOWN ***
VolkovDmitri: shows [4c Ad] (a straight, Ace to Five)
chrispy12345: mucks hand
VolkovDmitri collected $29.50 from pot
*** SUMMARY ***
Total pot $30 | Rake $0.50
Board [5s 7c 2s 5c 3s]
Seat 1: VolkovDmitri (big blind) showed [4c Ad] and won ($29.50) with a straight, Ace to Five
Seat 5: chrispy12345 (button) (small blind) mucked


PokerStars Hand #144855076062:  Hold'em Limit ($3/$6 USD) - 2015/12/05 8:22:33 ET
Table 'Xanthe II' 6-max Seat #4 is the button
Seat 3: julenchu ($52.72 in chips)
Seat 4: Airbag999 ($166.48 in chips)
Airbag999: posts small blind $1
schnizm: is sitting out
stronghawk: is sitting out
julenchu: posts big blind $3
*** HOLE CARDS ***
Airbag999: raises $3 to $6
schnizm leaves the table
julenchu: calls $3
*** FLOP *** [9s 2c Qd]
julenchu: checks
stronghawk leaves the table
Airbag999: bets $3
julenchu: folds
Uncalled bet ($3) returned to Airbag999
Airbag999 collected $11.76 from pot
Airbag999: doesn't show hand
*** SUMMARY ***
Total pot $12 | Rake $0.24
Board [9s 2c Qd]
Seat 3: julenchu (big blind) folded on the Flop
Seat 4: Airbag999 (button) (small blind) collected ($11.76)


