PokerStars Hand #173171090702:  Hold'em Limit ($3/$6 USD) - 2017/07/17 18:25:56 ET
Table 'Xanthippe' 6-max Seat #6 is the button
Seat 3: simper11 ($120 in chips)
Seat 6: terrapevt73 ($120 in chips)
terrapevt73: posts small blind $1
simper11: posts big blind $3
*** HOLE CARDS ***
terrapevt73: raises $3 to $6
simper11: calls $3
*** FLOP *** [6c 5d Jc]
simper11: checks
terrapevt73: bets $3
simper11: calls $3
*** TURN *** [6c 5d Jc] [Qd]
simper11: checks
terrapevt73: bets $6
simper11: folds
Uncalled bet ($6) returned to terrapevt73
terrapevt73 collected $17.64 from pot
*** SUMMARY ***
Total pot $18 | Rake $0.36
Board [6c 5d Jc Qd]
Seat 3: simper11 (big blind) folded on the Turn
Seat 6: terrapevt73 (button) (small blind) collected ($17.64)


PokerStars Hand #173171123693:  Hold'em Limit ($3/$6 USD) - 2017/07/17 18:26:43 ET
Table 'Xanthippe' 6-max Seat #6 is the button
Seat 3: simper11 ($107 in chips)
Seat 6: terrapevt73 ($132.40 in chips)
terrapevt73: posts small blind $1
simper11: posts big blind $3
*** HOLE CARDS ***
terrapevt73: raises $3 to $6
simper11: calls $3
*** FLOP *** [8s 7h Qh]
simper11: checks
terrapevt73: bets $3
simper11: calls $3
*** TURN *** [8s 7h Qh] [6d]
simper11: checks
terrapevt73: bets $6
simper11: folds
Uncalled bet ($6) returned to terrapevt73
terrapevt73 collected $17.64 from pot
*** SUMMARY ***
Total pot $18 | Rake $0.36
Board [8s 7h Qh 6d]
Seat 3: simper11 (big blind) folded on the Turn
Seat 6: terrapevt73 (button) (small blind) collected ($17.64)


PokerStars Hand #173171116710:  Hold'em Limit ($3/$6 USD) - 2017/07/17 18:26:34 ET
Table 'Xanthippe' 6-max Seat #3 is the button
Seat 3: simper11 ($104 in chips)
Seat 6: terrapevt73 ($135.40 in chips)
simper11: posts small blind $1
terrapevt73: posts big blind $3
*** HOLE CARDS ***
simper11: raises $3 to $6
terrapevt73: folds
Uncalled bet ($3) returned to simper11
simper11 collected $6 from pot
simper11: doesn't show hand
*** SUMMARY ***
Total pot $6 | Rake $0
Seat 3: simper11 (button) (small blind) collected ($6)
Seat 6: terrapevt73 (big blind) folded before Flop


PokerStars Hand #173171106188:  Hold'em Limit ($3/$6 USD) - 2017/07/17 18:26:19 ET
Table 'Xanthippe' 6-max Seat #6 is the button
Seat 3: simper11 ($110 in chips)
Seat 6: terrapevt73 ($129.64 in chips)
terrapevt73: posts small blind $1
simper11: posts big blind $3
*** HOLE CARDS ***
terrapevt73: raises $3 to $6
simper11: calls $3
*** FLOP *** [As Th Ks]
simper11: checks
terrapevt73: bets $3
simper11: folds
Uncalled bet ($3) returned to terrapevt73
terrapevt73 collected $11.76 from pot
*** SUMMARY ***
Total pot $12 | Rake $0.24
Board [As Th Ks]
Seat 3: simper11 (big blind) folded on the Flop
Seat 6: terrapevt73 (button) (small blind) collected ($11.76)


PokerStars Hand #173171102769:  Hold'em Limit ($3/$6 USD) - 2017/07/17 18:26:14 ET
Table 'Xanthippe' 6-max Seat #3 is the button
Seat 3: simper11 ($111 in chips)
Seat 6: terrapevt73 ($128.64 in chips)
simper11: posts small blind $1
terrapevt73: posts big blind $3
*** HOLE CARDS ***
simper11: folds
Uncalled bet ($2) returned to terrapevt73
terrapevt73 collected $2 from pot
*** SUMMARY ***
Total pot $2 | Rake $0
Seat 3: simper11 (button) (small blind) folded before Flop
Seat 6: terrapevt73 (big blind) collected ($2)


PokerStars Hand #173171162591:  Hold'em Limit ($3/$6 USD) - 2017/07/17 18:27:39 ET
Table 'Xanthippe' 6-max Seat #6 is the button
Seat 3: simper11 ($89 in chips)
Seat 6: terrapevt73 ($149.68 in chips)
terrapevt73: posts small blind $1
simper11: posts big blind $3
*** HOLE CARDS ***
terrapevt73: raises $3 to $6
simper11: calls $3
*** FLOP *** [3c 4h 6s]
simper11: checks
terrapevt73: checks
*** TURN *** [3c 4h 6s] [8h]
simper11: bets $6
terrapevt73: folds
Uncalled bet ($6) returned to simper11
simper11 collected $11.76 from pot
simper11: doesn't show hand
*** SUMMARY ***
Total pot $12 | Rake $0.24
Board [3c 4h 6s 8h]
Seat 3: simper11 (big blind) collected ($11.76)
Seat 6: terrapevt73 (button) (small blind) folded on the Turn


PokerStars Hand #173171156689:  Hold'em Limit ($3/$6 USD) - 2017/07/17 18:27:31 ET
Table 'Xanthippe' 6-max Seat #3 is the button
Seat 3: simper11 ($90 in chips)
Seat 6: terrapevt73 ($148.68 in chips)
simper11: posts small blind $1
terrapevt73: posts big blind $3
*** HOLE CARDS ***
simper11: folds
Uncalled bet ($2) returned to terrapevt73
terrapevt73 collected $2 from pot
*** SUMMARY ***
Total pot $2 | Rake $0
Seat 3: simper11 (button) (small blind) folded before Flop
Seat 6: terrapevt73 (big blind) collected ($2)


PokerStars Hand #173171153421:  Hold'em Limit ($3/$6 USD) - 2017/07/17 18:27:26 ET
Table 'Xanthippe' 6-max Seat #6 is the button
Seat 3: simper11 ($89 in chips)
Seat 6: terrapevt73 ($149.68 in chips)
terrapevt73: posts small blind $1
simper11: posts big blind $3
*** HOLE CARDS ***
terrapevt73: folds
Uncalled bet ($2) returned to simper11
simper11 collected $2 from pot
simper11: doesn't show hand
*** SUMMARY ***
Total pot $2 | Rake $0
Seat 3: simper11 (big blind) collected ($2)
Seat 6: terrapevt73 (button) (small blind) folded before Flop


PokerStars Hand #173171134929:  Hold'em Limit ($3/$6 USD) - 2017/07/17 18:26:59 ET
Table 'Xanthippe' 6-max Seat #3 is the button
Seat 3: simper11 ($98 in chips)
Seat 6: terrapevt73 ($141.04 in chips)
simper11: posts small blind $1
terrapevt73: posts big blind $3
*** HOLE CARDS ***
simper11: raises $3 to $6
terrapevt73: calls $3
*** FLOP *** [8h 8c Qc]
terrapevt73: checks
simper11: bets $3
terrapevt73: calls $3
*** TURN *** [8h 8c Qc] [2c]
terrapevt73: checks
simper11: checks
*** RIVER *** [8h 8c Qc 2c] [6s]
terrapevt73: bets $6
simper11: folds
Uncalled bet ($6) returned to terrapevt73
terrapevt73 collected $17.64 from pot
*** SUMMARY ***
Total pot $18 | Rake $0.36
Board [8h 8c Qc 2c 6s]
Seat 3: simper11 (button) (small blind) folded on the River
Seat 6: terrapevt73 (big blind) collected ($17.64)


PokerStars Hand #173171205185:  Hold'em Limit ($3/$6 USD) - 2017/07/17 18:28:40 ET
Table 'Xanthippe' 6-max Seat #3 is the button
Seat 3: simper11 ($70.76 in chips)
Seat 6: terrapevt73 ($166.94 in chips)
simper11: posts small blind $1
terrapevt73: posts big blind $3
*** HOLE CARDS ***
simper11: raises $3 to $6
terrapevt73: calls $3
*** FLOP *** [Kc 4c 7d]
terrapevt73: checks
simper11: bets $3
terrapevt73: calls $3
*** TURN *** [Kc 4c 7d] [Ts]
terrapevt73: checks
simper11: bets $6
terrapevt73: calls $6
*** RIVER *** [Kc 4c 7d Ts] [3d]
terrapevt73: checks
simper11: bets $6
terrapevt73: calls $6
*** SHOW DOWN ***
simper11: shows [Qs Js] (high card King)
terrapevt73: shows [2s 2h] (a pair of Deuces)
terrapevt73 collected $41.50 from pot
*** SUMMARY ***
Total pot $42 | Rake $0.50
Board [Kc 4c 7d Ts 3d]
Seat 3: simper11 (button) (small blind) showed [Qs Js] and lost with high card King
Seat 6: terrapevt73 (big blind) showed [2s 2h] and won ($41.50) with a pair of Deuces


PokerStars Hand #173171197840:  Hold'em Limit ($3/$6 USD) - 2017/07/17 18:28:30 ET
Table 'Xanthippe' 6-max Seat #6 is the button
Seat 3: simper11 ($76.76 in chips)
Seat 6: terrapevt73 ($161.18 in chips)
terrapevt73: posts small blind $1
simper11: posts big blind $3
*** HOLE CARDS ***
terrapevt73: raises $3 to $6
simper11: calls $3
*** FLOP *** [Kd 7h Ad]
simper11: checks
terrapevt73: bets $3
simper11: folds
Uncalled bet ($3) returned to terrapevt73
terrapevt73 collected $11.76 from pot
*** SUMMARY ***
Total pot $12 | Rake $0.24
Board [Kd 7h Ad]
Seat 3: simper11 (big blind) folded on the Flop
Seat 6: terrapevt73 (button) (small blind) collected ($11.76)


PokerStars Hand #173171179784:  Hold'em Limit ($3/$6 USD) - 2017/07/17 18:28:04 ET
Table 'Xanthippe' 6-max Seat #3 is the button
Seat 3: simper11 ($94.76 in chips)
Seat 6: terrapevt73 ($143.68 in chips)
simper11: posts small blind $1
terrapevt73: posts big blind $3
*** HOLE CARDS ***
simper11: raises $3 to $6
terrapevt73: calls $3
*** FLOP *** [5c 6h 9d]
terrapevt73: checks
simper11: checks
*** TURN *** [5c 6h 9d] [Ac]
terrapevt73: checks
simper11: bets $6
terrapevt73: calls $6
*** RIVER *** [5c 6h 9d Ac] [9c]
terrapevt73: checks
simper11: bets $6
terrapevt73: calls $6
*** SHOW DOWN ***
simper11: shows [3d 6d] (two pair, Nines and Sixes)
terrapevt73: shows [7c Ad] (two pair, Aces and Nines)
terrapevt73 collected $35.50 from pot
*** SUMMARY ***
Total pot $36 | Rake $0.50
Board [5c 6h 9d Ac 9c]
Seat 3: simper11 (button) (small blind) showed [3d 6d] and lost with two pair, Nines and Sixes
Seat 6: terrapevt73 (big blind) showed [7c Ad] and won ($35.50) with two pair, Aces and Nines


PokerStars Hand #173171252926:  Hold'em Limit ($3/$6 USD) - 2017/07/17 18:29:49 ET
Table 'Xanthippe' 6-max Seat #6 is the button
Seat 3: simper11 ($66.26 in chips)
Seat 6: terrapevt73 ($170.44 in chips)
terrapevt73: posts small blind $1
simper11: posts big blind $3
*** HOLE CARDS ***
terrapevt73: raises $3 to $6
simper11: calls $3
*** FLOP *** [4h 9s Th]
simper11: checks
terrapevt73: bets $3
simper11: calls $3
*** TURN *** [4h 9s Th] [4s]
simper11: checks
terrapevt73: bets $6
simper11: calls $6
*** RIVER *** [4h 9s Th 4s] [3d]
simper11: checks
terrapevt73: bets $6
simper11: calls $6
*** SHOW DOWN ***
terrapevt73: shows [Tc 6h] (two pair, Tens and Fours)
simper11: mucks hand
terrapevt73 collected $41.50 from pot
*** SUMMARY ***
Total pot $42 | Rake $0.50
Board [4h 9s Th 4s 3d]
Seat 3: simper11 (big blind) mucked
Seat 6: terrapevt73 (button) (small blind) showed [Tc 6h] and won ($41.50) with two pair, Tens and Fours


PokerStars Hand #173171248835:  Hold'em Limit ($3/$6 USD) - 2017/07/17 18:29:44 ET
Table 'Xanthippe' 6-max Seat #3 is the button
Seat 3: simper11 ($67.26 in chips)
Seat 6: terrapevt73 ($169.44 in chips)
simper11: posts small blind $1
terrapevt73: posts big blind $3
*** HOLE CARDS ***
simper11: folds
Uncalled bet ($2) returned to terrapevt73
terrapevt73 collected $2 from pot
*** SUMMARY ***
Total pot $2 | Rake $0
Seat 3: simper11 (button) (small blind) folded before Flop
Seat 6: terrapevt73 (big blind) collected ($2)


PokerStars Hand #173171243007:  Hold'em Limit ($3/$6 USD) - 2017/07/17 18:29:35 ET
Table 'Xanthippe' 6-max Seat #6 is the button
Seat 3: simper11 ($70.26 in chips)
Seat 6: terrapevt73 ($166.44 in chips)
terrapevt73: posts small blind $1
simper11: posts big blind $3
*** HOLE CARDS ***
terrapevt73: raises $3 to $6
simper11: folds
Uncalled bet ($3) returned to terrapevt73
terrapevt73 collected $6 from pot
*** SUMMARY ***
Total pot $6 | Rake $0
Seat 3: simper11 (big blind) folded before Flop
Seat 6: terrapevt73 (button) (small blind) collected ($6)


PokerStars Hand #173171239432:  Hold'em Limit ($3/$6 USD) - 2017/07/17 18:29:30 ET
Table 'Xanthippe' 6-max Seat #3 is the button
Seat 3: simper11 ($67.26 in chips)
Seat 6: terrapevt73 ($169.44 in chips)
simper11: posts small blind $1
terrapevt73: posts big blind $3
*** HOLE CARDS ***
simper11: raises $3 to $6
terrapevt73: folds
Uncalled bet ($3) returned to simper11
simper11 collected $6 from pot
simper11: doesn't show hand
*** SUMMARY ***
Total pot $6 | Rake $0
Seat 3: simper11 (button) (small blind) collected ($6)
Seat 6: terrapevt73 (big blind) folded before Flop


PokerStars Hand #173171225129:  Hold'em Limit ($3/$6 USD) - 2017/07/17 18:29:09 ET
Table 'Xanthippe' 6-max Seat #6 is the button
Seat 3: simper11 ($49.76 in chips)
Seat 6: terrapevt73 ($187.44 in chips)
terrapevt73: posts small blind $1
simper11: posts big blind $3
*** HOLE CARDS ***
terrapevt73: raises $3 to $6
simper11: raises $3 to $9
terrapevt73: calls $3
*** FLOP *** [2c 9c 7d]
simper11: bets $3
terrapevt73: calls $3
*** TURN *** [2c 9c 7d] [6d]
simper11: bets $6
terrapevt73: calls $6
*** RIVER *** [2c 9c 7d 6d] [3c]
simper11: bets $6
terrapevt73: folds
Uncalled bet ($6) returned to simper11
simper11 collected $35.50 from pot
simper11: doesn't show hand
*** SUMMARY ***
Total pot $36 | Rake $0.50
Board [2c 9c 7d 6d 3c]
Seat 3: simper11 (big blind) collected ($35.50)
Seat 6: terrapevt73 (button) (small blind) folded on the River


PokerStars Hand #173171297126:  Hold'em Limit ($3/$6 USD) - 2017/07/17 18:30:53 ET
Table 'Xanthippe' 6-max Seat #3 is the button
Seat 3: simper11 ($53.76 in chips)
Seat 6: terrapevt73 ($181.70 in chips)
simper11: posts small blind $1
terrapevt73: posts big blind $3
*** HOLE CARDS ***
simper11: raises $3 to $6
terrapevt73: calls $3
*** FLOP *** [2d 9c 3h]
terrapevt73: checks
simper11: bets $3
terrapevt73: calls $3
*** TURN *** [2d 9c 3h] [5s]
terrapevt73: checks
simper11: checks
*** RIVER *** [2d 9c 3h 5s] [8s]
terrapevt73: bets $6
simper11: calls $6
*** SHOW DOWN ***
terrapevt73: shows [4c Ac] (a straight, Ace to Five)
simper11: mucks hand
terrapevt73 collected $29.50 from pot
*** SUMMARY ***
Total pot $30 | Rake $0.50
Board [2d 9c 3h 5s 8s]
Seat 3: simper11 (button) (small blind) mucked
Seat 6: terrapevt73 (big blind) showed [4c Ac] and won ($29.50) with a straight, Ace to Five


PokerStars Hand #173171289379:  Hold'em Limit ($3/$6 USD) - 2017/07/17 18:30:42 ET
Table 'Xanthippe' 6-max Seat #6 is the button
Seat 3: simper11 ($59.76 in chips)
Seat 6: terrapevt73 ($175.94 in chips)
terrapevt73: posts small blind $1
simper11: posts big blind $3
*** HOLE CARDS ***
terrapevt73: raises $3 to $6
simper11: calls $3
*** FLOP *** [7c Ac 9d]
simper11: checks
terrapevt73: bets $3
simper11: folds
Uncalled bet ($3) returned to terrapevt73
terrapevt73 collected $11.76 from pot
*** SUMMARY ***
Total pot $12 | Rake $0.24
Board [7c Ac 9d]
Seat 3: simper11 (big blind) folded on the Flop
Seat 6: terrapevt73 (button) (small blind) collected ($11.76)


PokerStars Hand #173171286084:  Hold'em Limit ($3/$6 USD) - 2017/07/17 18:30:37 ET
Table 'Xanthippe' 6-max Seat #3 is the button
Seat 3: simper11 ($60.76 in chips)
Seat 6: terrapevt73 ($174.94 in chips)
simper11: posts small blind $1
terrapevt73: posts big blind $3
*** HOLE CARDS ***
simper11: folds
Uncalled bet ($2) returned to terrapevt73
terrapevt73 collected $2 from pot
*** SUMMARY ***
Total pot $2 | Rake $0
Seat 3: simper11 (button) (small blind) folded before Flop
Seat 6: terrapevt73 (big blind) collected ($2)


PokerStars Hand #173171282943:  Hold'em Limit ($3/$6 USD) - 2017/07/17 18:30:33 ET
Table 'Xanthippe' 6-max Seat #6 is the button
Seat 3: simper11 ($59.76 in chips)
Seat 6: terrapevt73 ($175.94 in chips)
terrapevt73: posts small blind $1
simper11: posts big blind $3
*** HOLE CARDS ***
terrapevt73: folds
Uncalled bet ($2) returned to simper11
simper11 collected $2 from pot
simper11: doesn't show hand
*** SUMMARY ***
Total pot $2 | Rake $0
Seat 3: simper11 (big blind) collected ($2)
Seat 6: terrapevt73 (button) (small blind) folded before Flop


PokerStars Hand #173171265002:  Hold'em Limit ($3/$6 USD) - 2017/07/17 18:30:07 ET
Table 'Xanthippe' 6-max Seat #3 is the button
Seat 3: simper11 ($45.26 in chips)
Seat 6: terrapevt73 ($190.94 in chips)
simper11: posts small blind $1
terrapevt73: posts big blind $3
*** HOLE CARDS ***
simper11: raises $3 to $6
terrapevt73: calls $3
*** FLOP *** [9d Ah 5s]
terrapevt73: checks
simper11: bets $3
terrapevt73: calls $3
*** TURN *** [9d Ah 5s] [4c]
terrapevt73: checks
simper11: checks
*** RIVER *** [9d Ah 5s 4c] [Ts]
terrapevt73: checks
simper11: bets $6
terrapevt73: calls $6
*** SHOW DOWN ***
simper11: shows [7h Th] (a pair of Tens)
terrapevt73: mucks hand
simper11 collected $29.50 from pot
*** SUMMARY ***
Total pot $30 | Rake $0.50
Board [9d Ah 5s 4c Ts]
Seat 3: simper11 (button) (small blind) showed [7h Th] and won ($29.50) with a pair of Tens
Seat 6: terrapevt73 (big blind) mucked


PokerStars Hand #173171336123:  Hold'em Limit ($3/$6 USD) - 2017/07/17 18:31:50 ET
Table 'Xanthippe' 6-max Seat #6 is the button
Seat 3: simper11 ($59.02 in chips)
Seat 6: terrapevt73 ($175.20 in chips)
terrapevt73: posts small blind $1
simper11: posts big blind $3
*** HOLE CARDS ***
terrapevt73: raises $3 to $6
simper11: calls $3
*** FLOP *** [5s 2d 4s]
simper11: checks
terrapevt73: bets $3
simper11: raises $3 to $6
terrapevt73: calls $3
*** TURN *** [5s 2d 4s] [Qd]
simper11: bets $6
terrapevt73: raises $6 to $12
simper11: calls $6
*** RIVER *** [5s 2d 4s Qd] [3h]
simper11: checks
terrapevt73: bets $6
simper11: raises $6 to $12
terrapevt73: calls $6
*** SHOW DOWN ***
simper11: shows [6d 8h] (a straight, Deuce to Six)
terrapevt73: mucks hand
simper11 collected $71.50 from pot
*** SUMMARY ***
Total pot $72 | Rake $0.50
Board [5s 2d 4s Qd 3h]
Seat 3: simper11 (big blind) showed [6d 8h] and won ($71.50) with a straight, Deuce to Six
Seat 6: terrapevt73 (button) (small blind) mucked


PokerStars Hand #173171317885:  Hold'em Limit ($3/$6 USD) - 2017/07/17 18:31:23 ET
Table 'Xanthippe' 6-max Seat #3 is the button
Seat 3: simper11 ($44.52 in chips)
Seat 6: terrapevt73 ($190.20 in chips)
simper11: posts small blind $1
terrapevt73: posts big blind $3
*** HOLE CARDS ***
simper11: raises $3 to $6
terrapevt73: calls $3
*** FLOP *** [Qd Td Jc]
terrapevt73: checks
simper11: bets $3
terrapevt73: calls $3
*** TURN *** [Qd Td Jc] [6s]
terrapevt73: checks
simper11: bets $6
terrapevt73: calls $6
*** RIVER *** [Qd Td Jc 6s] [2c]
terrapevt73: checks
simper11: bets $6
terrapevt73: folds
Uncalled bet ($6) returned to simper11
simper11 collected $29.50 from pot
simper11: doesn't show hand
*** SUMMARY ***
Total pot $30 | Rake $0.50
Board [Qd Td Jc 6s 2c]
Seat 3: simper11 (button) (small blind) collected ($29.50)
Seat 6: terrapevt73 (big blind) folded on the River


PokerStars Hand #173171309911:  Hold'em Limit ($3/$6 USD) - 2017/07/17 18:31:12 ET
Table 'Xanthippe' 6-max Seat #6 is the button
Seat 3: simper11 ($38.76 in chips)
Seat 6: terrapevt73 ($196.20 in chips)
terrapevt73: posts small blind $1
simper11: posts big blind $3
*** HOLE CARDS ***
terrapevt73: raises $3 to $6
simper11: calls $3
*** FLOP *** [5s 4c Jd]
simper11: checks
terrapevt73: checks
*** TURN *** [5s 4c Jd] [6s]
simper11: bets $6
terrapevt73: folds
Uncalled bet ($6) returned to simper11
simper11 collected $11.76 from pot
simper11: doesn't show hand
*** SUMMARY ***
Total pot $12 | Rake $0.24
Board [5s 4c Jd 6s]
Seat 3: simper11 (big blind) collected ($11.76)
Seat 6: terrapevt73 (button) (small blind) folded on the Turn


PokerStars Hand #173171373683:  Hold'em Limit ($3/$6 USD) - 2017/07/17 18:32:45 ET
Table 'Xanthippe' 6-max Seat #3 is the button
Seat 3: simper11 ($114.77 in chips)
Seat 6: terrapevt73 ($117.95 in chips)
simper11: posts small blind $1
terrapevt73: posts big blind $3
*** HOLE CARDS ***
simper11: raises $3 to $6
terrapevt73: raises $3 to $9
simper11: calls $3
*** FLOP *** [9d Kd Jc]
terrapevt73: bets $3
simper11: calls $3
*** TURN *** [9d Kd Jc] [Tc]
terrapevt73: bets $6
simper11: calls $6
*** RIVER *** [9d Kd Jc Tc] [3d]
terrapevt73: bets $6
simper11: calls $6
*** SHOW DOWN ***
terrapevt73: shows [Js Kc] (two pair, Kings and Jacks)
simper11: mucks hand
terrapevt73 collected $47.50 from pot
*** SUMMARY ***
Total pot $48 | Rake $0.50
Board [9d Kd Jc Tc 3d]
Seat 3: simper11 (button) (small blind) mucked
Seat 6: terrapevt73 (big blind) showed [Js Kc] and won ($47.50) with two pair, Kings and Jacks


PokerStars Hand #173171351565:  Hold'em Limit ($3/$6 USD) - 2017/07/17 18:32:12 ET
Table 'Xanthippe' 6-max Seat #3 is the button
Seat 3: simper11 ($94.52 in chips)
Seat 6: terrapevt73 ($139.20 in chips)
simper11: posts small blind $1
terrapevt73: posts big blind $3
*** HOLE CARDS ***
simper11: raises $3 to $6
terrapevt73: calls $3
*** FLOP *** [8h 6s Qc]
terrapevt73: checks
simper11: bets $3
terrapevt73: raises $3 to $6
simper11: calls $3
*** TURN *** [8h 6s Qc] [6d]
terrapevt73: bets $6
simper11: calls $6
*** RIVER *** [8h 6s Qc 6d] [Th]
terrapevt73: bets $6
simper11: calls $6
*** SHOW DOWN ***
terrapevt73: shows [8s Jd] (two pair, Eights and Sixes)
simper11: shows [8c Jh] (two pair, Eights and Sixes)
terrapevt73 collected $23.75 from pot
simper11 collected $23.75 from pot
*** SUMMARY ***
Total pot $48 | Rake $0.50
Board [8h 6s Qc 6d Th]
Seat 3: simper11 (button) (small blind) showed [8c Jh] and won ($23.75) with two pair, Eights and Sixes
Seat 6: terrapevt73 (big blind) showed [8s Jd] and won ($23.75) with two pair, Eights and Sixes


PokerStars Hand #173171414329:  Hold'em Limit ($3/$6 USD) - 2017/07/17 18:33:44 ET
Table 'Xanthippe' 6-max Seat #6 is the button
Seat 3: simper11 ($93.27 in chips)
Seat 6: terrapevt73 ($137.97 in chips)
terrapevt73: posts small blind $1
simper11: posts big blind $3
*** HOLE CARDS ***
terrapevt73: folds
Uncalled bet ($2) returned to simper11
simper11 collected $2 from pot
simper11: doesn't show hand
*** SUMMARY ***
Total pot $2 | Rake $0
Seat 3: simper11 (big blind) collected ($2)
Seat 6: terrapevt73 (button) (small blind) folded before Flop


PokerStars Hand #173171399075:  Hold'em Limit ($3/$6 USD) - 2017/07/17 18:33:22 ET
Table 'Xanthippe' 6-max Seat #3 is the button
Seat 3: simper11 ($78.77 in chips)
Seat 6: terrapevt73 ($152.97 in chips)
simper11: posts small blind $1
terrapevt73: posts big blind $3
*** HOLE CARDS ***
simper11: raises $3 to $6
terrapevt73: calls $3
*** FLOP *** [Qh Th 4s]
terrapevt73: checks
simper11: bets $3
terrapevt73: calls $3
*** TURN *** [Qh Th 4s] [8d]
terrapevt73: checks
simper11: bets $6
terrapevt73: calls $6
*** RIVER *** [Qh Th 4s 8d] [Td]
terrapevt73: checks
simper11: checks
*** SHOW DOWN ***
terrapevt73: shows [5s 6h] (a pair of Tens)
simper11: shows [Ah 4c] (two pair, Tens and Fours)
simper11 collected $29.50 from pot
*** SUMMARY ***
Total pot $30 | Rake $0.50
Board [Qh Th 4s 8d Td]
Seat 3: simper11 (button) (small blind) showed [Ah 4c] and won ($29.50) with two pair, Tens and Fours
Seat 6: terrapevt73 (big blind) showed [5s 6h] and lost with a pair of Tens


PokerStars Hand #173171387213:  Hold'em Limit ($3/$6 USD) - 2017/07/17 18:33:04 ET
Table 'Xanthippe' 6-max Seat #6 is the button
Seat 3: simper11 ($90.77 in chips)
Seat 6: terrapevt73 ($141.45 in chips)
terrapevt73: posts small blind $1
simper11: posts big blind $3
*** HOLE CARDS ***
terrapevt73: raises $3 to $6
simper11: calls $3
*** FLOP *** [2c Ad 8d]
simper11: checks
terrapevt73: checks
*** TURN *** [2c Ad 8d] [5s]
simper11: checks
terrapevt73: bets $6
simper11: calls $6
*** RIVER *** [2c Ad 8d 5s] [Qd]
simper11: checks
terrapevt73: bets $6
simper11: folds
Uncalled bet ($6) returned to terrapevt73
terrapevt73 collected $23.52 from pot
*** SUMMARY ***
Total pot $24 | Rake $0.48
Board [2c Ad 8d 5s Qd]
Seat 3: simper11 (big blind) folded on the River
Seat 6: terrapevt73 (button) (small blind) collected ($23.52)


PokerStars Hand #173171464519:  Hold'em Limit ($3/$6 USD) - 2017/07/17 18:34:57 ET
Table 'Xanthippe' 6-max Seat #6 is the button
Seat 3: simper11 ($63.77 in chips)
Seat 6: terrapevt73 ($166.11 in chips)
terrapevt73: posts small blind $1
simper11: posts big blind $3
*** HOLE CARDS ***
terrapevt73: raises $3 to $6
simper11: folds
Uncalled bet ($3) returned to terrapevt73
terrapevt73 collected $6 from pot
*** SUMMARY ***
Total pot $6 | Rake $0
Seat 3: simper11 (big blind) folded before Flop
Seat 6: terrapevt73 (button) (small blind) collected ($6)


PokerStars Hand #173171453713:  Hold'em Limit ($3/$6 USD) - 2017/07/17 18:34:41 ET
Table 'Xanthippe' 6-max Seat #3 is the button
Seat 3: simper11 ($72.77 in chips)
Seat 6: terrapevt73 ($157.47 in chips)
simper11: posts small blind $1
terrapevt73: posts big blind $3
*** HOLE CARDS ***
simper11: raises $3 to $6
terrapevt73: raises $3 to $9
simper11: calls $3
*** FLOP *** [Kc Td 9s]
terrapevt73: bets $3
simper11: folds
Uncalled bet ($3) returned to terrapevt73
terrapevt73 collected $17.64 from pot
*** SUMMARY ***
Total pot $18 | Rake $0.36
Board [Kc Td 9s]
Seat 3: simper11 (button) (small blind) folded on the Flop
Seat 6: terrapevt73 (big blind) collected ($17.64)


PokerStars Hand #173171440864:  Hold'em Limit ($3/$6 USD) - 2017/07/17 18:34:22 ET
Table 'Xanthippe' 6-max Seat #6 is the button
Seat 3: simper11 ($114.77 in chips)
Seat 6: terrapevt73 ($115.97 in chips)
terrapevt73: posts small blind $1
simper11: posts big blind $3
*** HOLE CARDS ***
terrapevt73: raises $3 to $6
simper11: calls $3
*** FLOP *** [8c 5c 2d]
simper11: checks
terrapevt73: bets $3
simper11: raises $3 to $6
terrapevt73: calls $3
*** TURN *** [8c 5c 2d] [3s]
simper11: bets $6
terrapevt73: raises $6 to $12
simper11: raises $6 to $18
terrapevt73: raises $6 to $24
Betting is capped
simper11: calls $6
*** RIVER *** [8c 5c 2d 3s] [6d]
simper11: checks
terrapevt73: bets $6
simper11: calls $6
*** SHOW DOWN ***
terrapevt73: shows [Ad 4s] (a straight, Deuce to Six)
simper11: mucks hand
terrapevt73 collected $83.50 from pot
*** SUMMARY ***
Total pot $84 | Rake $0.50
Board [8c 5c 2d 3s 6d]
Seat 3: simper11 (big blind) mucked
Seat 6: terrapevt73 (button) (small blind) showed [Ad 4s] and won ($83.50) with a straight, Deuce to Six


PokerStars Hand #173171417726:  Hold'em Limit ($3/$6 USD) - 2017/07/17 18:33:49 ET
Table 'Xanthippe' 6-max Seat #3 is the button
Seat 3: simper11 ($94.27 in chips)
Seat 6: terrapevt73 ($136.97 in chips)
simper11: posts small blind $1
terrapevt73: posts big blind $3
*** HOLE CARDS ***
simper11: raises $3 to $6
terrapevt73: calls $3
*** FLOP *** [6d Qs Jh]
terrapevt73: checks
simper11: bets $3
terrapevt73: calls $3
*** TURN *** [6d Qs Jh] [Qh]
terrapevt73: checks
simper11: bets $6
terrapevt73: calls $6
*** RIVER *** [6d Qs Jh Qh] [Tc]
terrapevt73: checks
simper11: bets $6
terrapevt73: calls $6
*** SHOW DOWN ***
simper11: shows [Jd 7s] (two pair, Queens and Jacks)
terrapevt73: mucks hand
simper11 collected $41.50 from pot
*** SUMMARY ***
Total pot $42 | Rake $0.50
Board [6d Qs Jh Qh Tc]
Seat 3: simper11 (button) (small blind) showed [Jd 7s] and won ($41.50) with two pair, Queens and Jacks
Seat 6: terrapevt73 (big blind) mucked


PokerStars Hand #173171501577:  Hold'em Limit ($3/$6 USD) - 2017/07/17 18:35:52 ET
Table 'Xanthippe' 6-max Seat #6 is the button
Seat 3: simper11 ($99.03 in chips)
Seat 6: terrapevt73 ($130.11 in chips)
terrapevt73: posts small blind $1
simper11: posts big blind $3
*** HOLE CARDS ***
terrapevt73: raises $3 to $6
simper11: calls $3
*** FLOP *** [4d Ac 9c]
simper11: checks
terrapevt73: checks
*** TURN *** [4d Ac 9c] [6d]
simper11: bets $6
terrapevt73: calls $6
*** RIVER *** [4d Ac 9c 6d] [Jh]
simper11: bets $6
terrapevt73: calls $6
*** SHOW DOWN ***
simper11: shows [Ad 3c] (a pair of Aces)
terrapevt73: mucks hand
simper11 collected $35.50 from pot
*** SUMMARY ***
Total pot $36 | Rake $0.50
Board [4d Ac 9c 6d Jh]
Seat 3: simper11 (big blind) showed [Ad 3c] and won ($35.50) with a pair of Aces
Seat 6: terrapevt73 (button) (small blind) mucked


PokerStars Hand #173171497820:  Hold'em Limit ($3/$6 USD) - 2017/07/17 18:35:46 ET
Table 'Xanthippe' 6-max Seat #3 is the button
Seat 3: simper11 ($96.03 in chips)
Seat 6: terrapevt73 ($133.11 in chips)
simper11: posts small blind $1
terrapevt73: posts big blind $3
*** HOLE CARDS ***
simper11: raises $3 to $6
terrapevt73: folds
Uncalled bet ($3) returned to simper11
simper11 collected $6 from pot
simper11: doesn't show hand
*** SUMMARY ***
Total pot $6 | Rake $0
Seat 3: simper11 (button) (small blind) collected ($6)
Seat 6: terrapevt73 (big blind) folded before Flop


PokerStars Hand #173171485571:  Hold'em Limit ($3/$6 USD) - 2017/07/17 18:35:28 ET
Table 'Xanthippe' 6-max Seat #6 is the button
Seat 3: simper11 ($90.27 in chips)
Seat 6: terrapevt73 ($139.11 in chips)
terrapevt73: posts small blind $1
simper11: posts big blind $3
*** HOLE CARDS ***
terrapevt73: raises $3 to $6
simper11: calls $3
*** FLOP *** [4h Ts 8d]
simper11: checks
terrapevt73: checks
*** TURN *** [4h Ts 8d] [4d]
simper11: bets $6
terrapevt73: folds
Uncalled bet ($6) returned to simper11
simper11 collected $11.76 from pot
simper11: doesn't show hand
*** SUMMARY ***
Total pot $12 | Rake $0.24
Board [4h Ts 8d 4d]
Seat 3: simper11 (big blind) collected ($11.76)
Seat 6: terrapevt73 (button) (small blind) folded on the Turn


PokerStars Hand #173171470730:  Hold'em Limit ($3/$6 USD) - 2017/07/17 18:35:06 ET
Table 'Xanthippe' 6-max Seat #3 is the button
Seat 3: simper11 ($60.77 in chips)
Seat 6: terrapevt73 ($169.11 in chips)
simper11: posts small blind $1
terrapevt73: posts big blind $3
*** HOLE CARDS ***
simper11: raises $3 to $6
terrapevt73: calls $3
*** FLOP *** [3c 7c Js]
terrapevt73: checks
simper11: bets $3
terrapevt73: raises $3 to $6
simper11: calls $3
*** TURN *** [3c 7c Js] [Kd]
terrapevt73: bets $6
simper11: raises $6 to $12
terrapevt73: calls $6
*** RIVER *** [3c 7c Js Kd] [4s]
terrapevt73: checks
simper11: bets $6
terrapevt73: calls $6
*** SHOW DOWN ***
simper11: shows [7h Jc] (two pair, Jacks and Sevens)
terrapevt73: mucks hand
simper11 collected $59.50 from pot
*** SUMMARY ***
Total pot $60 | Rake $0.50
Board [3c 7c Js Kd 4s]
Seat 3: simper11 (button) (small blind) showed [7h Jc] and won ($59.50) with two pair, Jacks and Sevens
Seat 6: terrapevt73 (big blind) mucked


PokerStars Hand #173171549048:  Hold'em Limit ($3/$6 USD) - 2017/07/17 18:37:02 ET
Table 'Xanthippe' 6-max Seat #6 is the button
Seat 3: simper11 ($94.53 in chips)
Seat 6: terrapevt73 ($133.27 in chips)
terrapevt73: posts small blind $1
simper11: posts big blind $3
*** HOLE CARDS ***
terrapevt73: raises $3 to $6
simper11: calls $3
*** FLOP *** [Qd Js 6h]
simper11: bets $3
terrapevt73: folds
Uncalled bet ($3) returned to simper11
simper11 collected $11.76 from pot
simper11: doesn't show hand
*** SUMMARY ***
Total pot $12 | Rake $0.24
Board [Qd Js 6h]
Seat 3: simper11 (big blind) collected ($11.76)
Seat 6: terrapevt73 (button) (small blind) folded on the Flop


PokerStars Hand #173171531166:  Hold'em Limit ($3/$6 USD) - 2017/07/17 18:36:36 ET
Table 'Xanthippe' 6-max Seat #3 is the button
Seat 3: simper11 ($106.53 in chips)
Seat 6: terrapevt73 ($121.75 in chips)
simper11: posts small blind $1
terrapevt73: posts big blind $3
*** HOLE CARDS ***
simper11: raises $3 to $6
terrapevt73: raises $3 to $9
simper11: calls $3
*** FLOP *** [2d 3c 3s]
terrapevt73: bets $3
simper11: calls $3
*** TURN *** [2d 3c 3s] [3h]
terrapevt73: bets $6
simper11: folds
Uncalled bet ($6) returned to terrapevt73
terrapevt73 collected $23.52 from pot
*** SUMMARY ***
Total pot $24 | Rake $0.48
Board [2d 3c 3s 3h]
Seat 3: simper11 (button) (small blind) folded on the Turn
Seat 6: terrapevt73 (big blind) collected ($23.52)


PokerStars Hand #173171521745:  Hold'em Limit ($3/$6 USD) - 2017/07/17 18:36:22 ET
Table 'Xanthippe' 6-max Seat #6 is the button
Seat 3: simper11 ($115.53 in chips)
Seat 6: terrapevt73 ($113.11 in chips)
terrapevt73: posts small blind $1
simper11: posts big blind $3
*** HOLE CARDS ***
terrapevt73: raises $3 to $6
simper11: calls $3
*** FLOP *** [3s 5d 9d]
simper11: checks
terrapevt73: bets $3
simper11: calls $3
*** TURN *** [3s 5d 9d] [Qc]
simper11: checks
terrapevt73: bets $6
simper11: folds
Uncalled bet ($6) returned to terrapevt73
terrapevt73 collected $17.64 from pot
*** SUMMARY ***
Total pot $18 | Rake $0.36
Board [3s 5d 9d Qc]
Seat 3: simper11 (big blind) folded on the Turn
Seat 6: terrapevt73 (button) (small blind) collected ($17.64)


PokerStars Hand #173171514839:  Hold'em Limit ($3/$6 USD) - 2017/07/17 18:36:11 ET
Table 'Xanthippe' 6-max Seat #3 is the button
Seat 3: simper11 ($116.53 in chips)
Seat 6: terrapevt73 ($112.11 in chips)
simper11: posts small blind $1
terrapevt73: posts big blind $3
*** HOLE CARDS ***
simper11: folds
Uncalled bet ($2) returned to terrapevt73
terrapevt73 collected $2 from pot
*** SUMMARY ***
Total pot $2 | Rake $0
Seat 3: simper11 (button) (small blind) folded before Flop
Seat 6: terrapevt73 (big blind) collected ($2)


PokerStars Hand #173171582779:  Hold'em Limit ($3/$6 USD) - 2017/07/17 18:37:52 ET
Table 'Xanthippe' 6-max Seat #6 is the button
Seat 3: simper11 ($109.79 in chips)
Seat 6: terrapevt73 ($116.91 in chips)
terrapevt73: posts small blind $1
simper11: posts big blind $3
*** HOLE CARDS ***
terrapevt73: raises $3 to $6
simper11: calls $3
*** FLOP *** [4s 7c 9h]
simper11: checks
terrapevt73: bets $3
simper11: calls $3
*** TURN *** [4s 7c 9h] [7d]
simper11: checks
terrapevt73: bets $6
simper11: folds
Uncalled bet ($6) returned to terrapevt73
terrapevt73 collected $17.64 from pot
*** SUMMARY ***
Total pot $18 | Rake $0.36
Board [4s 7c 9h 7d]
Seat 3: simper11 (big blind) folded on the Turn
Seat 6: terrapevt73 (button) (small blind) collected ($17.64)


PokerStars Hand #173171573103:  Hold'em Limit ($3/$6 USD) - 2017/07/17 18:37:37 ET
Table 'Xanthippe' 6-max Seat #3 is the button
Seat 3: simper11 ($92.29 in chips)
Seat 6: terrapevt73 ($134.91 in chips)
simper11: posts small blind $1
terrapevt73: posts big blind $3
*** HOLE CARDS ***
simper11: raises $3 to $6
terrapevt73: raises $3 to $9
simper11: calls $3
*** FLOP *** [4h 5d Qd]
terrapevt73: bets $3
simper11: calls $3
*** TURN *** [4h 5d Qd] [Th]
terrapevt73: bets $6
simper11: calls $6
*** RIVER *** [4h 5d Qd Th] [Ac]
terrapevt73: checks
simper11: checks
*** SHOW DOWN ***
terrapevt73: shows [8c 8d] (a pair of Eights)
simper11: shows [Jh Js] (a pair of Jacks)
simper11 collected $35.50 from pot
*** SUMMARY ***
Total pot $36 | Rake $0.50
Board [4h 5d Qd Th Ac]
Seat 3: simper11 (button) (small blind) showed [Jh Js] and won ($35.50) with a pair of Jacks
Seat 6: terrapevt73 (big blind) showed [8c 8d] and lost with a pair of Eights


PokerStars Hand #173171569825:  Hold'em Limit ($3/$6 USD) - 2017/07/17 18:37:33 ET
Table 'Xanthippe' 6-max Seat #6 is the button
Seat 3: simper11 ($91.29 in chips)
Seat 6: terrapevt73 ($135.91 in chips)
terrapevt73: posts small blind $1
simper11: posts big blind $3
*** HOLE CARDS ***
terrapevt73: folds
Uncalled bet ($2) returned to simper11
simper11 collected $2 from pot
simper11: doesn't show hand
*** SUMMARY ***
Total pot $2 | Rake $0
Seat 3: simper11 (big blind) collected ($2)
Seat 6: terrapevt73 (button) (small blind) folded before Flop


PokerStars Hand #173171559964:  Hold'em Limit ($3/$6 USD) - 2017/07/17 18:37:18 ET
Table 'Xanthippe' 6-max Seat #3 is the button
Seat 3: simper11 ($100.29 in chips)
Seat 6: terrapevt73 ($127.27 in chips)
simper11: posts small blind $1
terrapevt73: posts big blind $3
*** HOLE CARDS ***
simper11: raises $3 to $6
terrapevt73: raises $3 to $9
simper11: calls $3
*** FLOP *** [Kh Qc Kd]
terrapevt73: bets $3
simper11: folds
Uncalled bet ($3) returned to terrapevt73
terrapevt73 collected $17.64 from pot
*** SUMMARY ***
Total pot $18 | Rake $0.36
Board [Kh Qc Kd]
Seat 3: simper11 (button) (small blind) folded on the Flop
Seat 6: terrapevt73 (big blind) collected ($17.64)


PokerStars Hand #173171624043:  Hold'em Limit ($3/$6 USD) - 2017/07/17 18:38:53 ET
Table 'Xanthippe' 6-max Seat #6 is the button
Seat 3: simper11 ($106.55 in chips)
Seat 6: terrapevt73 ($119.55 in chips)
terrapevt73: posts small blind $1
simper11: posts big blind $3
*** HOLE CARDS ***
terrapevt73: raises $3 to $6
simper11: calls $3
*** FLOP *** [9s Ad Qh]
simper11: checks
terrapevt73: bets $3
simper11: folds
Uncalled bet ($3) returned to terrapevt73
terrapevt73 collected $11.76 from pot
*** SUMMARY ***
Total pot $12 | Rake $0.24
Board [9s Ad Qh]
Seat 3: simper11 (big blind) folded on the Flop
Seat 6: terrapevt73 (button) (small blind) collected ($11.76)


PokerStars Hand #173171619760:  Hold'em Limit ($3/$6 USD) - 2017/07/17 18:38:47 ET
Table 'Xanthippe' 6-max Seat #3 is the button
Seat 3: simper11 ($107.55 in chips)
Seat 6: terrapevt73 ($118.55 in chips)
simper11: posts small blind $1
terrapevt73: posts big blind $3
*** HOLE CARDS ***
simper11: folds
Uncalled bet ($2) returned to terrapevt73
terrapevt73 collected $2 from pot
*** SUMMARY ***
Total pot $2 | Rake $0
Seat 3: simper11 (button) (small blind) folded before Flop
Seat 6: terrapevt73 (big blind) collected ($2)


PokerStars Hand #173171615785:  Hold'em Limit ($3/$6 USD) - 2017/07/17 18:38:41 ET
Table 'Xanthippe' 6-max Seat #6 is the button
Seat 3: simper11 ($110.55 in chips)
Seat 6: terrapevt73 ($115.55 in chips)
terrapevt73: posts small blind $1
simper11: posts big blind $3
*** HOLE CARDS ***
terrapevt73: raises $3 to $6
simper11: folds
Uncalled bet ($3) returned to terrapevt73
terrapevt73 collected $6 from pot
*** SUMMARY ***
Total pot $6 | Rake $0
Seat 3: simper11 (big blind) folded before Flop
Seat 6: terrapevt73 (button) (small blind) collected ($6)


PokerStars Hand #173171605307:  Hold'em Limit ($3/$6 USD) - 2017/07/17 18:38:25 ET
Table 'Xanthippe' 6-max Seat #3 is the button
Seat 3: simper11 ($107.55 in chips)
Seat 6: terrapevt73 ($118.55 in chips)
simper11: posts small blind $1
terrapevt73: posts big blind $3
*** HOLE CARDS ***
simper11: raises $3 to $6
terrapevt73: folds
Uncalled bet ($3) returned to simper11
simper11 collected $6 from pot
simper11: doesn't show hand
*** SUMMARY ***
Total pot $6 | Rake $0
Seat 3: simper11 (button) (small blind) collected ($6)
Seat 6: terrapevt73 (big blind) folded before Flop


PokerStars Hand #173171602173:  Hold'em Limit ($3/$6 USD) - 2017/07/17 18:38:21 ET
Table 'Xanthippe' 6-max Seat #6 is the button
Seat 3: simper11 ($106.55 in chips)
Seat 6: terrapevt73 ($119.55 in chips)
terrapevt73: posts small blind $1
simper11: posts big blind $3
*** HOLE CARDS ***
terrapevt73: folds
Uncalled bet ($2) returned to simper11
simper11 collected $2 from pot
simper11: doesn't show hand
*** SUMMARY ***
Total pot $2 | Rake $0
Seat 3: simper11 (big blind) collected ($2)
Seat 6: terrapevt73 (button) (small blind) folded before Flop


PokerStars Hand #173171593967:  Hold'em Limit ($3/$6 USD) - 2017/07/17 18:38:09 ET
Table 'Xanthippe' 6-max Seat #3 is the button
Seat 3: simper11 ($100.79 in chips)
Seat 6: terrapevt73 ($125.55 in chips)
simper11: posts small blind $1
terrapevt73: posts big blind $3
*** HOLE CARDS ***
simper11: raises $3 to $6
terrapevt73: calls $3
*** FLOP *** [6h Tc Qd]
terrapevt73: checks
simper11: bets $3
terrapevt73: folds
Uncalled bet ($3) returned to simper11
simper11 collected $11.76 from pot
simper11: doesn't show hand
*** SUMMARY ***
Total pot $12 | Rake $0.24
Board [6h Tc Qd]
Seat 3: simper11 (button) (small blind) collected ($11.76)
Seat 6: terrapevt73 (big blind) folded on the Flop


PokerStars Hand #173171667335:  Hold'em Limit ($3/$6 USD) - 2017/07/17 18:39:58 ET
Table 'Xanthippe' 6-max Seat #3 is the button
Seat 3: simper11 ($55.55 in chips)
Seat 6: terrapevt73 ($168.71 in chips)
simper11: posts small blind $1
terrapevt73: posts big blind $3
*** HOLE CARDS ***
simper11: raises $3 to $6
terrapevt73: calls $3
*** FLOP *** [7h As Qs]
terrapevt73: checks
simper11: bets $3
terrapevt73: folds
Uncalled bet ($3) returned to simper11
simper11 collected $11.76 from pot
simper11: doesn't show hand
*** SUMMARY ***
Total pot $12 | Rake $0.24
Board [7h As Qs]
Seat 3: simper11 (button) (small blind) collected ($11.76)
Seat 6: terrapevt73 (big blind) folded on the Flop


PokerStars Hand #173171661196:  Hold'em Limit ($3/$6 USD) - 2017/07/17 18:39:49 ET
Table 'Xanthippe' 6-max Seat #6 is the button
Seat 3: simper11 ($61.55 in chips)
Seat 6: terrapevt73 ($162.95 in chips)
terrapevt73: posts small blind $1
simper11: posts big blind $3
*** HOLE CARDS ***
terrapevt73: raises $3 to $6
simper11: calls $3
*** FLOP *** [Td Ac Qs]
simper11: checks
terrapevt73: bets $3
simper11: folds
Uncalled bet ($3) returned to terrapevt73
terrapevt73 collected $11.76 from pot
*** SUMMARY ***
Total pot $12 | Rake $0.24
Board [Td Ac Qs]
Seat 3: simper11 (big blind) folded on the Flop
Seat 6: terrapevt73 (button) (small blind) collected ($11.76)


PokerStars Hand #173171651096:  Hold'em Limit ($3/$6 USD) - 2017/07/17 18:39:34 ET
Table 'Xanthippe' 6-max Seat #3 is the button
Seat 3: simper11 ($76.55 in chips)
Seat 6: terrapevt73 ($148.45 in chips)
simper11: posts small blind $1
terrapevt73: posts big blind $3
*** HOLE CARDS ***
simper11: raises $3 to $6
terrapevt73: calls $3
*** FLOP *** [9c 4d Js]
terrapevt73: checks
simper11: bets $3
terrapevt73: calls $3
*** TURN *** [9c 4d Js] [Td]
terrapevt73: checks
simper11: checks
*** RIVER *** [9c 4d Js Td] [4s]
terrapevt73: bets $6
simper11: calls $6
*** SHOW DOWN ***
terrapevt73: shows [Tc Kc] (two pair, Tens and Fours)
simper11: mucks hand
terrapevt73 collected $29.50 from pot
*** SUMMARY ***
Total pot $30 | Rake $0.50
Board [9c 4d Js Td 4s]
Seat 3: simper11 (button) (small blind) mucked
Seat 6: terrapevt73 (big blind) showed [Tc Kc] and won ($29.50) with two pair, Tens and Fours


PokerStars Hand #173171631243:  Hold'em Limit ($3/$6 USD) - 2017/07/17 18:39:04 ET
Table 'Xanthippe' 6-max Seat #3 is the button
Seat 3: simper11 ($100.55 in chips)
Seat 6: terrapevt73 ($125.31 in chips)
simper11: posts small blind $1
terrapevt73: posts big blind $3
*** HOLE CARDS ***
simper11: raises $3 to $6
terrapevt73: calls $3
*** FLOP *** [7s 8h 6s]
terrapevt73: checks
simper11: bets $3
terrapevt73: calls $3
*** TURN *** [7s 8h 6s] [Qc]
terrapevt73: checks
simper11: bets $6
terrapevt73: calls $6
*** RIVER *** [7s 8h 6s Qc] [Td]
terrapevt73: checks
simper11: checks
*** SHOW DOWN ***
terrapevt73: shows [4d Tc] (a pair of Tens)
simper11: mucks hand
terrapevt73 collected $29.50 from pot
*** SUMMARY ***
Total pot $30 | Rake $0.50
Board [7s 8h 6s Qc Td]
Seat 3: simper11 (button) (small blind) mucked
Seat 6: terrapevt73 (big blind) showed [4d Tc] and won ($29.50) with a pair of Tens


PokerStars Hand #173171642114:  Hold'em Limit ($3/$6 USD) - 2017/07/17 18:39:20 ET
Table 'Xanthippe' 6-max Seat #6 is the button
Seat 3: simper11 ($85.55 in chips)
Seat 6: terrapevt73 ($139.81 in chips)
terrapevt73: posts small blind $1
simper11: posts big blind $3
*** HOLE CARDS ***
terrapevt73: raises $3 to $6
simper11: calls $3
*** FLOP *** [Th 9s 8s]
simper11: checks
terrapevt73: bets $3
simper11: calls $3
*** TURN *** [Th 9s 8s] [3c]
simper11: checks
terrapevt73: bets $6
simper11: folds
Uncalled bet ($6) returned to terrapevt73
terrapevt73 collected $17.64 from pot
*** SUMMARY ***
Total pot $18 | Rake $0.36
Board [Th 9s 8s 3c]
Seat 3: simper11 (big blind) folded on the Turn
Seat 6: terrapevt73 (button) (small blind) collected ($17.64)


PokerStars Hand #173171705590:  Hold'em Limit ($3/$6 USD) - 2017/07/17 18:40:55 ET
Table 'Xanthippe' 6-max Seat #3 is the button
Seat 3: simper11 ($58.95 in chips)
Seat 6: terrapevt73 ($164.11 in chips)
simper11: posts small blind $1
terrapevt73: posts big blind $3
*** HOLE CARDS ***
simper11: raises $3 to $6
terrapevt73: calls $3
*** FLOP *** [Qc Ac 6c]
terrapevt73: checks
simper11: bets $3
terrapevt73: raises $3 to $6
simper11: raises $3 to $9
terrapevt73: folds
Uncalled bet ($3) returned to simper11
simper11 collected $23.52 from pot
simper11: doesn't show hand
*** SUMMARY ***
Total pot $24 | Rake $0.48
Board [Qc Ac 6c]
Seat 3: simper11 (button) (small blind) collected ($23.52)
Seat 6: terrapevt73 (big blind) folded on the Flop


PokerStars Hand #173171702489:  Hold'em Limit ($3/$6 USD) - 2017/07/17 18:40:50 ET
Table 'Xanthippe' 6-max Seat #6 is the button
Seat 3: simper11 ($57.95 in chips)
Seat 6: terrapevt73 ($165.11 in chips)
terrapevt73: posts small blind $1
simper11: posts big blind $3
*** HOLE CARDS ***
terrapevt73: folds
Uncalled bet ($2) returned to simper11
simper11 collected $2 from pot
simper11: doesn't show hand
*** SUMMARY ***
Total pot $2 | Rake $0
Seat 3: simper11 (big blind) collected ($2)
Seat 6: terrapevt73 (button) (small blind) folded before Flop


PokerStars Hand #173171693490:  Hold'em Limit ($3/$6 USD) - 2017/07/17 18:40:37 ET
Table 'Xanthippe' 6-max Seat #3 is the button
Seat 3: simper11 ($49.31 in chips)
Seat 6: terrapevt73 ($174.11 in chips)
simper11: posts small blind $1
terrapevt73: posts big blind $3
*** HOLE CARDS ***
simper11: raises $3 to $6
terrapevt73: calls $3
*** FLOP *** [3s 4h 5d]
terrapevt73: checks
simper11: bets $3
terrapevt73: calls $3
*** TURN *** [3s 4h 5d] [3d]
terrapevt73: checks
simper11: bets $6
terrapevt73: folds
Uncalled bet ($6) returned to simper11
simper11 collected $17.64 from pot
simper11: doesn't show hand
*** SUMMARY ***
Total pot $18 | Rake $0.36
Board [3s 4h 5d 3d]
Seat 3: simper11 (button) (small blind) collected ($17.64)
Seat 6: terrapevt73 (big blind) folded on the Turn


PokerStars Hand #173171684202:  Hold'em Limit ($3/$6 USD) - 2017/07/17 18:40:23 ET
Table 'Xanthippe' 6-max Seat #3 is the button
Seat 3: simper11 ($52.31 in chips)
Seat 6: terrapevt73 ($171.35 in chips)
simper11: posts small blind $1
terrapevt73: posts big blind $3
*** HOLE CARDS ***
simper11: raises $3 to $6
terrapevt73: folds
Uncalled bet ($3) returned to simper11
simper11 collected $6 from pot
simper11: doesn't show hand
*** SUMMARY ***
Total pot $6 | Rake $0
Seat 3: simper11 (button) (small blind) collected ($6)
Seat 6: terrapevt73 (big blind) folded before Flop


PokerStars Hand #173171674387:  Hold'em Limit ($3/$6 USD) - 2017/07/17 18:40:08 ET
Table 'Xanthippe' 6-max Seat #6 is the button
Seat 3: simper11 ($61.31 in chips)
Seat 6: terrapevt73 ($162.71 in chips)
terrapevt73: posts small blind $1
simper11: posts big blind $3
*** HOLE CARDS ***
terrapevt73: raises $3 to $6
simper11: calls $3
*** FLOP *** [9s 7s 3c]
simper11: checks
terrapevt73: bets $3
simper11: calls $3
*** TURN *** [9s 7s 3c] [4c]
simper11: checks
terrapevt73: bets $6
simper11: folds
Uncalled bet ($6) returned to terrapevt73
terrapevt73 collected $17.64 from pot
*** SUMMARY ***
Total pot $18 | Rake $0.36
Board [9s 7s 3c 4c]
Seat 3: simper11 (big blind) folded on the Turn
Seat 6: terrapevt73 (button) (small blind) collected ($17.64)


