PokerStars Hand #159840305329:  Hold'em Limit ($3/$6 USD) - 2016/10/12 14:48:21 ET
Table 'Xanthe II' 6-max Seat #1 is the button
Seat 1: melyh82 ($150.17 in chips)
Seat 6: Luanto 14 ($80.07 in chips)
melyh82: posts small blind $1
sim5sim5: is sitting out
knas5 was removed from the table for failing to post
Luanto 14: posts big blind $3
*** HOLE CARDS ***
melyh82: raises $3 to $6
Kimberlyaa joins the table at seat #3
Luanto 14: folds
Uncalled bet ($3) returned to melyh82
melyh82 collected $6 from pot
melyh82: doesn't show hand
*** SUMMARY ***
Total pot $6 | Rake $0
Seat 1: melyh82 (button) (small blind) collected ($6)
Seat 6: Luanto 14 (big blind) folded before Flop


PokerStars Hand #159840327633:  Hold'em Limit ($3/$6 USD) - 2016/10/12 14:48:45 ET
Table 'Xanthe II' 6-max Seat #3 is the button
Seat 3: Kimberlyaa ($107.02 in chips)
Seat 6: Luanto 14 ($80.07 in chips)
Kimberlyaa: posts small blind $1
Luanto 14: posts big blind $3
*** HOLE CARDS ***
Kimberlyaa: folds
Uncalled bet ($2) returned to Luanto 14
Luanto 14 collected $2 from pot
Luanto 14: doesn't show hand
*** SUMMARY ***
Total pot $2 | Rake $0
Seat 3: Kimberlyaa (button) (small blind) folded before Flop
Seat 6: Luanto 14 (big blind) collected ($2)


PokerStars Hand #159840322361:  Hold'em Limit ($3/$6 USD) - 2016/10/12 14:48:39 ET
Table 'Xanthe II' 6-max Seat #6 is the button
Seat 3: Kimberlyaa ($110.02 in chips)
Seat 6: Luanto 14 ($77.07 in chips)
Luanto 14: posts small blind $1
Kimberlyaa: posts big blind $3
*** HOLE CARDS ***
Luanto 14: raises $3 to $6
Kimberlyaa: folds
Uncalled bet ($3) returned to Luanto 14
Luanto 14 collected $6 from pot
Luanto 14: doesn't show hand
*** SUMMARY ***
Total pot $6 | Rake $0
Seat 3: Kimberlyaa (big blind) folded before Flop
Seat 6: Luanto 14 (button) (small blind) collected ($6)


PokerStars Hand #159851258578:  Hold'em Limit ($3/$6 USD) - 2016/10/12 18:18:42 ET
Table 'Xanthe II' 6-max Seat #1 is the button
Seat 1: ToDaFelt ($122.62 in chips)
Seat 2: komornik ($102.88 in chips)
ToDaFelt: posts small blind $1
komornik: posts big blind $3
*** HOLE CARDS ***
ToDaFelt: raises $3 to $6
komornik: folds
Uncalled bet ($3) returned to ToDaFelt
ToDaFelt collected $6 from pot
ToDaFelt: doesn't show hand
*** SUMMARY ***
Total pot $6 | Rake $0
Seat 1: ToDaFelt (button) (small blind) collected ($6)
Seat 2: komornik (big blind) folded before Flop


PokerStars Hand #159851237362:  Hold'em Limit ($3/$6 USD) - 2016/10/12 18:18:14 ET
Table 'Xanthe II' 6-max Seat #2 is the button
Seat 1: ToDaFelt ($128.62 in chips)
Seat 2: komornik ($97.12 in chips)
komornik: posts small blind $1
ToDaFelt: posts big blind $3
*** HOLE CARDS ***
komornik: raises $3 to $6
ToDaFelt: calls $3
*** FLOP *** [Jc Qs 4d]
ToDaFelt: checks
komornik: bets $3
ToDaFelt: folds
Uncalled bet ($3) returned to komornik
komornik collected $11.76 from pot
komornik: doesn't show hand
*** SUMMARY ***
Total pot $12 | Rake $0.24
Board [Jc Qs 4d]
Seat 1: ToDaFelt (big blind) folded on the Flop
Seat 2: komornik (button) (small blind) collected ($11.76)


