PokerStars Hand #171738408250:  Hold'em Limit ($3/$6 USD) - 2017/06/13 17:03:57 ET
Table 'Xanthe II' 6-max Seat #1 is the button
Seat 1: Auge72 ($138.26 in chips)
Seat 3: TinaTurner72 ($100.64 in chips)
Auge72: posts small blind $1
TinaTurner72: posts big blind $3
*** HOLE CARDS ***
Auge72: folds
Uncalled bet ($2) returned to TinaTurner72
TinaTurner72 collected $2 from pot
TinaTurner72: doesn't show hand
*** SUMMARY ***
Total pot $2 | Rake $0
Seat 1: Auge72 (button) (small blind) folded before Flop
Seat 3: TinaTurner72 (big blind) collected ($2)


PokerStars Hand #171738376972:  Hold'em Limit ($3/$6 USD) - 2017/06/13 17:03:18 ET
Table 'Xanthe II' 6-max Seat #3 is the button
Seat 1: Auge72 ($147.26 in chips)
Seat 3: TinaTurner72 ($92 in chips)
TinaTurner72: posts small blind $1
Auge72: posts big blind $3
*** HOLE CARDS ***
TinaTurner72: raises $3 to $6
Auge72: calls $3
*** FLOP *** [As Kd Qc]
Auge72: checks
TinaTurner72: bets $3
Auge72: calls $3
*** TURN *** [As Kd Qc] [3h]
Auge72: checks
TinaTurner72: checks
*** RIVER *** [As Kd Qc 3h] [8c]
Auge72: checks
TinaTurner72: bets $6
Auge72: folds
Uncalled bet ($6) returned to TinaTurner72
TinaTurner72 collected $17.64 from pot
TinaTurner72: doesn't show hand
*** SUMMARY ***
Total pot $18 | Rake $0.36
Board [As Kd Qc 3h 8c]
Seat 1: Auge72 (big blind) folded on the River
Seat 3: TinaTurner72 (button) (small blind) collected ($17.64)


PokerStars Hand #171738356855:  Hold'em Limit ($3/$6 USD) - 2017/06/13 17:02:54 ET
Table 'Xanthe II' 6-max Seat #1 is the button
Seat 1: Auge72 ($141.50 in chips)
Seat 3: TinaTurner72 ($98 in chips)
Auge72: posts small blind $1
TinaTurner72: posts big blind $3
*** HOLE CARDS ***
Auge72: raises $3 to $6
TinaTurner72: calls $3
*** FLOP *** [5h 6c Qs]
TinaTurner72: checks
Auge72: checks
*** TURN *** [5h 6c Qs] [Td]
TinaTurner72: checks
Auge72: checks
*** RIVER *** [5h 6c Qs Td] [7s]
TinaTurner72: checks
Auge72: checks
*** SHOW DOWN ***
TinaTurner72: shows [Jh 8s] (high card Queen)
Auge72: shows [8h Kh] (high card King)
Auge72 collected $11.76 from pot
*** SUMMARY ***
Total pot $12 | Rake $0.24
Board [5h 6c Qs Td 7s]
Seat 1: Auge72 (button) (small blind) showed [8h Kh] and won ($11.76) with high card King
Seat 3: TinaTurner72 (big blind) showed [Jh 8s] and lost with high card Queen


PokerStars Hand #171738411861:  Hold'em Limit ($3/$6 USD) - 2017/06/13 17:04:01 ET
Table 'Xanthe II' 6-max Seat #3 is the button
Seat 1: Auge72 ($137.26 in chips)
Seat 3: TinaTurner72 ($101.64 in chips)
TinaTurner72: posts small blind $1
Auge72: posts big blind $3
*** HOLE CARDS ***
TinaTurner72: raises $3 to $6
Auge72: raises $3 to $9
TinaTurner72: calls $3
*** FLOP *** [Td Ad Ks]
Auge72: bets $3
TinaTurner72: calls $3
*** TURN *** [Td Ad Ks] [Th]
Auge72: checks
TinaTurner72: checks
*** RIVER *** [Td Ad Ks Th] [5s]
Auge72: checks
TinaTurner72: checks
*** SHOW DOWN ***
Auge72: shows [8h 9s] (a pair of Tens)
TinaTurner72: shows [Qc 2s] (a pair of Tens - Ace+King+Queen kicker)
TinaTurner72 collected $23.52 from pot
*** SUMMARY ***
Total pot $24 | Rake $0.48
Board [Td Ad Ks Th 5s]
Seat 1: Auge72 (big blind) showed [8h 9s] and lost with a pair of Tens
Seat 3: TinaTurner72 (button) (small blind) showed [Qc 2s] and won ($23.52) with a pair of Tens


PokerStars Hand #171738472483:  Hold'em Limit ($3/$6 USD) - 2017/06/13 17:05:13 ET
Table 'Xanthe II' 6-max Seat #1 is the button
Seat 1: Auge72 ($119.26 in chips)
Seat 3: TinaTurner72 ($119.04 in chips)
Auge72: posts small blind $1
TinaTurner72: posts big blind $3
*** HOLE CARDS ***
Auge72: raises $3 to $6
TinaTurner72: raises $3 to $9
Auge72: raises $3 to $12
Betting is capped
TinaTurner72: calls $3
*** FLOP *** [Kh 8d 7c]
TinaTurner72: checks
Auge72: bets $3
TinaTurner72: raises $3 to $6
Auge72: calls $3
*** TURN *** [Kh 8d 7c] [3s]
TinaTurner72: bets $6
Auge72: folds
Uncalled bet ($6) returned to TinaTurner72
TinaTurner72 collected $35.50 from pot
TinaTurner72: doesn't show hand
*** SUMMARY ***
Total pot $36 | Rake $0.50
Board [Kh 8d 7c 3s]
Seat 1: Auge72 (button) (small blind) folded on the Turn
Seat 3: TinaTurner72 (big blind) collected ($35.50)


PokerStars Hand #171738464962:  Hold'em Limit ($3/$6 USD) - 2017/06/13 17:05:05 ET
Table 'Xanthe II' 6-max Seat #3 is the button
Seat 1: Auge72 ($122.26 in chips)
Seat 3: TinaTurner72 ($116.04 in chips)
TinaTurner72: posts small blind $1
Auge72: posts big blind $3
*** HOLE CARDS ***
TinaTurner72: raises $3 to $6
Auge72: folds
Uncalled bet ($3) returned to TinaTurner72
TinaTurner72 collected $6 from pot
TinaTurner72: doesn't show hand
*** SUMMARY ***
Total pot $6 | Rake $0
Seat 1: Auge72 (big blind) folded before Flop
Seat 3: TinaTurner72 (button) (small blind) collected ($6)


PokerStars Hand #171738431216:  Hold'em Limit ($3/$6 USD) - 2017/06/13 17:04:25 ET
Table 'Xanthe II' 6-max Seat #1 is the button
Seat 1: Auge72 ($125.26 in chips)
Seat 3: TinaTurner72 ($113.16 in chips)
Auge72: posts small blind $1
TinaTurner72: posts big blind $3
*** HOLE CARDS ***
Auge72: calls $2
TinaTurner72: checks
*** FLOP *** [Ts Qh 6h]
TinaTurner72: checks
Auge72: checks
*** TURN *** [Ts Qh 6h] [Jd]
TinaTurner72: checks
Auge72: checks
*** RIVER *** [Ts Qh 6h Jd] [5c]
TinaTurner72: checks
Auge72: checks
*** SHOW DOWN ***
TinaTurner72: shows [5s 9c] (a pair of Fives)
Auge72: mucks hand
TinaTurner72 collected $5.88 from pot
*** SUMMARY ***
Total pot $6 | Rake $0.12
Board [Ts Qh 6h Jd 5c]
Seat 1: Auge72 (button) (small blind) mucked
Seat 3: TinaTurner72 (big blind) showed [5s 9c] and won ($5.88) with a pair of Fives


PokerStars Hand #171738503229:  Hold'em Limit ($3/$6 USD) - 2017/06/13 17:05:51 ET
Table 'Xanthe II' 6-max Seat #3 is the button
Seat 1: Auge72 ($101.26 in chips)
Seat 3: TinaTurner72 ($136.54 in chips)
TinaTurner72: posts small blind $1
Auge72: posts big blind $3
*** HOLE CARDS ***
TinaTurner72: raises $3 to $6
Auge72: calls $3
*** FLOP *** [Ad 9h Th]
Auge72: checks
TinaTurner72: bets $3
scorpio04 joins the table at seat #2
Auge72: raises $3 to $6
TinaTurner72: calls $3
*** TURN *** [Ad 9h Th] [Kh]
Auge72: bets $6
TinaTurner72: raises $6 to $12
Auge72: calls $6
*** RIVER *** [Ad 9h Th Kh] [Jc]
Auge72: checks
TinaTurner72: bets $6
Auge72: calls $6
*** SHOW DOWN ***
TinaTurner72: shows [Ah Qh] (a flush, Ace high)
Auge72: mucks hand
TinaTurner72 collected $59.50 from pot
*** SUMMARY ***
Total pot $60 | Rake $0.50
Board [Ad 9h Th Kh Jc]
Seat 1: Auge72 (big blind) mucked
Seat 3: TinaTurner72 (button) (small blind) showed [Ah Qh] and won ($59.50) with a flush, Ace high


PokerStars Hand #171738763987:  Hold'em Limit ($3/$6 USD) - 2017/06/13 17:11:01 ET
Table 'Xanthe II' 6-max Seat #2 is the button
Seat 2: scorpio04 ($178.02 in chips)
Seat 5: drunkJ83 ($178.63 in chips)
scorpio04: posts small blind $1
drunkJ83: posts big blind $3
*** HOLE CARDS ***
scorpio04: raises $3 to $6
drunkJ83: raises $3 to $9
scorpio04: calls $3
*** FLOP *** [Js Ah 4d]
drunkJ83: bets $3
scorpio04: calls $3
*** TURN *** [Js Ah 4d] [3d]
drunkJ83: bets $6
scorpio04: calls $6
*** RIVER *** [Js Ah 4d 3d] [Qh]
drunkJ83: checks
scorpio04: bets $6
drunkJ83: calls $6
*** SHOW DOWN ***
scorpio04: shows [As 7s] (a pair of Aces)
drunkJ83: mucks hand
scorpio04 collected $47.50 from pot
*** SUMMARY ***
Total pot $48 | Rake $0.50
Board [Js Ah 4d 3d Qh]
Seat 2: scorpio04 (button) (small blind) showed [As 7s] and won ($47.50) with a pair of Aces
Seat 5: drunkJ83 (big blind) mucked


PokerStars Hand #171738796450:  Hold'em Limit ($3/$6 USD) - 2017/06/13 17:11:40 ET
Table 'Xanthe II' 6-max Seat #5 is the button
Seat 2: scorpio04 ($201.52 in chips)
Seat 5: drunkJ83 ($154.63 in chips)
drunkJ83: posts small blind $1
scorpio04: posts big blind $3
*** HOLE CARDS ***
drunkJ83: raises $3 to $6
scorpio04: raises $3 to $9
drunkJ83: calls $3
*** FLOP *** [4c Tc Ac]
scorpio04: bets $3
drunkJ83: calls $3
*** TURN *** [4c Tc Ac] [2c]
scorpio04: checks
drunkJ83: checks
*** RIVER *** [4c Tc Ac 2c] [2h]
scorpio04: bets $6
drunkJ83: raises $6 to $12
scorpio04: calls $6
*** SHOW DOWN ***
drunkJ83: shows [8c Js] (a flush, Ace high)
scorpio04: shows [9h 9c] (a flush, Ace high - Nine higher)
scorpio04 collected $47.50 from pot
*** SUMMARY ***
Total pot $48 | Rake $0.50
Board [4c Tc Ac 2c 2h]
Seat 2: scorpio04 (big blind) showed [9h 9c] and won ($47.50) with a flush, Ace high
Seat 5: drunkJ83 (button) (small blind) showed [8c Js] and lost with a flush, Ace high


PokerStars Hand #171738819071:  Hold'em Limit ($3/$6 USD) - 2017/06/13 17:12:07 ET
Table 'Xanthe II' 6-max Seat #2 is the button
Seat 2: scorpio04 ($225.02 in chips)
Seat 5: drunkJ83 ($130.63 in chips)
scorpio04: posts small blind $1
drunkJ83: posts big blind $3
*** HOLE CARDS ***
scorpio04: raises $3 to $6
drunkJ83: calls $3
*** FLOP *** [Qd 4h Jd]
drunkJ83: checks
scorpio04: checks
*** TURN *** [Qd 4h Jd] [Ah]
drunkJ83: bets $6
TinaTurner72 joins the table at seat #6
scorpio04: folds
Uncalled bet ($6) returned to drunkJ83
drunkJ83 collected $11.76 from pot
drunkJ83: doesn't show hand
*** SUMMARY ***
Total pot $12 | Rake $0.24
Board [Qd 4h Jd Ah]
Seat 2: scorpio04 (button) (small blind) folded on the Turn
Seat 5: drunkJ83 (big blind) collected ($11.76)


PokerStars Hand #171743459052:  Hold'em Limit ($3/$6 USD) - 2017/06/13 19:00:59 ET
Table 'Xanthe II' 6-max Seat #2 is the button
Seat 2: scorpio04 ($273.28 in chips)
Seat 6: Hannibal2211 ($78.76 in chips)
scorpio04: posts small blind $1
Hannibal2211: posts big blind $3
*** HOLE CARDS ***
scorpio04: folds
Uncalled bet ($2) returned to Hannibal2211
Hannibal2211 collected $2 from pot
*** SUMMARY ***
Total pot $2 | Rake $0
Seat 2: scorpio04 (button) (small blind) folded before Flop
Seat 6: Hannibal2211 (big blind) collected ($2)


PokerStars Hand #171743435157:  Hold'em Limit ($3/$6 USD) - 2017/06/13 19:00:14 ET
Table 'Xanthe II' 6-max Seat #2 is the button
Seat 2: scorpio04 ($280.28 in chips)
Seat 6: Hannibal2211 ($72 in chips)
scorpio04: posts small blind $1
Hannibal2211: posts big blind $3
*** HOLE CARDS ***
scorpio04: folds
Uncalled bet ($2) returned to Hannibal2211
Hannibal2211 collected $2 from pot
*** SUMMARY ***
Total pot $2 | Rake $0
Seat 2: scorpio04 (button) (small blind) folded before Flop
Seat 6: Hannibal2211 (big blind) collected ($2)


PokerStars Hand #171743456309:  Hold'em Limit ($3/$6 USD) - 2017/06/13 19:00:54 ET
Table 'Xanthe II' 6-max Seat #6 is the button
Seat 2: scorpio04 ($272.28 in chips)
Seat 6: Hannibal2211 ($79.76 in chips)
Hannibal2211: posts small blind $1
scorpio04: posts big blind $3
*** HOLE CARDS ***
Hannibal2211: folds
Uncalled bet ($2) returned to scorpio04
scorpio04 collected $2 from pot
scorpio04: doesn't show hand
*** SUMMARY ***
Total pot $2 | Rake $0
Seat 2: scorpio04 (big blind) collected ($2)
Seat 6: Hannibal2211 (button) (small blind) folded before Flop


PokerStars Hand #171743452965:  Hold'em Limit ($3/$6 USD) - 2017/06/13 19:00:48 ET
Table 'Xanthe II' 6-max Seat #2 is the button
Seat 2: scorpio04 ($273.28 in chips)
Seat 6: Hannibal2211 ($78.76 in chips)
scorpio04: posts small blind $1
Hannibal2211: posts big blind $3
*** HOLE CARDS ***
scorpio04: folds
Uncalled bet ($2) returned to Hannibal2211
Hannibal2211 collected $2 from pot
*** SUMMARY ***
Total pot $2 | Rake $0
Seat 2: scorpio04 (button) (small blind) folded before Flop
Seat 6: Hannibal2211 (big blind) collected ($2)


PokerStars Hand #171743439746:  Hold'em Limit ($3/$6 USD) - 2017/06/13 19:00:23 ET
Table 'Xanthe II' 6-max Seat #6 is the button
Seat 2: scorpio04 ($279.28 in chips)
Seat 6: Hannibal2211 ($73 in chips)
Hannibal2211: posts small blind $1
scorpio04: posts big blind $3
*** HOLE CARDS ***
Hannibal2211: raises $3 to $6
scorpio04: calls $3
*** FLOP *** [Ah 7c Jh]
scorpio04: checks
Hannibal2211: bets $3
scorpio04: folds
Uncalled bet ($3) returned to Hannibal2211
Hannibal2211 collected $11.76 from pot
*** SUMMARY ***
Total pot $12 | Rake $0.24
Board [Ah 7c Jh]
Seat 2: scorpio04 (big blind) folded on the Flop
Seat 6: Hannibal2211 (button) (small blind) collected ($11.76)


PokerStars Hand #171743499390:  Hold'em Limit ($3/$6 USD) - 2017/06/13 19:01:59 ET
Table 'Xanthe II' 6-max Seat #2 is the button
Seat 2: scorpio04 ($280.92 in chips)
Seat 6: Hannibal2211 ($72 in chips)
scorpio04: posts small blind $1
Hannibal2211: posts big blind $3
*** HOLE CARDS ***
scorpio04: folds
Uncalled bet ($2) returned to Hannibal2211
Hannibal2211 collected $2 from pot
*** SUMMARY ***
Total pot $2 | Rake $0
Seat 2: scorpio04 (button) (small blind) folded before Flop
Seat 6: Hannibal2211 (big blind) collected ($2)


PokerStars Hand #171743470695:  Hold'em Limit ($3/$6 USD) - 2017/06/13 19:01:09 ET
Table 'Xanthe II' 6-max Seat #6 is the button
Seat 2: scorpio04 ($272.28 in chips)
Seat 6: Hannibal2211 ($79.76 in chips)
Hannibal2211: posts small blind $1
scorpio04: posts big blind $3
*** HOLE CARDS ***
Hannibal2211: raises $3 to $6
scorpio04: folds
Uncalled bet ($3) returned to Hannibal2211
Hannibal2211 collected $6 from pot
*** SUMMARY ***
Total pot $6 | Rake $0
Seat 2: scorpio04 (big blind) folded before Flop
Seat 6: Hannibal2211 (button) (small blind) collected ($6)


PokerStars Hand #171743483442:  Hold'em Limit ($3/$6 USD) - 2017/06/13 19:01:32 ET
Table 'Xanthe II' 6-max Seat #6 is the button
Seat 2: scorpio04 ($272.28 in chips)
Seat 6: Hannibal2211 ($79.76 in chips)
Hannibal2211: posts small blind $1
scorpio04: posts big blind $3
*** HOLE CARDS ***
Hannibal2211: raises $3 to $6
scorpio04: raises $3 to $9
Hannibal2211: calls $3
*** FLOP *** [As Kd 9d]
scorpio04: bets $3
Hannibal2211: folds
Uncalled bet ($3) returned to scorpio04
scorpio04 collected $17.64 from pot
scorpio04: doesn't show hand
*** SUMMARY ***
Total pot $18 | Rake $0.36
Board [As Kd 9d]
Seat 2: scorpio04 (big blind) collected ($17.64)
Seat 6: Hannibal2211 (button) (small blind) folded on the Flop


PokerStars Hand #171743475950:  Hold'em Limit ($3/$6 USD) - 2017/06/13 19:01:19 ET
Table 'Xanthe II' 6-max Seat #2 is the button
Seat 2: scorpio04 ($269.28 in chips)
Seat 6: Hannibal2211 ($82.76 in chips)
scorpio04: posts small blind $1
Hannibal2211: posts big blind $3
*** HOLE CARDS ***
scorpio04: raises $3 to $6
Hannibal2211: folds
Uncalled bet ($3) returned to scorpio04
scorpio04 collected $6 from pot
scorpio04: doesn't show hand
*** SUMMARY ***
Total pot $6 | Rake $0
Seat 2: scorpio04 (button) (small blind) collected ($6)
Seat 6: Hannibal2211 (big blind) folded before Flop


PokerStars Hand #171743502759:  Hold'em Limit ($3/$6 USD) - 2017/06/13 19:02:05 ET
Table 'Xanthe II' 6-max Seat #6 is the button
Seat 2: scorpio04 ($279.92 in chips)
Seat 6: Hannibal2211 ($73 in chips)
Hannibal2211: posts small blind $1
scorpio04: posts big blind $3
*** HOLE CARDS ***
Hannibal2211: raises $3 to $6
scorpio04: calls $3
*** FLOP *** [6c Qs 6h]
scorpio04: checks
Hannibal2211: bets $3
scorpio04: calls $3
*** TURN *** [6c Qs 6h] [Tc]
scorpio04: checks
Hannibal2211: checks
*** RIVER *** [6c Qs 6h Tc] [Js]
scorpio04: bets $6
Hannibal2211: folds
Uncalled bet ($6) returned to scorpio04
scorpio04 collected $17.64 from pot
scorpio04: doesn't show hand
*** SUMMARY ***
Total pot $18 | Rake $0.36
Board [6c Qs 6h Tc Js]
Seat 2: scorpio04 (big blind) collected ($17.64)
Seat 6: Hannibal2211 (button) (small blind) folded on the River


PokerStars Hand #171743586659:  Hold'em Limit ($3/$6 USD) - 2017/06/13 19:04:26 ET
Table 'Xanthe II' 6-max Seat #2 is the button
Seat 2: scorpio04 ($277.56 in chips)
Seat 6: Hannibal2211 ($82.52 in chips)
scorpio04: posts small blind $1
Hannibal2211: posts big blind $3
*** HOLE CARDS ***
scorpio04: folds
Uncalled bet ($2) returned to Hannibal2211
Hannibal2211 collected $2 from pot
*** SUMMARY ***
Total pot $2 | Rake $0
Seat 2: scorpio04 (button) (small blind) folded before Flop
Seat 6: Hannibal2211 (big blind) collected ($2)


PokerStars Hand #171743543668:  Hold'em Limit ($3/$6 USD) - 2017/06/13 19:03:13 ET
Table 'Xanthe II' 6-max Seat #2 is the button
Seat 2: scorpio04 ($288.56 in chips)
Seat 6: Hannibal2211 ($72 in chips)
scorpio04: posts small blind $1
Hannibal2211: posts big blind $3
*** HOLE CARDS ***
scorpio04: raises $3 to $6
Hannibal2211: calls $3
*** FLOP *** [7h 5d Ks]
Hannibal2211: checks
scorpio04: bets $3
Hannibal2211: raises $3 to $6
scorpio04: calls $3
*** TURN *** [7h 5d Ks] [Kc]
Hannibal2211: bets $6
scorpio04: folds
Uncalled bet ($6) returned to Hannibal2211
Hannibal2211 collected $23.52 from pot
*** SUMMARY ***
Total pot $24 | Rake $0.48
Board [7h 5d Ks Kc]
Seat 2: scorpio04 (button) (small blind) folded on the Turn
Seat 6: Hannibal2211 (big blind) collected ($23.52)


PokerStars Hand #171743581374:  Hold'em Limit ($3/$6 USD) - 2017/06/13 19:04:17 ET
Table 'Xanthe II' 6-max Seat #6 is the button
Seat 2: scorpio04 ($276.56 in chips)
Seat 6: Hannibal2211 ($83.52 in chips)
Hannibal2211: posts small blind $1
scorpio04: posts big blind $3
*** HOLE CARDS ***
Hannibal2211: folds
Uncalled bet ($2) returned to scorpio04
scorpio04 collected $2 from pot
scorpio04: doesn't show hand
*** SUMMARY ***
Total pot $2 | Rake $0
Seat 2: scorpio04 (big blind) collected ($2)
Seat 6: Hannibal2211 (button) (small blind) folded before Flop


PokerStars Hand #171743592378:  Hold'em Limit ($3/$6 USD) - 2017/06/13 19:04:36 ET
Table 'Xanthe II' 6-max Seat #6 is the button
Seat 2: scorpio04 ($276.56 in chips)
Seat 6: Hannibal2211 ($83.52 in chips)
Hannibal2211: posts small blind $1
scorpio04: posts big blind $3
*** HOLE CARDS ***
Hannibal2211: raises $3 to $6
scorpio04: raises $3 to $9
Hannibal2211: calls $3
*** FLOP *** [5d 4h Qs]
scorpio04: bets $3
Hannibal2211: raises $3 to $6
muzixibei joins the table at seat #3
scorpio04: raises $3 to $9
Hannibal2211: calls $3
*** TURN *** [5d 4h Qs] [Ac]
scorpio04: bets $6
Hannibal2211: calls $6
*** RIVER *** [5d 4h Qs Ac] [Td]
scorpio04: bets $6
Hannibal2211: folds
Uncalled bet ($6) returned to scorpio04
scorpio04 collected $47.50 from pot
scorpio04: doesn't show hand
*** SUMMARY ***
Total pot $48 | Rake $0.50
Board [5d 4h Qs Ac Td]
Seat 2: scorpio04 (big blind) collected ($47.50)
Seat 6: Hannibal2211 (button) (small blind) folded on the River


PokerStars Hand #171745051489:  Hold'em Limit ($3/$6 USD) - 2017/06/13 19:48:39 ET
Table 'Xanthe II' 6-max Seat #2 is the button
Seat 2: scorpio04 ($234.93 in chips)
Seat 4: B_loJkl ($158.14 in chips)
scorpio04: posts small blind $1
B_loJkl: posts big blind $3
*** HOLE CARDS ***
scorpio04: raises $3 to $6
B_loJkl: calls $3
*** FLOP *** [5h 3s 8d]
B_loJkl: checks
scorpio04: bets $3
B_loJkl: calls $3
*** TURN *** [5h 3s 8d] [Qd]
B_loJkl: checks
scorpio04: bets $6
B_loJkl: raises $6 to $12
scorpio04: folds
Uncalled bet ($6) returned to B_loJkl
B_loJkl collected $29.50 from pot
B_loJkl: doesn't show hand
*** SUMMARY ***
Total pot $30 | Rake $0.50
Board [5h 3s 8d Qd]
Seat 2: scorpio04 (button) (small blind) folded on the Turn
Seat 4: B_loJkl (big blind) collected ($29.50)


PokerStars Hand #171745048839:  Hold'em Limit ($3/$6 USD) - 2017/06/13 19:48:34 ET
Table 'Xanthe II' 6-max Seat #4 is the button
Seat 2: scorpio04 ($233.93 in chips)
Seat 4: B_loJkl ($159.14 in chips)
B_loJkl: posts small blind $1
Hannibal2211: is sitting out
scorpio04: posts big blind $3
*** HOLE CARDS ***
B_loJkl: folds
Uncalled bet ($2) returned to scorpio04
scorpio04 collected $2 from pot
scorpio04: doesn't show hand
*** SUMMARY ***
Total pot $2 | Rake $0
Seat 2: scorpio04 (big blind) collected ($2)
Seat 4: B_loJkl (button) (small blind) folded before Flop


