PokerStars Hand #156834232448:  Hold'em Limit ($3/$6 USD) - 2016/08/03 19:59:39 ET
Table 'Xanthippe II' 10-max Seat #9 is the button
Seat 8: Pandakey ($145 in chips)
Seat 9: doidovarrido ($54 in chips)
doidovarrido: posts small blind $1
Pandakey: posts big blind $3
*** HOLE CARDS ***
doidovarrido: raises $3 to $6
Pandakey: calls $3
*** FLOP *** [3h Jc 5c]
Pandakey: checks
doidovarrido: bets $3
Pandakey: folds
Uncalled bet ($3) returned to doidovarrido
doidovarrido collected $11.76 from pot
doidovarrido: doesn't show hand
*** SUMMARY ***
Total pot $12 | Rake $0.24
Board [3h Jc 5c]
Seat 8: Pandakey (big blind) folded on the Flop
Seat 9: doidovarrido (button) (small blind) collected ($11.76)


PokerStars Hand #156834216321:  Hold'em Limit ($3/$6 USD) - 2016/08/03 19:59:01 ET
Table 'Xanthippe II' 10-max Seat #8 is the button
Seat 7: Mullern ($27.54 in chips)
Seat 8: Pandakey ($118.50 in chips)
Pandakey: posts small blind $1
Mullern: posts big blind $3
*** HOLE CARDS ***
Pandakey: raises $3 to $6
Mullern: calls $3
*** FLOP *** [5s 6d 8s]
Mullern: checks
Pandakey: bets $3
Mullern: raises $3 to $6
Pandakey: raises $3 to $9
Mullern: calls $3
*** TURN *** [5s 6d 8s] [Qc]
Mullern: checks
Pandakey: bets $6
Mullern: calls $6
*** RIVER *** [5s 6d 8s Qc] [4d]
Mullern: checks
Pandakey: bets $6
Mullern: calls $6
*** SHOW DOWN ***
Pandakey: shows [5d 5h] (three of a kind, Fives)
Mullern: mucks hand
doidovarrido joins the table at seat #9
Pandakey collected $53.50 from pot
*** SUMMARY ***
Total pot $54 | Rake $0.50
Board [5s 6d 8s Qc 4d]
Seat 7: Mullern (big blind) mucked
Seat 8: Pandakey (button) (small blind) showed [5d 5h] and won ($53.50) with three of a kind, Fives


PokerStars Hand #156834258722:  Hold'em Limit ($3/$6 USD) - 2016/08/03 20:00:41 ET
Table 'Xanthippe II' 10-max Seat #9 is the button
Seat 8: Pandakey ($123 in chips)
Seat 9: doidovarrido ($75.28 in chips)
doidovarrido: posts small blind $1
Pandakey: posts big blind $3
*** HOLE CARDS ***
doidovarrido: raises $3 to $6
Pandakey: calls $3
*** FLOP *** [8s 6h Td]
Pandakey: checks
doidovarrido: bets $3
Pandakey: calls $3
*** TURN *** [8s 6h Td] [3d]
Pandakey: checks
doidovarrido: bets $6
Pandakey: folds
Uncalled bet ($6) returned to doidovarrido
doidovarrido collected $17.64 from pot
doidovarrido: doesn't show hand
*** SUMMARY ***
Total pot $18 | Rake $0.36
Board [8s 6h Td 3d]
Seat 8: Pandakey (big blind) folded on the Turn
Seat 9: doidovarrido (button) (small blind) collected ($17.64)


PokerStars Hand #156834255943:  Hold'em Limit ($3/$6 USD) - 2016/08/03 20:00:35 ET
Table 'Xanthippe II' 10-max Seat #8 is the button
Seat 8: Pandakey ($124 in chips)
Seat 9: doidovarrido ($74.28 in chips)
Pandakey: posts small blind $1
doidovarrido: posts big blind $3
*** HOLE CARDS ***
Pandakey: folds
Uncalled bet ($2) returned to doidovarrido
doidovarrido collected $2 from pot
doidovarrido: doesn't show hand
*** SUMMARY ***
Total pot $2 | Rake $0
Seat 8: Pandakey (button) (small blind) folded before Flop
Seat 9: doidovarrido (big blind) collected ($2)


PokerStars Hand #156834253213:  Hold'em Limit ($3/$6 USD) - 2016/08/03 20:00:28 ET
Table 'Xanthippe II' 10-max Seat #9 is the button
Seat 8: Pandakey ($127 in chips)
Seat 9: doidovarrido ($71.28 in chips)
doidovarrido: posts small blind $1
Pandakey: posts big blind $3
*** HOLE CARDS ***
doidovarrido: raises $3 to $6
Pandakey: folds
Uncalled bet ($3) returned to doidovarrido
doidovarrido collected $6 from pot
doidovarrido: doesn't show hand
*** SUMMARY ***
Total pot $6 | Rake $0
Seat 8: Pandakey (big blind) folded before Flop
Seat 9: doidovarrido (button) (small blind) collected ($6)


PokerStars Hand #156834240806:  Hold'em Limit ($3/$6 USD) - 2016/08/03 19:59:59 ET
Table 'Xanthippe II' 10-max Seat #8 is the button
Seat 8: Pandakey ($139 in chips)
Seat 9: doidovarrido ($59.76 in chips)
Pandakey: posts small blind $1
doidovarrido: posts big blind $3
*** HOLE CARDS ***
Pandakey: raises $3 to $6
doidovarrido: calls $3
*** FLOP *** [Qc 4s Js]
doidovarrido: checks
Pandakey: checks
*** TURN *** [Qc 4s Js] [9d]
doidovarrido: bets $6
Pandakey: calls $6
*** RIVER *** [Qc 4s Js 9d] [Ac]
doidovarrido: checks
Pandakey: checks
*** SHOW DOWN ***
doidovarrido: shows [Qs 3s] (a pair of Queens)
Pandakey: mucks hand
doidovarrido collected $23.52 from pot
*** SUMMARY ***
Total pot $24 | Rake $0.48
Board [Qc 4s Js 9d Ac]
Seat 8: Pandakey (button) (small blind) mucked
Seat 9: doidovarrido (big blind) showed [Qs 3s] and won ($23.52) with a pair of Queens


PokerStars Hand #156834276273:  Hold'em Limit ($3/$6 USD) - 2016/08/03 20:01:19 ET
Table 'Xanthippe II' 10-max Seat #9 is the button
Seat 8: Pandakey ($119.76 in chips)
Seat 9: doidovarrido ($77.92 in chips)
doidovarrido: posts small blind $1
Pandakey: posts big blind $3
*** HOLE CARDS ***
doidovarrido: raises $3 to $6
Pandakey: raises $3 to $9
doidovarrido: raises $3 to $12
Betting is capped
Pandakey: calls $3
*** FLOP *** [Jd 6s 4h]
Pandakey: checks
doidovarrido: bets $3
Pandakey: calls $3
*** TURN *** [Jd 6s 4h] [Jc]
Pandakey: checks
doidovarrido: bets $6
Pandakey: calls $6
*** RIVER *** [Jd 6s 4h Jc] [Td]
Pandakey: checks
doidovarrido: bets $6
Pandakey: calls $6
*** SHOW DOWN ***
doidovarrido: shows [Kd Ks] (two pair, Kings and Jacks)
Pandakey: mucks hand
doidovarrido collected $53.50 from pot
*** SUMMARY ***
Total pot $54 | Rake $0.50
Board [Jd 6s 4h Jc Td]
Seat 8: Pandakey (big blind) mucked
Seat 9: doidovarrido (button) (small blind) showed [Kd Ks] and won ($53.50) with two pair, Kings and Jacks


PokerStars Hand #156834267069:  Hold'em Limit ($3/$6 USD) - 2016/08/03 20:00:59 ET
Table 'Xanthippe II' 10-max Seat #8 is the button
Seat 8: Pandakey ($114 in chips)
Seat 9: doidovarrido ($83.92 in chips)
Pandakey: posts small blind $1
doidovarrido: posts big blind $3
*** HOLE CARDS ***
Pandakey: raises $3 to $6
doidovarrido: calls $3
*** FLOP *** [Jh 4s Kh]
doidovarrido: checks
Pandakey: bets $3
doidovarrido: folds
Uncalled bet ($3) returned to Pandakey
Pandakey collected $11.76 from pot
Pandakey: doesn't show hand
*** SUMMARY ***
Total pot $12 | Rake $0.24
Board [Jh 4s Kh]
Seat 8: Pandakey (button) (small blind) collected ($11.76)
Seat 9: doidovarrido (big blind) folded on the Flop


PokerStars Hand #156834317336:  Hold'em Limit ($3/$6 USD) - 2016/08/03 20:02:44 ET
Table 'Xanthippe II' 10-max Seat #8 is the button
Seat 8: Pandakey ($99.40 in chips)
Seat 9: doidovarrido ($97.18 in chips)
Pandakey: posts small blind $1
doidovarrido: posts big blind $3
*** HOLE CARDS ***
Pandakey: folds
Uncalled bet ($2) returned to doidovarrido
doidovarrido collected $2 from pot
doidovarrido: doesn't show hand
*** SUMMARY ***
Total pot $2 | Rake $0
Seat 8: Pandakey (button) (small blind) folded before Flop
Seat 9: doidovarrido (big blind) collected ($2)


PokerStars Hand #156834309639:  Hold'em Limit ($3/$6 USD) - 2016/08/03 20:02:28 ET
Table 'Xanthippe II' 10-max Seat #9 is the button
Seat 8: Pandakey ($105.40 in chips)
Seat 9: doidovarrido ($91.42 in chips)
doidovarrido: posts small blind $1
Pandakey: posts big blind $3
*** HOLE CARDS ***
doidovarrido: raises $3 to $6
Pandakey: calls $3
*** FLOP *** [2h 3h 7h]
Pandakey: checks
doidovarrido: bets $3
Pandakey: folds
Uncalled bet ($3) returned to doidovarrido
doidovarrido collected $11.76 from pot
doidovarrido: doesn't show hand
*** SUMMARY ***
Total pot $12 | Rake $0.24
Board [2h 3h 7h]
Seat 8: Pandakey (big blind) folded on the Flop
Seat 9: doidovarrido (button) (small blind) collected ($11.76)


PokerStars Hand #156834303644:  Hold'em Limit ($3/$6 USD) - 2016/08/03 20:02:15 ET
Table 'Xanthippe II' 10-max Seat #8 is the button
Seat 8: Pandakey ($102.40 in chips)
Seat 9: doidovarrido ($94.42 in chips)
Pandakey: posts small blind $1
doidovarrido: posts big blind $3
*** HOLE CARDS ***
Pandakey: raises $3 to $6
doidovarrido: folds
Uncalled bet ($3) returned to Pandakey
Pandakey collected $6 from pot
Pandakey: doesn't show hand
*** SUMMARY ***
Total pot $6 | Rake $0
Seat 8: Pandakey (button) (small blind) collected ($6)
Seat 9: doidovarrido (big blind) folded before Flop


PokerStars Hand #156834300555:  Hold'em Limit ($3/$6 USD) - 2016/08/03 20:02:09 ET
Table 'Xanthippe II' 10-max Seat #9 is the button
Seat 8: Pandakey ($101.40 in chips)
Seat 9: doidovarrido ($95.42 in chips)
doidovarrido: posts small blind $1
Pandakey: posts big blind $3
*** HOLE CARDS ***
doidovarrido: folds
Uncalled bet ($2) returned to Pandakey
Pandakey collected $2 from pot
Pandakey: doesn't show hand
*** SUMMARY ***
Total pot $2 | Rake $0
Seat 8: Pandakey (big blind) collected ($2)
Seat 9: doidovarrido (button) (small blind) folded before Flop


PokerStars Hand #156834288370:  Hold'em Limit ($3/$6 USD) - 2016/08/03 20:01:44 ET
Table 'Xanthippe II' 10-max Seat #8 is the button
Seat 8: Pandakey ($92.76 in chips)
Seat 9: doidovarrido ($104.42 in chips)
Pandakey: posts small blind $1
doidovarrido: posts big blind $3
*** HOLE CARDS ***
Pandakey: raises $3 to $6
doidovarrido: calls $3
*** FLOP *** [Ac Kd 7s]
doidovarrido: checks
Pandakey: bets $3
doidovarrido: calls $3
*** TURN *** [Ac Kd 7s] [9d]
doidovarrido: checks
Pandakey: checks
*** RIVER *** [Ac Kd 7s 9d] [8d]
doidovarrido: checks
Pandakey: bets $6
doidovarrido: folds
Uncalled bet ($6) returned to Pandakey
Pandakey collected $17.64 from pot
Pandakey: doesn't show hand
*** SUMMARY ***
Total pot $18 | Rake $0.36
Board [Ac Kd 7s 9d 8d]
Seat 8: Pandakey (button) (small blind) collected ($17.64)
Seat 9: doidovarrido (big blind) folded on the River


PokerStars Hand #156834335359:  Hold'em Limit ($3/$6 USD) - 2016/08/03 20:03:20 ET
Table 'Xanthippe II' 10-max Seat #8 is the button
Seat 8: Pandakey ($109.92 in chips)
Seat 9: doidovarrido ($86.18 in chips)
Pandakey: posts small blind $1
doidovarrido: posts big blind $3
*** HOLE CARDS ***
Pandakey: raises $3 to $6
doidovarrido: calls $3
*** FLOP *** [Qc 2d Jc]
doidovarrido: checks
Pandakey: bets $3
doidovarrido: folds
Uncalled bet ($3) returned to Pandakey
Pandakey collected $11.76 from pot
Pandakey: doesn't show hand
*** SUMMARY ***
Total pot $12 | Rake $0.24
Board [Qc 2d Jc]
Seat 8: Pandakey (button) (small blind) collected ($11.76)
Seat 9: doidovarrido (big blind) folded on the Flop


PokerStars Hand #156834320948:  Hold'em Limit ($3/$6 USD) - 2016/08/03 20:02:51 ET
Table 'Xanthippe II' 10-max Seat #9 is the button
Seat 8: Pandakey ($98.40 in chips)
Seat 9: doidovarrido ($98.18 in chips)
doidovarrido: posts small blind $1
Pandakey: posts big blind $3
*** HOLE CARDS ***
doidovarrido: raises $3 to $6
Pandakey: raises $3 to $9
doidovarrido: calls $3
*** FLOP *** [9s 3s Td]
Pandakey: bets $3
doidovarrido: calls $3
*** TURN *** [9s 3s Td] [8c]
Mullern joins the table at seat #7
Pandakey: checks
doidovarrido: checks
*** RIVER *** [9s 3s Td 8c] [2h]
Pandakey: bets $6
doidovarrido: folds
Uncalled bet ($6) returned to Pandakey
Pandakey collected $23.52 from pot
Pandakey: doesn't show hand
*** SUMMARY ***
Total pot $24 | Rake $0.48
Board [9s 3s Td 8c 2h]
Seat 8: Pandakey (big blind) collected ($23.52)
Seat 9: doidovarrido (button) (small blind) folded on the River


PokerStars Hand #156834560955:  Hold'em Limit ($3/$6 USD) - 2016/08/03 20:10:54 ET
Table 'Xanthippe II' 10-max Seat #8 is the button
Seat 7: Mullern ($74.74 in chips)
Seat 8: Pandakey ($120.48 in chips)
Pandakey: posts small blind $1
Mullern: posts big blind $3
*** HOLE CARDS ***
Pandakey: raises $3 to $6
Mullern: folds
Uncalled bet ($3) returned to Pandakey
Pandakey collected $6 from pot
Pandakey: doesn't show hand
*** SUMMARY ***
Total pot $6 | Rake $0
Seat 7: Mullern (big blind) folded before Flop
Seat 8: Pandakey (button) (small blind) collected ($6)


PokerStars Hand #156834563290:  Hold'em Limit ($3/$6 USD) - 2016/08/03 20:10:59 ET
Table 'Xanthippe II' 10-max Seat #7 is the button
Seat 7: Mullern ($71.74 in chips)
Seat 8: Pandakey ($123.48 in chips)
Mullern: posts small blind $1
Pandakey: posts big blind $3
*** HOLE CARDS ***
Mullern: raises $3 to $6
Pandakey: raises $3 to $9
Mullern: calls $3
*** FLOP *** [Qd 8d Kc]
Pandakey: bets $3
Mullern: calls $3
*** TURN *** [Qd 8d Kc] [Td]
Pandakey: checks
Mullern: checks
*** RIVER *** [Qd 8d Kc Td] [4s]
Pandakey: checks
Mullern: bets $6
Pandakey: calls $6
*** SHOW DOWN ***
Mullern: shows [Ks 6d] (a pair of Kings)
Pandakey: mucks hand
Mullern collected $35.50 from pot
*** SUMMARY ***
Total pot $36 | Rake $0.50
Board [Qd 8d Kc Td 4s]
Seat 7: Mullern (button) (small blind) showed [Ks 6d] and won ($35.50) with a pair of Kings
Seat 8: Pandakey (big blind) mucked


PokerStars Hand #156834582220:  Hold'em Limit ($3/$6 USD) - 2016/08/03 20:11:39 ET
Table 'Xanthippe II' 10-max Seat #7 is the button
Seat 7: Mullern ($97.88 in chips)
Seat 8: Pandakey ($96.48 in chips)
Mullern: posts small blind $1
Pandakey: posts big blind $3
*** HOLE CARDS ***
Mullern: folds
Uncalled bet ($2) returned to Pandakey
Pandakey collected $2 from pot
Pandakey: doesn't show hand
*** SUMMARY ***
Total pot $2 | Rake $0
Seat 7: Mullern (button) (small blind) folded before Flop
Seat 8: Pandakey (big blind) collected ($2)


PokerStars Hand #156834574035:  Hold'em Limit ($3/$6 USD) - 2016/08/03 20:11:21 ET
Table 'Xanthippe II' 10-max Seat #8 is the button
Seat 7: Mullern ($89.24 in chips)
Seat 8: Pandakey ($105.48 in chips)
Pandakey: posts small blind $1
Mullern: posts big blind $3
*** HOLE CARDS ***
Pandakey: raises $3 to $6
Mullern: calls $3
*** FLOP *** [Qc Kc 8h]
Mullern: checks
Pandakey: bets $3
Mullern: calls $3
*** TURN *** [Qc Kc 8h] [Kh]
Mullern: checks
Pandakey: checks
*** RIVER *** [Qc Kc 8h Kh] [5s]
Mullern: checks
Pandakey: checks
*** SHOW DOWN ***
Mullern: shows [8d Jh] (two pair, Kings and Eights)
Pandakey: mucks hand
Mullern collected $17.64 from pot
*** SUMMARY ***
Total pot $18 | Rake $0.36
Board [Qc Kc 8h Kh 5s]
Seat 7: Mullern (big blind) showed [8d Jh] and won ($17.64) with two pair, Kings and Eights
Seat 8: Pandakey (button) (small blind) mucked


PokerStars Hand #156834584065:  Hold'em Limit ($3/$6 USD) - 2016/08/03 20:11:43 ET
Table 'Xanthippe II' 10-max Seat #8 is the button
Seat 7: Mullern ($96.88 in chips)
Seat 8: Pandakey ($97.48 in chips)
Pandakey: posts small blind $1
Mullern: posts big blind $3
*** HOLE CARDS ***
Pandakey: folds
Uncalled bet ($2) returned to Mullern
Mullern collected $2 from pot
Mullern: doesn't show hand
*** SUMMARY ***
Total pot $2 | Rake $0
Seat 7: Mullern (big blind) collected ($2)
Seat 8: Pandakey (button) (small blind) folded before Flop


PokerStars Hand #156834587309:  Hold'em Limit ($3/$6 USD) - 2016/08/03 20:11:50 ET
Table 'Xanthippe II' 10-max Seat #7 is the button
Seat 7: Mullern ($97.88 in chips)
Seat 8: Pandakey ($96.48 in chips)
Mullern: posts small blind $1
Pandakey: posts big blind $3
*** HOLE CARDS ***
Mullern: raises $3 to $6
Pandakey: calls $3
*** FLOP *** [Jc Th 2c]
Pandakey: checks
Mullern: checks
*** TURN *** [Jc Th 2c] [Jh]
Pandakey: checks
Mullern: checks
*** RIVER *** [Jc Th 2c Jh] [8h]
Pandakey: bets $6
Mullern: calls $6
*** SHOW DOWN ***
Pandakey: shows [5h 9d] (a pair of Jacks)
Mullern: shows [As 5s] (a pair of Jacks - Ace kicker)
Mullern collected $23.52 from pot
*** SUMMARY ***
Total pot $24 | Rake $0.48
Board [Jc Th 2c Jh 8h]
Seat 7: Mullern (button) (small blind) showed [As 5s] and won ($23.52) with a pair of Jacks
Seat 8: Pandakey (big blind) showed [5h 9d] and lost with a pair of Jacks


PokerStars Hand #156834607000:  Hold'em Limit ($3/$6 USD) - 2016/08/03 20:12:32 ET
Table 'Xanthippe II' 10-max Seat #7 is the button
Seat 7: Mullern ($103.40 in chips)
Seat 8: Pandakey ($90.24 in chips)
Mullern: posts small blind $1
Pandakey: posts big blind $3
*** HOLE CARDS ***
Mullern: folds
Uncalled bet ($2) returned to Pandakey
Pandakey collected $2 from pot
Pandakey: doesn't show hand
*** SUMMARY ***
Total pot $2 | Rake $0
Seat 7: Mullern (button) (small blind) folded before Flop
Seat 8: Pandakey (big blind) collected ($2)


PokerStars Hand #156834601091:  Hold'em Limit ($3/$6 USD) - 2016/08/03 20:12:19 ET
Table 'Xanthippe II' 10-max Seat #8 is the button
Seat 7: Mullern ($109.40 in chips)
Seat 8: Pandakey ($84.48 in chips)
Pandakey: posts small blind $1
Mullern: posts big blind $3
*** HOLE CARDS ***
Pandakey: raises $3 to $6
Mullern: calls $3
*** FLOP *** [5h 2s As]
Mullern: checks
Pandakey: bets $3
Mullern: folds
Uncalled bet ($3) returned to Pandakey
Pandakey collected $11.76 from pot
Pandakey: doesn't show hand
*** SUMMARY ***
Total pot $12 | Rake $0.24
Board [5h 2s As]
Seat 7: Mullern (big blind) folded on the Flop
Seat 8: Pandakey (button) (small blind) collected ($11.76)


PokerStars Hand #156834608850:  Hold'em Limit ($3/$6 USD) - 2016/08/03 20:12:36 ET
Table 'Xanthippe II' 10-max Seat #8 is the button
Seat 7: Mullern ($102.40 in chips)
Seat 8: Pandakey ($91.24 in chips)
Pandakey: posts small blind $1
Mullern: posts big blind $3
*** HOLE CARDS ***
Pandakey: raises $3 to $6
Mullern: folds
Uncalled bet ($3) returned to Pandakey
Pandakey collected $6 from pot
Pandakey: doesn't show hand
*** SUMMARY ***
Total pot $6 | Rake $0
Seat 7: Mullern (big blind) folded before Flop
Seat 8: Pandakey (button) (small blind) collected ($6)


PokerStars Hand #156834614449:  Hold'em Limit ($3/$6 USD) - 2016/08/03 20:12:48 ET
Table 'Xanthippe II' 10-max Seat #7 is the button
Seat 7: Mullern ($99.40 in chips)
Seat 8: Pandakey ($94.24 in chips)
Mullern: posts small blind $1
Pandakey: posts big blind $3
*** HOLE CARDS ***
Mullern: folds
Uncalled bet ($2) returned to Pandakey
Pandakey collected $2 from pot
Pandakey: doesn't show hand
*** SUMMARY ***
Total pot $2 | Rake $0
Seat 7: Mullern (button) (small blind) folded before Flop
Seat 8: Pandakey (big blind) collected ($2)


PokerStars Hand #156834619417:  Hold'em Limit ($3/$6 USD) - 2016/08/03 20:12:58 ET
Table 'Xanthippe II' 10-max Seat #7 is the button
Seat 7: Mullern ($99.40 in chips)
Seat 8: Pandakey ($94.24 in chips)
Mullern: posts small blind $1
Pandakey: posts big blind $3
*** HOLE CARDS ***
Mullern: raises $3 to $6
Pandakey: folds
Uncalled bet ($3) returned to Mullern
Mullern collected $6 from pot
*** SUMMARY ***
Total pot $6 | Rake $0
Seat 7: Mullern (button) (small blind) collected ($6)
Seat 8: Pandakey (big blind) folded before Flop


PokerStars Hand #156834616463:  Hold'em Limit ($3/$6 USD) - 2016/08/03 20:12:52 ET
Table 'Xanthippe II' 10-max Seat #8 is the button
Seat 7: Mullern ($98.40 in chips)
Seat 8: Pandakey ($95.24 in chips)
Pandakey: posts small blind $1
Mullern: posts big blind $3
*** HOLE CARDS ***
Pandakey: folds
Uncalled bet ($2) returned to Mullern
Mullern collected $2 from pot
Mullern: doesn't show hand
*** SUMMARY ***
Total pot $2 | Rake $0
Seat 7: Mullern (big blind) collected ($2)
Seat 8: Pandakey (button) (small blind) folded before Flop


PokerStars Hand #156834623755:  Hold'em Limit ($3/$6 USD) - 2016/08/03 20:13:07 ET
Table 'Xanthippe II' 10-max Seat #8 is the button
Seat 7: Mullern ($102.40 in chips)
Seat 8: Pandakey ($91.24 in chips)
Pandakey: posts small blind $1
Mullern: posts big blind $3
*** HOLE CARDS ***
Pandakey: folds
Uncalled bet ($2) returned to Mullern
Mullern collected $2 from pot
*** SUMMARY ***
Total pot $2 | Rake $0
Seat 7: Mullern (big blind) collected ($2)
Seat 8: Pandakey (button) (small blind) folded before Flop


PokerStars Hand #156834626819:  Hold'em Limit ($3/$6 USD) - 2016/08/03 20:13:14 ET
Table 'Xanthippe II' 10-max Seat #7 is the button
Seat 7: Mullern ($103.40 in chips)
Seat 8: Pandakey ($90.24 in chips)
Mullern: posts small blind $1
Pandakey: posts big blind $3
*** HOLE CARDS ***
Mullern: folds
Uncalled bet ($2) returned to Pandakey
Pandakey collected $2 from pot
Pandakey: doesn't show hand
*** SUMMARY ***
Total pot $2 | Rake $0
Seat 7: Mullern (button) (small blind) folded before Flop
Seat 8: Pandakey (big blind) collected ($2)


PokerStars Hand #156834629195:  Hold'em Limit ($3/$6 USD) - 2016/08/03 20:13:19 ET
Table 'Xanthippe II' 10-max Seat #8 is the button
Seat 7: Mullern ($102.40 in chips)
Seat 8: Pandakey ($91.24 in chips)
Pandakey: posts small blind $1
Mullern: posts big blind $3
*** HOLE CARDS ***
Pandakey: raises $3 to $6
Mullern: calls $3
*** FLOP *** [5d 4h 6c]
Mullern: checks
Pandakey: checks
*** TURN *** [5d 4h 6c] [Qc]
Mullern: checks
Pandakey: checks
*** RIVER *** [5d 4h 6c Qc] [8h]
Mullern: checks
Pandakey: checks
*** SHOW DOWN ***
Mullern: shows [5c 9s] (a pair of Fives)
Pandakey: mucks hand
Mullern collected $11.76 from pot
*** SUMMARY ***
Total pot $12 | Rake $0.24
Board [5d 4h 6c Qc 8h]
Seat 7: Mullern (big blind) showed [5c 9s] and won ($11.76) with a pair of Fives
Seat 8: Pandakey (button) (small blind) mucked


PokerStars Hand #156834638042:  Hold'em Limit ($3/$6 USD) - 2016/08/03 20:13:38 ET
Table 'Xanthippe II' 10-max Seat #7 is the button
Seat 7: Mullern ($108.16 in chips)
Seat 8: Pandakey ($85.24 in chips)
Mullern: posts small blind $1
Pandakey: posts big blind $3
*** HOLE CARDS ***
Mullern: raises $3 to $6
Pandakey: raises $3 to $9
Mullern: calls $3
*** FLOP *** [6h 8d 8h]
Pandakey: bets $3
Mullern: folds
Uncalled bet ($3) returned to Pandakey
Pandakey collected $17.64 from pot
Pandakey: doesn't show hand
*** SUMMARY ***
Total pot $18 | Rake $0.36
Board [6h 8d 8h]
Seat 7: Mullern (button) (small blind) folded on the Flop
Seat 8: Pandakey (big blind) collected ($17.64)


PokerStars Hand #156834643958:  Hold'em Limit ($3/$6 USD) - 2016/08/03 20:13:50 ET
Table 'Xanthippe II' 10-max Seat #8 is the button
Seat 7: Mullern ($99.16 in chips)
Seat 8: Pandakey ($93.88 in chips)
Pandakey: posts small blind $1
Mullern: posts big blind $3
*** HOLE CARDS ***
Pandakey: raises $3 to $6
Mullern: raises $3 to $9
Pandakey: calls $3
*** FLOP *** [Ad 5s 3d]
Mullern: bets $3
Pandakey: folds
Uncalled bet ($3) returned to Mullern
Mullern collected $17.64 from pot
Mullern: doesn't show hand
*** SUMMARY ***
Total pot $18 | Rake $0.36
Board [Ad 5s 3d]
Seat 7: Mullern (big blind) collected ($17.64)
Seat 8: Pandakey (button) (small blind) folded on the Flop


PokerStars Hand #156834650001:  Hold'em Limit ($3/$6 USD) - 2016/08/03 20:14:03 ET
Table 'Xanthippe II' 10-max Seat #7 is the button
Seat 7: Mullern ($107.80 in chips)
Seat 8: Pandakey ($84.88 in chips)
Mullern: posts small blind $1
Pandakey: posts big blind $3
*** HOLE CARDS ***
Mullern: raises $3 to $6
Pandakey: folds
Uncalled bet ($3) returned to Mullern
Mullern collected $6 from pot
Mullern: doesn't show hand
*** SUMMARY ***
Total pot $6 | Rake $0
Seat 7: Mullern (button) (small blind) collected ($6)
Seat 8: Pandakey (big blind) folded before Flop


PokerStars Hand #156834652632:  Hold'em Limit ($3/$6 USD) - 2016/08/03 20:14:09 ET
Table 'Xanthippe II' 10-max Seat #8 is the button
Seat 7: Mullern ($110.80 in chips)
Seat 8: Pandakey ($81.88 in chips)
Pandakey: posts small blind $1
Mullern: posts big blind $3
*** HOLE CARDS ***
Pandakey: raises $3 to $6
Mullern: calls $3
*** FLOP *** [Js Kh 7d]
Mullern: checks
Pandakey: bets $3
Mullern: calls $3
*** TURN *** [Js Kh 7d] [Ah]
Mullern: checks
Pandakey: bets $6
Mullern: calls $6
*** RIVER *** [Js Kh 7d Ah] [6s]
Mullern: checks
Pandakey: bets $6
Mullern: folds
Uncalled bet ($6) returned to Pandakey
Pandakey collected $29.50 from pot
Pandakey: doesn't show hand
*** SUMMARY ***
Total pot $30 | Rake $0.50
Board [Js Kh 7d Ah 6s]
Seat 7: Mullern (big blind) folded on the River
Seat 8: Pandakey (button) (small blind) collected ($29.50)


PokerStars Hand #156834667784:  Hold'em Limit ($3/$6 USD) - 2016/08/03 20:14:41 ET
Table 'Xanthippe II' 10-max Seat #8 is the button
Seat 7: Mullern ($101.56 in chips)
Seat 8: Pandakey ($90.38 in chips)
Pandakey: posts small blind $1
Mullern: posts big blind $3
*** HOLE CARDS ***
Pandakey: folds
Uncalled bet ($2) returned to Mullern
Mullern collected $2 from pot
Mullern: doesn't show hand
*** SUMMARY ***
Total pot $2 | Rake $0
Seat 7: Mullern (big blind) collected ($2)
Seat 8: Pandakey (button) (small blind) folded before Flop


PokerStars Hand #156834662533:  Hold'em Limit ($3/$6 USD) - 2016/08/03 20:14:30 ET
Table 'Xanthippe II' 10-max Seat #7 is the button
Seat 7: Mullern ($95.80 in chips)
Seat 8: Pandakey ($96.38 in chips)
Mullern: posts small blind $1
Pandakey: posts big blind $3
*** HOLE CARDS ***
Mullern: raises $3 to $6
Pandakey: calls $3
*** FLOP *** [4c Td 3c]
Pandakey: checks
Mullern: bets $3
Pandakey: folds
Uncalled bet ($3) returned to Mullern
Mullern collected $11.76 from pot
Mullern: doesn't show hand
*** SUMMARY ***
Total pot $12 | Rake $0.24
Board [4c Td 3c]
Seat 7: Mullern (button) (small blind) collected ($11.76)
Seat 8: Pandakey (big blind) folded on the Flop


PokerStars Hand #156834670697:  Hold'em Limit ($3/$6 USD) - 2016/08/03 20:14:47 ET
Table 'Xanthippe II' 10-max Seat #7 is the button
Seat 7: Mullern ($102.56 in chips)
Seat 8: Pandakey ($89.38 in chips)
Mullern: posts small blind $1
Pandakey: posts big blind $3
*** HOLE CARDS ***
Mullern: raises $3 to $6
Pandakey: calls $3
*** FLOP *** [6c Kd Jh]
Pandakey: checks
Mullern: bets $3
Pandakey: folds
Uncalled bet ($3) returned to Mullern
Mullern collected $11.76 from pot
*** SUMMARY ***
Total pot $12 | Rake $0.24
Board [6c Kd Jh]
Seat 7: Mullern (button) (small blind) collected ($11.76)
Seat 8: Pandakey (big blind) folded on the Flop


PokerStars Hand #156834681846:  Hold'em Limit ($3/$6 USD) - 2016/08/03 20:15:11 ET
Table 'Xanthippe II' 10-max Seat #8 is the button
Seat 7: Mullern ($108.32 in chips)
Seat 8: Pandakey ($83.38 in chips)
Pandakey: posts small blind $1
Mullern: posts big blind $3
*** HOLE CARDS ***
Pandakey: raises $3 to $6
Mullern: calls $3
*** FLOP *** [9h Kh Qd]
Mullern: checks
Pandakey: bets $3
Mullern: calls $3
*** TURN *** [9h Kh Qd] [Qs]
Mullern: checks
Pandakey: bets $6
Mullern: folds
Uncalled bet ($6) returned to Pandakey
Pandakey collected $17.64 from pot
Pandakey: doesn't show hand
*** SUMMARY ***
Total pot $18 | Rake $0.36
Board [9h Kh Qd Qs]
Seat 7: Mullern (big blind) folded on the Turn
Seat 8: Pandakey (button) (small blind) collected ($17.64)


PokerStars Hand #156834691851:  Hold'em Limit ($3/$6 USD) - 2016/08/03 20:15:32 ET
Table 'Xanthippe II' 10-max Seat #7 is the button
Seat 7: Mullern ($99.32 in chips)
Seat 8: Pandakey ($92.02 in chips)
Mullern: posts small blind $1
Pandakey: posts big blind $3
*** HOLE CARDS ***
Mullern: raises $3 to $6
Pandakey: calls $3
*** FLOP *** [4s Ts 3h]
Pandakey: checks
Mullern: bets $3
Pandakey: calls $3
*** TURN *** [4s Ts 3h] [Kc]
Pandakey: checks
Mullern: bets $6
Pandakey: folds
Uncalled bet ($6) returned to Mullern
Mullern collected $17.64 from pot
Mullern: doesn't show hand
*** SUMMARY ***
Total pot $18 | Rake $0.36
Board [4s Ts 3h Kc]
Seat 7: Mullern (button) (small blind) collected ($17.64)
Seat 8: Pandakey (big blind) folded on the Turn


PokerStars Hand #156834705916:  Hold'em Limit ($3/$6 USD) - 2016/08/03 20:16:02 ET
Table 'Xanthippe II' 10-max Seat #8 is the button
Seat 7: Mullern ($107.96 in chips)
Seat 8: Pandakey ($83.02 in chips)
Pandakey: posts small blind $1
Mullern: posts big blind $3
*** HOLE CARDS ***
Pandakey: raises $3 to $6
Mullern: calls $3
*** FLOP *** [5d Kh Ts]
Mullern: checks
Pandakey: bets $3
Mullern: raises $3 to $6
Pandakey: calls $3
*** TURN *** [5d Kh Ts] [Ah]
Mullern: bets $6
Pandakey: calls $6
*** RIVER *** [5d Kh Ts Ah] [Jh]
Mullern: bets $6
Pandakey: raises $6 to $12
Mullern: calls $6
*** SHOW DOWN ***
Pandakey: shows [Qd 5c] (a straight, Ten to Ace)
Mullern: shows [5h Qc] (a straight, Ten to Ace)
Mullern collected $29.75 from pot
Pandakey collected $29.75 from pot
*** SUMMARY ***
Total pot $60 | Rake $0.50
Board [5d Kh Ts Ah Jh]
Seat 7: Mullern (big blind) showed [5h Qc] and won ($29.75) with a straight, Ten to Ace
Seat 8: Pandakey (button) (small blind) showed [Qd 5c] and won ($29.75) with a straight, Ten to Ace


PokerStars Hand #156834719798:  Hold'em Limit ($3/$6 USD) - 2016/08/03 20:16:32 ET
Table 'Xanthippe II' 10-max Seat #7 is the button
Seat 7: Mullern ($107.71 in chips)
Seat 8: Pandakey ($82.77 in chips)
Mullern: posts small blind $1
Pandakey: posts big blind $3
*** HOLE CARDS ***
Mullern: raises $3 to $6
Pandakey: calls $3
*** FLOP *** [3c 7d Ah]
Pandakey: checks
Mullern: bets $3
Pandakey: folds
Uncalled bet ($3) returned to Mullern
Mullern collected $11.76 from pot
Mullern: doesn't show hand
*** SUMMARY ***
Total pot $12 | Rake $0.24
Board [3c 7d Ah]
Seat 7: Mullern (button) (small blind) collected ($11.76)
Seat 8: Pandakey (big blind) folded on the Flop


PokerStars Hand #156834733076:  Hold'em Limit ($3/$6 USD) - 2016/08/03 20:17:00 ET
Table 'Xanthippe II' 10-max Seat #7 is the button
Seat 7: Mullern ($122.11 in chips)
Seat 8: Pandakey ($67.77 in chips)
Mullern: posts small blind $1
Pandakey: posts big blind $3
*** HOLE CARDS ***
Mullern: folds
Uncalled bet ($2) returned to Pandakey
Pandakey collected $2 from pot
Pandakey: doesn't show hand
*** SUMMARY ***
Total pot $2 | Rake $0
Seat 7: Mullern (button) (small blind) folded before Flop
Seat 8: Pandakey (big blind) collected ($2)


PokerStars Hand #156834726806:  Hold'em Limit ($3/$6 USD) - 2016/08/03 20:16:47 ET
Table 'Xanthippe II' 10-max Seat #8 is the button
Seat 7: Mullern ($113.47 in chips)
Seat 8: Pandakey ($76.77 in chips)
Pandakey: posts small blind $1
Mullern: posts big blind $3
*** HOLE CARDS ***
Pandakey: raises $3 to $6
Mullern: calls $3
*** FLOP *** [Qc Ah 9h]
Mullern: checks
Pandakey: bets $3
Mullern: raises $3 to $6
Pandakey: folds
Uncalled bet ($3) returned to Mullern
Mullern collected $17.64 from pot
Mullern: doesn't show hand
*** SUMMARY ***
Total pot $18 | Rake $0.36
Board [Qc Ah 9h]
Seat 7: Mullern (big blind) collected ($17.64)
Seat 8: Pandakey (button) (small blind) folded on the Flop


PokerStars Hand #156834748028:  Hold'em Limit ($3/$6 USD) - 2016/08/03 20:17:32 ET
Table 'Xanthippe II' 10-max Seat #7 is the button
Seat 7: Mullern ($106.11 in chips)
Seat 8: Pandakey ($83.27 in chips)
Mullern: posts small blind $1
Pandakey: posts big blind $3
*** HOLE CARDS ***
Mullern: folds
Uncalled bet ($2) returned to Pandakey
Pandakey collected $2 from pot
Pandakey: doesn't show hand
*** SUMMARY ***
Total pot $2 | Rake $0
Seat 7: Mullern (button) (small blind) folded before Flop
Seat 8: Pandakey (big blind) collected ($2)


PokerStars Hand #156834735150:  Hold'em Limit ($3/$6 USD) - 2016/08/03 20:17:05 ET
Table 'Xanthippe II' 10-max Seat #8 is the button
Seat 7: Mullern ($121.11 in chips)
Seat 8: Pandakey ($68.77 in chips)
Pandakey: posts small blind $1
Mullern: posts big blind $3
*** HOLE CARDS ***
Pandakey: raises $3 to $6
Mullern: calls $3
*** FLOP *** [4d 9d 5h]
Mullern: bets $3
Pandakey: calls $3
*** TURN *** [4d 9d 5h] [Js]
Mullern: bets $6
Pandakey: calls $6
*** RIVER *** [4d 9d 5h Js] [Kd]
Mullern: checks
Pandakey: checks
*** SHOW DOWN ***
Mullern: shows [6s 3h] (high card King)
Pandakey: shows [Ts As] (high card Ace)
Pandakey collected $29.50 from pot
*** SUMMARY ***
Total pot $30 | Rake $0.50
Board [4d 9d 5h Js Kd]
Seat 7: Mullern (big blind) showed [6s 3h] and lost with high card King
Seat 8: Pandakey (button) (small blind) showed [Ts As] and won ($29.50) with high card Ace


PokerStars Hand #156834749851:  Hold'em Limit ($3/$6 USD) - 2016/08/03 20:17:36 ET
Table 'Xanthippe II' 10-max Seat #8 is the button
Seat 7: Mullern ($105.11 in chips)
Seat 8: Pandakey ($84.27 in chips)
Pandakey: posts small blind $1
Mullern: posts big blind $3
*** HOLE CARDS ***
Pandakey: raises $3 to $6
Mullern: folds
Uncalled bet ($3) returned to Pandakey
Pandakey collected $6 from pot
Pandakey: doesn't show hand
*** SUMMARY ***
Total pot $6 | Rake $0
Seat 7: Mullern (big blind) folded before Flop
Seat 8: Pandakey (button) (small blind) collected ($6)


PokerStars Hand #156834753014:  Hold'em Limit ($3/$6 USD) - 2016/08/03 20:17:43 ET
Table 'Xanthippe II' 10-max Seat #7 is the button
Seat 7: Mullern ($102.11 in chips)
Seat 8: Pandakey ($87.27 in chips)
Mullern: posts small blind $1
Pandakey: posts big blind $3
*** HOLE CARDS ***
Mullern: raises $3 to $6
Pandakey: calls $3
*** FLOP *** [Ac 7h Ah]
Pandakey: checks
Mullern: bets $3
Pandakey: folds
Uncalled bet ($3) returned to Mullern
Mullern collected $11.76 from pot
Mullern: doesn't show hand
*** SUMMARY ***
Total pot $12 | Rake $0.24
Board [Ac 7h Ah]
Seat 7: Mullern (button) (small blind) collected ($11.76)
Seat 8: Pandakey (big blind) folded on the Flop


PokerStars Hand #156834759448:  Hold'em Limit ($3/$6 USD) - 2016/08/03 20:17:57 ET
Table 'Xanthippe II' 10-max Seat #8 is the button
Seat 7: Mullern ($107.87 in chips)
Seat 8: Pandakey ($81.27 in chips)
Pandakey: posts small blind $1
Mullern: posts big blind $3
*** HOLE CARDS ***
Pandakey: folds
Uncalled bet ($2) returned to Mullern
Mullern collected $2 from pot
Mullern: doesn't show hand
*** SUMMARY ***
Total pot $2 | Rake $0
Seat 7: Mullern (big blind) collected ($2)
Seat 8: Pandakey (button) (small blind) folded before Flop


PokerStars Hand #156834762392:  Hold'em Limit ($3/$6 USD) - 2016/08/03 20:18:03 ET
Table 'Xanthippe II' 10-max Seat #7 is the button
Seat 7: Mullern ($108.87 in chips)
Seat 8: Pandakey ($80.27 in chips)
Mullern: posts small blind $1
Pandakey: posts big blind $3
*** HOLE CARDS ***
Mullern: raises $3 to $6
Pandakey: folds
Uncalled bet ($3) returned to Mullern
Mullern collected $6 from pot
Mullern: doesn't show hand
*** SUMMARY ***
Total pot $6 | Rake $0
Seat 7: Mullern (button) (small blind) collected ($6)
Seat 8: Pandakey (big blind) folded before Flop


PokerStars Hand #156834765264:  Hold'em Limit ($3/$6 USD) - 2016/08/03 20:18:09 ET
Table 'Xanthippe II' 10-max Seat #8 is the button
Seat 7: Mullern ($111.87 in chips)
Seat 8: Pandakey ($77.27 in chips)
Pandakey: posts small blind $1
Mullern: posts big blind $3
*** HOLE CARDS ***
Pandakey: raises $3 to $6
Mullern: calls $3
*** FLOP *** [Ts 2c Kd]
Mullern: checks
Pandakey: bets $3
Mullern: calls $3
*** TURN *** [Ts 2c Kd] [7s]
Mullern: checks
Pandakey: bets $6
Mullern: calls $6
*** RIVER *** [Ts 2c Kd 7s] [2s]
Mullern: checks
Pandakey: bets $6
Mullern: folds
Uncalled bet ($6) returned to Pandakey
Pandakey collected $29.50 from pot
Pandakey: doesn't show hand
*** SUMMARY ***
Total pot $30 | Rake $0.50
Board [Ts 2c Kd 7s 2s]
Seat 7: Mullern (big blind) folded on the River
Seat 8: Pandakey (button) (small blind) collected ($29.50)


PokerStars Hand #156834780906:  Hold'em Limit ($3/$6 USD) - 2016/08/03 20:18:42 ET
Table 'Xanthippe II' 10-max Seat #7 is the button
Seat 7: Mullern ($96.87 in chips)
Seat 8: Pandakey ($91.77 in chips)
Mullern: posts small blind $1
Pandakey: posts big blind $3
*** HOLE CARDS ***
Mullern: raises $3 to $6
Pandakey: calls $3
*** FLOP *** [8h 7s 6d]
Pandakey: checks
Mullern: checks
*** TURN *** [8h 7s 6d] [8s]
Pandakey: bets $6
Mullern: calls $6
*** RIVER *** [8h 7s 6d 8s] [8c]
Pandakey: bets $6
Mullern: calls $6
*** SHOW DOWN ***
Pandakey: shows [8d Ks] (four of a kind, Eights)
Mullern: mucks hand
Pandakey collected $35.50 from pot
*** SUMMARY ***
Total pot $36 | Rake $0.50
Board [8h 7s 6d 8s 8c]
Seat 7: Mullern (button) (small blind) mucked
Seat 8: Pandakey (big blind) showed [8d Ks] and won ($35.50) with four of a kind, Eights


PokerStars Hand #156834793955:  Hold'em Limit ($3/$6 USD) - 2016/08/03 20:19:10 ET
Table 'Xanthippe II' 10-max Seat #7 is the button
Seat 7: Mullern ($79.87 in chips)
Seat 8: Pandakey ($108.27 in chips)
Mullern: posts small blind $1
Pandakey: posts big blind $3
*** HOLE CARDS ***
Mullern: folds
Uncalled bet ($2) returned to Pandakey
Pandakey collected $2 from pot
Pandakey: doesn't show hand
*** SUMMARY ***
Total pot $2 | Rake $0
Seat 7: Mullern (button) (small blind) folded before Flop
Seat 8: Pandakey (big blind) collected ($2)


PokerStars Hand #156834791193:  Hold'em Limit ($3/$6 USD) - 2016/08/03 20:19:04 ET
Table 'Xanthippe II' 10-max Seat #8 is the button
Seat 7: Mullern ($78.87 in chips)
Seat 8: Pandakey ($109.27 in chips)
Pandakey: posts small blind $1
Mullern: posts big blind $3
*** HOLE CARDS ***
Pandakey: folds
Uncalled bet ($2) returned to Mullern
Mullern collected $2 from pot
*** SUMMARY ***
Total pot $2 | Rake $0
Seat 7: Mullern (big blind) collected ($2)
Seat 8: Pandakey (button) (small blind) folded before Flop


PokerStars Hand #156834795925:  Hold'em Limit ($3/$6 USD) - 2016/08/03 20:19:15 ET
Table 'Xanthippe II' 10-max Seat #8 is the button
Seat 7: Mullern ($78.87 in chips)
Seat 8: Pandakey ($109.27 in chips)
Pandakey: posts small blind $1
Mullern: posts big blind $3
*** HOLE CARDS ***
Pandakey: raises $3 to $6
Mullern: folds
Uncalled bet ($3) returned to Pandakey
Pandakey collected $6 from pot
Pandakey: doesn't show hand
*** SUMMARY ***
Total pot $6 | Rake $0
Seat 7: Mullern (big blind) folded before Flop
Seat 8: Pandakey (button) (small blind) collected ($6)


PokerStars Hand #156834798709:  Hold'em Limit ($3/$6 USD) - 2016/08/03 20:19:20 ET
Table 'Xanthippe II' 10-max Seat #7 is the button
Seat 7: Mullern ($75.87 in chips)
Seat 8: Pandakey ($112.27 in chips)
Mullern: posts small blind $1
Pandakey: posts big blind $3
*** HOLE CARDS ***
Mullern: raises $3 to $6
Pandakey: raises $3 to $9
Mullern: calls $3
*** FLOP *** [6h 3d Ts]
Pandakey: bets $3
Mullern: calls $3
*** TURN *** [6h 3d Ts] [3h]
Pandakey: checks
Mullern: checks
*** RIVER *** [6h 3d Ts 3h] [Js]
Pandakey: checks
Mullern: checks
*** SHOW DOWN ***
Pandakey: shows [Qh Ks] (a pair of Threes)
Mullern: mucks hand
Pandakey collected $23.52 from pot
*** SUMMARY ***
Total pot $24 | Rake $0.48
Board [6h 3d Ts 3h Js]
Seat 7: Mullern (button) (small blind) mucked
Seat 8: Pandakey (big blind) showed [Qh Ks] and won ($23.52) with a pair of Threes


PokerStars Hand #156834819673:  Hold'em Limit ($3/$6 USD) - 2016/08/03 20:20:06 ET
Table 'Xanthippe II' 10-max Seat #8 is the button
Seat 7: Mullern ($63.87 in chips)
Seat 8: Pandakey ($123.79 in chips)
Pandakey: posts small blind $1
Mullern: posts big blind $3
*** HOLE CARDS ***
Pandakey: raises $3 to $6
Mullern: calls $3
*** FLOP *** [Ac Th 3s]
Mullern: bets $3
Pandakey: calls $3
*** TURN *** [Ac Th 3s] [4h]
Mullern: checks
Pandakey: checks
*** RIVER *** [Ac Th 3s 4h] [5s]
Mullern: bets $6
Pandakey: calls $6
*** SHOW DOWN ***
Mullern: shows [2d Kh] (a straight, Ace to Five)
Pandakey: mucks hand
Mullern collected $29.50 from pot
*** SUMMARY ***
Total pot $30 | Rake $0.50
Board [Ac Th 3s 4h 5s]
Seat 7: Mullern (big blind) showed [2d Kh] and won ($29.50) with a straight, Ace to Five
Seat 8: Pandakey (button) (small blind) mucked


PokerStars Hand #156834829807:  Hold'em Limit ($3/$6 USD) - 2016/08/03 20:20:28 ET
Table 'Xanthippe II' 10-max Seat #7 is the button
Seat 7: Mullern ($78.37 in chips)
Seat 8: Pandakey ($108.79 in chips)
Mullern: posts small blind $1
Pandakey: posts big blind $3
*** HOLE CARDS ***
Mullern: raises $3 to $6
Pandakey: calls $3
*** FLOP *** [2h 8d 2d]
Pandakey: checks
Mullern: bets $3
Pandakey: folds
Uncalled bet ($3) returned to Mullern
Mullern collected $11.76 from pot
*** SUMMARY ***
Total pot $12 | Rake $0.24
Board [2h 8d 2d]
Seat 7: Mullern (button) (small blind) collected ($11.76)
Seat 8: Pandakey (big blind) folded on the Flop


PokerStars Hand #156834834614:  Hold'em Limit ($3/$6 USD) - 2016/08/03 20:20:38 ET
Table 'Xanthippe II' 10-max Seat #8 is the button
Seat 7: Mullern ($84.13 in chips)
Seat 8: Pandakey ($102.79 in chips)
Pandakey: posts small blind $1
Mullern: posts big blind $3
*** HOLE CARDS ***
Pandakey: raises $3 to $6
Mullern: raises $3 to $9
Pandakey: calls $3
*** FLOP *** [5c 3d Jd]
Mullern: bets $3
Pandakey: calls $3
*** TURN *** [5c 3d Jd] [6d]
Mullern: bets $6
Pandakey: folds
Uncalled bet ($6) returned to Mullern
Mullern collected $23.52 from pot
*** SUMMARY ***
Total pot $24 | Rake $0.48
Board [5c 3d Jd 6d]
Seat 7: Mullern (big blind) collected ($23.52)
Seat 8: Pandakey (button) (small blind) folded on the Turn


PokerStars Hand #156834873203:  Hold'em Limit ($3/$6 USD) - 2016/08/03 20:22:02 ET
Table 'Xanthippe II' 10-max Seat #8 is the button
Seat 7: Mullern ($72.41 in chips)
Seat 8: Pandakey ($113.05 in chips)
Pandakey: posts small blind $1
Mullern: posts big blind $3
*** HOLE CARDS ***
Pandakey: folds
Uncalled bet ($2) returned to Mullern
Mullern collected $2 from pot
Mullern: doesn't show hand
*** SUMMARY ***
Total pot $2 | Rake $0
Seat 7: Mullern (big blind) collected ($2)
Seat 8: Pandakey (button) (small blind) folded before Flop


PokerStars Hand #156834870835:  Hold'em Limit ($3/$6 USD) - 2016/08/03 20:21:57 ET
Table 'Xanthippe II' 10-max Seat #7 is the button
Seat 7: Mullern ($69.41 in chips)
Seat 8: Pandakey ($116.05 in chips)
Mullern: posts small blind $1
Pandakey: posts big blind $3
*** HOLE CARDS ***
Mullern: raises $3 to $6
Pandakey: folds
Uncalled bet ($3) returned to Mullern
Mullern collected $6 from pot
Mullern: doesn't show hand
*** SUMMARY ***
Total pot $6 | Rake $0
Seat 7: Mullern (button) (small blind) collected ($6)
Seat 8: Pandakey (big blind) folded before Flop


PokerStars Hand #156834868509:  Hold'em Limit ($3/$6 USD) - 2016/08/03 20:21:52 ET
Table 'Xanthippe II' 10-max Seat #8 is the button
Seat 7: Mullern ($68.41 in chips)
Seat 8: Pandakey ($117.05 in chips)
Pandakey: posts small blind $1
Mullern: posts big blind $3
*** HOLE CARDS ***
Pandakey: folds
Uncalled bet ($2) returned to Mullern
Mullern collected $2 from pot
Mullern: doesn't show hand
*** SUMMARY ***
Total pot $2 | Rake $0
Seat 7: Mullern (big blind) collected ($2)
Seat 8: Pandakey (button) (small blind) folded before Flop


PokerStars Hand #156834862401:  Hold'em Limit ($3/$6 USD) - 2016/08/03 20:21:38 ET
Table 'Xanthippe II' 10-max Seat #7 is the button
Seat 7: Mullern ($62.65 in chips)
Seat 8: Pandakey ($123.05 in chips)
Mullern: posts small blind $1
Pandakey: posts big blind $3
*** HOLE CARDS ***
Mullern: raises $3 to $6
Pandakey: calls $3
*** FLOP *** [5h 2c 6c]
Pandakey: checks
Mullern: checks
*** TURN *** [5h 2c 6c] [7d]
Pandakey: checks
Mullern: checks
*** RIVER *** [5h 2c 6c 7d] [Qc]
Pandakey: checks
Mullern: checks
*** SHOW DOWN ***
Pandakey: shows [4h Jd] (high card Queen)
Mullern: shows [Kh Tc] (high card King)
Mullern collected $11.76 from pot
*** SUMMARY ***
Total pot $12 | Rake $0.24
Board [5h 2c 6c 7d Qc]
Seat 7: Mullern (button) (small blind) showed [Kh Tc] and won ($11.76) with high card King
Seat 8: Pandakey (big blind) showed [4h Jd] and lost with high card Queen


PokerStars Hand #156834857648:  Hold'em Limit ($3/$6 USD) - 2016/08/03 20:21:28 ET
Table 'Xanthippe II' 10-max Seat #8 is the button
Seat 7: Mullern ($68.65 in chips)
Seat 8: Pandakey ($117.29 in chips)
Pandakey: posts small blind $1
Mullern: posts big blind $3
*** HOLE CARDS ***
Pandakey: raises $3 to $6
Mullern: calls $3
*** FLOP *** [Qc Tc 5d]
Mullern: checks
Pandakey: bets $3
Mullern: folds
Uncalled bet ($3) returned to Pandakey
Pandakey collected $11.76 from pot
Pandakey: doesn't show hand
*** SUMMARY ***
Total pot $12 | Rake $0.24
Board [Qc Tc 5d]
Seat 7: Mullern (big blind) folded on the Flop
Seat 8: Pandakey (button) (small blind) collected ($11.76)


PokerStars Hand #156834848664:  Hold'em Limit ($3/$6 USD) - 2016/08/03 20:21:09 ET
Table 'Xanthippe II' 10-max Seat #7 is the button
Seat 7: Mullern ($95.65 in chips)
Seat 8: Pandakey ($90.79 in chips)
Mullern: posts small blind $1
Pandakey: posts big blind $3
*** HOLE CARDS ***
Mullern: raises $3 to $6
Pandakey: calls $3
*** FLOP *** [2c 3d 9d]
Pandakey: bets $3
Mullern: raises $3 to $6
Pandakey: raises $3 to $9
Mullern: calls $3
*** TURN *** [2c 3d 9d] [Th]
Pandakey: bets $6
Mullern: calls $6
*** RIVER *** [2c 3d 9d Th] [7c]
Pandakey: bets $6
Mullern: calls $6
*** SHOW DOWN ***
Pandakey: shows [Kc 9s] (a pair of Nines)
Mullern: mucks hand
Pandakey collected $53.50 from pot
*** SUMMARY ***
Total pot $54 | Rake $0.50
Board [2c 3d 9d Th 7c]
Seat 7: Mullern (button) (small blind) mucked
Seat 8: Pandakey (big blind) showed [Kc 9s] and won ($53.50) with a pair of Nines


PokerStars Hand #156834892716:  Hold'em Limit ($3/$6 USD) - 2016/08/03 20:22:44 ET
Table 'Xanthippe II' 10-max Seat #7 is the button
Seat 7: Mullern ($96.55 in chips)
Seat 8: Pandakey ($88.05 in chips)
Mullern: posts small blind $1
Pandakey: posts big blind $3
*** HOLE CARDS ***
Mullern: raises $3 to $6
Pandakey: calls $3
*** FLOP *** [6h 3s 6c]
Pandakey: checks
Mullern: bets $3
Pandakey: calls $3
*** TURN *** [6h 3s 6c] [6s]
Pandakey: checks
Mullern: bets $6
Pandakey: calls $6
*** RIVER *** [6h 3s 6c 6s] [8d]
Pandakey: checks
Mullern: checks
*** SHOW DOWN ***
Pandakey: shows [Qc Js] (three of a kind, Sixes)
Mullern: mucks hand
Pandakey collected $29.50 from pot
*** SUMMARY ***
Total pot $30 | Rake $0.50
Board [6h 3s 6c 6s 8d]
Seat 7: Mullern (button) (small blind) mucked
Seat 8: Pandakey (big blind) showed [Qc Js] and won ($29.50) with three of a kind, Sixes


PokerStars Hand #156834887011:  Hold'em Limit ($3/$6 USD) - 2016/08/03 20:22:32 ET
Table 'Xanthippe II' 10-max Seat #8 is the button
Seat 7: Mullern ($87.91 in chips)
Seat 8: Pandakey ($97.05 in chips)
Pandakey: posts small blind $1
Mullern: posts big blind $3
*** HOLE CARDS ***
Pandakey: raises $3 to $6
Mullern: calls $3
*** FLOP *** [7c Ks 3d]
Mullern: checks
Pandakey: bets $3
Mullern: raises $3 to $6
Pandakey: folds
Uncalled bet ($3) returned to Mullern
Mullern collected $17.64 from pot
Mullern: doesn't show hand
*** SUMMARY ***
Total pot $18 | Rake $0.36
Board [7c Ks 3d]
Seat 7: Mullern (big blind) collected ($17.64)
Seat 8: Pandakey (button) (small blind) folded on the Flop


PokerStars Hand #156834875887:  Hold'em Limit ($3/$6 USD) - 2016/08/03 20:22:08 ET
Table 'Xanthippe II' 10-max Seat #7 is the button
Seat 7: Mullern ($73.41 in chips)
Seat 8: Pandakey ($112.05 in chips)
Mullern: posts small blind $1
Pandakey: posts big blind $3
*** HOLE CARDS ***
Mullern: raises $3 to $6
Pandakey: raises $3 to $9
Mullern: calls $3
*** FLOP *** [Tc 3d 2c]
Pandakey: bets $3
Mullern: raises $3 to $6
Pandakey: calls $3
*** TURN *** [Tc 3d 2c] [Jc]
Pandakey: checks
Mullern: checks
*** RIVER *** [Tc 3d 2c Jc] [Th]
Pandakey: checks
Mullern: checks
*** SHOW DOWN ***
Pandakey: shows [Qs Kh] (a pair of Tens)
Mullern: shows [Ac 8s] (a pair of Tens - Ace kicker)
Mullern collected $29.50 from pot
*** SUMMARY ***
Total pot $30 | Rake $0.50
Board [Tc 3d 2c Jc Th]
Seat 7: Mullern (button) (small blind) showed [Ac 8s] and won ($29.50) with a pair of Tens
Seat 8: Pandakey (big blind) showed [Qs Kh] and lost with a pair of Tens


PokerStars Hand #156834902619:  Hold'em Limit ($3/$6 USD) - 2016/08/03 20:23:05 ET
Table 'Xanthippe II' 10-max Seat #8 is the button
Seat 7: Mullern ($81.55 in chips)
Seat 8: Pandakey ($102.55 in chips)
Pandakey: posts small blind $1
Mullern: posts big blind $3
*** HOLE CARDS ***
Pandakey: folds
Uncalled bet ($2) returned to Mullern
Mullern collected $2 from pot
Mullern: doesn't show hand
*** SUMMARY ***
Total pot $2 | Rake $0
Seat 7: Mullern (big blind) collected ($2)
Seat 8: Pandakey (button) (small blind) folded before Flop


PokerStars Hand #156834904878:  Hold'em Limit ($3/$6 USD) - 2016/08/03 20:23:10 ET
Table 'Xanthippe II' 10-max Seat #7 is the button
Seat 7: Mullern ($82.55 in chips)
Seat 8: Pandakey ($101.55 in chips)
Mullern: posts small blind $1
Pandakey: posts big blind $3
*** HOLE CARDS ***
Mullern: raises $3 to $6
Pandakey: calls $3
*** FLOP *** [2h 8d 3c]
Pandakey: checks
Mullern: bets $3
Pandakey: calls $3
*** TURN *** [2h 8d 3c] [6d]
Pandakey: checks
Mullern: checks
*** RIVER *** [2h 8d 3c 6d] [3s]
Pandakey: checks
Mullern: bets $6
Pandakey: calls $6
*** SHOW DOWN ***
Mullern: shows [As 3d] (three of a kind, Threes)
Pandakey: mucks hand
Mullern collected $29.50 from pot
*** SUMMARY ***
Total pot $30 | Rake $0.50
Board [2h 8d 3c 6d 3s]
Seat 7: Mullern (button) (small blind) showed [As 3d] and won ($29.50) with three of a kind, Threes
Seat 8: Pandakey (big blind) mucked


PokerStars Hand #156834960416:  Hold'em Limit ($3/$6 USD) - 2016/08/03 20:24:50 ET
Table 'Xanthippe II' 10-max Seat #8 is the button
Seat 7: Mullern ($79.55 in chips)
Seat 8: Pandakey ($102.69 in chips)
Pandakey: posts small blind $1
Mullern: posts big blind $3
*** HOLE CARDS ***
Pandakey: raises $3 to $6
Mullern: raises $3 to $9
Pandakey: calls $3
*** FLOP *** [Kh 5s 3s]
Mullern: bets $3
Pandakey: folds
Uncalled bet ($3) returned to Mullern
Mullern collected $17.64 from pot
Mullern: doesn't show hand
*** SUMMARY ***
Total pot $18 | Rake $0.36
Board [Kh 5s 3s]
Seat 7: Mullern (big blind) collected ($17.64)
Seat 8: Pandakey (button) (small blind) folded on the Flop


PokerStars Hand #156834958503:  Hold'em Limit ($3/$6 USD) - 2016/08/03 20:24:46 ET
Table 'Xanthippe II' 10-max Seat #7 is the button
Seat 7: Mullern ($80.55 in chips)
Seat 8: Pandakey ($101.69 in chips)
Mullern: posts small blind $1
Pandakey: posts big blind $3
*** HOLE CARDS ***
Mullern: folds
Uncalled bet ($2) returned to Pandakey
Pandakey collected $2 from pot
Pandakey: doesn't show hand
*** SUMMARY ***
Total pot $2 | Rake $0
Seat 7: Mullern (button) (small blind) folded before Flop
Seat 8: Pandakey (big blind) collected ($2)


PokerStars Hand #156834955735:  Hold'em Limit ($3/$6 USD) - 2016/08/03 20:24:40 ET
Table 'Xanthippe II' 10-max Seat #8 is the button
Seat 7: Mullern ($83.55 in chips)
Seat 8: Pandakey ($98.69 in chips)
Pandakey: posts small blind $1
Mullern: posts big blind $3
*** HOLE CARDS ***
Pandakey: raises $3 to $6
Mullern: folds
Uncalled bet ($3) returned to Pandakey
Pandakey collected $6 from pot
Pandakey: doesn't show hand
*** SUMMARY ***
Total pot $6 | Rake $0
Seat 7: Mullern (big blind) folded before Flop
Seat 8: Pandakey (button) (small blind) collected ($6)


PokerStars Hand #156834953560:  Hold'em Limit ($3/$6 USD) - 2016/08/03 20:24:35 ET
Table 'Xanthippe II' 10-max Seat #7 is the button
Seat 7: Mullern ($84.55 in chips)
Seat 8: Pandakey ($97.69 in chips)
Mullern: posts small blind $1
Pandakey: posts big blind $3
*** HOLE CARDS ***
Mullern: folds
Uncalled bet ($2) returned to Pandakey
Pandakey collected $2 from pot
Pandakey: doesn't show hand
*** SUMMARY ***
Total pot $2 | Rake $0
Seat 7: Mullern (button) (small blind) folded before Flop
Seat 8: Pandakey (big blind) collected ($2)


PokerStars Hand #156834932989:  Hold'em Limit ($3/$6 USD) - 2016/08/03 20:24:11 ET
Table 'Xanthippe II' 10-max Seat #8 is the button
Seat 7: Mullern ($105.55 in chips)
Seat 8: Pandakey ($77.19 in chips)
Pandakey: posts small blind $1
Mullern: posts big blind $3
*** HOLE CARDS ***
Pandakey: raises $3 to $6
Mullern: calls $3
*** FLOP *** [Qd 5s 3h]
Mullern: checks
Pandakey: bets $3
Mullern: calls $3
*** TURN *** [Qd 5s 3h] [Jc]
Mullern: checks
Pandakey: bets $6
Mullern: calls $6
*** RIVER *** [Qd 5s 3h Jc] [5c]
Mullern: checks
Pandakey: bets $6
Mullern: calls $6
*** SHOW DOWN ***
Pandakey: shows [9d 5d] (three of a kind, Fives)
Mullern: mucks hand
Pandakey collected $41.50 from pot
*** SUMMARY ***
Total pot $42 | Rake $0.50
Board [Qd 5s 3h Jc 5c]
Seat 7: Mullern (big blind) mucked
Seat 8: Pandakey (button) (small blind) showed [9d 5d] and won ($41.50) with three of a kind, Fives


PokerStars Hand #156834924152:  Hold'em Limit ($3/$6 USD) - 2016/08/03 20:23:52 ET
Table 'Xanthippe II' 10-max Seat #7 is the button
Seat 7: Mullern ($114.55 in chips)
Seat 8: Pandakey ($68.55 in chips)
Mullern: posts small blind $1
Pandakey: posts big blind $3
*** HOLE CARDS ***
Mullern: raises $3 to $6
Pandakey: calls $3
*** FLOP *** [Kd 9h 3d]
Pandakey: checks
Mullern: bets $3
Pandakey: calls $3
*** TURN *** [Kd 9h 3d] [Ks]
Pandakey: checks
Mullern: checks
*** RIVER *** [Kd 9h 3d Ks] [4h]
Pandakey: bets $6
Mullern: folds
Uncalled bet ($6) returned to Pandakey
Pandakey collected $17.64 from pot
Pandakey: doesn't show hand
*** SUMMARY ***
Total pot $18 | Rake $0.36
Board [Kd 9h 3d Ks 4h]
Seat 7: Mullern (button) (small blind) folded on the River
Seat 8: Pandakey (big blind) collected ($17.64)


PokerStars Hand #156834991302:  Hold'em Limit ($3/$6 USD) - 2016/08/03 20:25:58 ET
Table 'Xanthippe II' 10-max Seat #7 is the button
Seat 7: Mullern ($75.77 in chips)
Seat 8: Pandakey ($105.01 in chips)
Mullern: posts small blind $1
Pandakey: posts big blind $3
*** HOLE CARDS ***
Mullern: raises $3 to $6
Pandakey: raises $3 to $9
Mullern: calls $3
*** FLOP *** [2h Ks 3c]
Pandakey: bets $3
Mullern: folds
Uncalled bet ($3) returned to Pandakey
Pandakey collected $17.64 from pot
Pandakey: doesn't show hand
*** SUMMARY ***
Total pot $18 | Rake $0.36
Board [2h Ks 3c]
Seat 7: Mullern (button) (small blind) folded on the Flop
Seat 8: Pandakey (big blind) collected ($17.64)


PokerStars Hand #156834983426:  Hold'em Limit ($3/$6 USD) - 2016/08/03 20:25:41 ET
Table 'Xanthippe II' 10-max Seat #8 is the button
Seat 7: Mullern ($75.95 in chips)
Seat 8: Pandakey ($105.19 in chips)
Pandakey: posts small blind $1
Mullern: posts big blind $3
*** HOLE CARDS ***
Pandakey: raises $3 to $6
Mullern: calls $3
*** FLOP *** [5c Ac Ks]
Mullern: checks
Pandakey: bets $3
Mullern: calls $3
*** TURN *** [5c Ac Ks] [Kd]
Mullern: checks
Pandakey: checks
*** RIVER *** [5c Ac Ks Kd] [9c]
Mullern: checks
Pandakey: checks
*** SHOW DOWN ***
Mullern: shows [2d 5d] (two pair, Kings and Fives)
Pandakey: shows [5s 6d] (two pair, Kings and Fives)
Mullern collected $8.82 from pot
Pandakey collected $8.82 from pot
*** SUMMARY ***
Total pot $18 | Rake $0.36
Board [5c Ac Ks Kd 9c]
Seat 7: Mullern (big blind) showed [2d 5d] and won ($8.82) with two pair, Kings and Fives
Seat 8: Pandakey (button) (small blind) showed [5s 6d] and won ($8.82) with two pair, Kings and Fives


PokerStars Hand #156834980868:  Hold'em Limit ($3/$6 USD) - 2016/08/03 20:25:35 ET
Table 'Xanthippe II' 10-max Seat #7 is the button
Seat 7: Mullern ($72.95 in chips)
Seat 8: Pandakey ($108.19 in chips)
Mullern: posts small blind $1
Pandakey: posts big blind $3
*** HOLE CARDS ***
Mullern: raises $3 to $6
Pandakey: folds
Uncalled bet ($3) returned to Mullern
Mullern collected $6 from pot
Mullern: doesn't show hand
*** SUMMARY ***
Total pot $6 | Rake $0
Seat 7: Mullern (button) (small blind) collected ($6)
Seat 8: Pandakey (big blind) folded before Flop


PokerStars Hand #156834972842:  Hold'em Limit ($3/$6 USD) - 2016/08/03 20:25:17 ET
Table 'Xanthippe II' 10-max Seat #8 is the button
Seat 7: Mullern ($93.95 in chips)
Seat 8: Pandakey ($87.69 in chips)
Pandakey: posts small blind $1
Mullern: posts big blind $3
*** HOLE CARDS ***
Pandakey: raises $3 to $6
Mullern: calls $3
*** FLOP *** [Ac Td 4d]
Mullern: checks
Pandakey: bets $3
Mullern: calls $3
*** TURN *** [Ac Td 4d] [8d]
Mullern: checks
Pandakey: bets $6
Mullern: calls $6
*** RIVER *** [Ac Td 4d 8d] [5d]
Mullern: checks
Pandakey: bets $6
Mullern: calls $6
*** SHOW DOWN ***
Pandakey: shows [Ad 3h] (a flush, Ace high)
Mullern: mucks hand
Pandakey collected $41.50 from pot
*** SUMMARY ***
Total pot $42 | Rake $0.50
Board [Ac Td 4d 8d 5d]
Seat 7: Mullern (big blind) mucked
Seat 8: Pandakey (button) (small blind) showed [Ad 3h] and won ($41.50) with a flush, Ace high


PokerStars Hand #156834966851:  Hold'em Limit ($3/$6 USD) - 2016/08/03 20:25:04 ET
Table 'Xanthippe II' 10-max Seat #7 is the button
Seat 7: Mullern ($88.19 in chips)
Seat 8: Pandakey ($93.69 in chips)
Mullern: posts small blind $1
Pandakey: posts big blind $3
*** HOLE CARDS ***
Mullern: raises $3 to $6
Pandakey: calls $3
*** FLOP *** [Ac 5c Qh]
Pandakey: checks
Mullern: checks
*** TURN *** [Ac 5c Qh] [Kh]
Pandakey: checks
Mullern: checks
*** RIVER *** [Ac 5c Qh Kh] [Js]
Pandakey: checks
Mullern: bets $6
Pandakey: folds
Uncalled bet ($6) returned to Mullern
Mullern collected $11.76 from pot
*** SUMMARY ***
Total pot $12 | Rake $0.24
Board [Ac 5c Qh Kh Js]
Seat 7: Mullern (button) (small blind) collected ($11.76)
Seat 8: Pandakey (big blind) folded on the River


PokerStars Hand #156835020842:  Hold'em Limit ($3/$6 USD) - 2016/08/03 20:27:03 ET
Table 'Xanthippe II' 10-max Seat #8 is the button
Seat 7: Mullern ($30.77 in chips)
Seat 8: Pandakey ($148.41 in chips)
Pandakey: posts small blind $1
Mullern: posts big blind $3
*** HOLE CARDS ***
Pandakey: raises $3 to $6
Mullern: folds
Uncalled bet ($3) returned to Pandakey
Pandakey collected $6 from pot
Pandakey: doesn't show hand
*** SUMMARY ***
Total pot $6 | Rake $0
Seat 7: Mullern (big blind) folded before Flop
Seat 8: Pandakey (button) (small blind) collected ($6)


PokerStars Hand #156835010446:  Hold'em Limit ($3/$6 USD) - 2016/08/03 20:26:40 ET
Table 'Xanthippe II' 10-max Seat #7 is the button
Seat 7: Mullern ($45.77 in chips)
Seat 8: Pandakey ($133.91 in chips)
Mullern: posts small blind $1
Pandakey: posts big blind $3
*** HOLE CARDS ***
Mullern: raises $3 to $6
Pandakey: calls $3
*** FLOP *** [2d 2h Ts]
Pandakey: checks
Mullern: bets $3
Pandakey: calls $3
*** TURN *** [2d 2h Ts] [8s]
Pandakey: checks
Mullern: checks
*** RIVER *** [2d 2h Ts 8s] [7c]
Pandakey: checks
Mullern: bets $6
Pandakey: calls $6
*** SHOW DOWN ***
Mullern: shows [9c Qh] (a pair of Deuces)
Pandakey: shows [6d Ac] (a pair of Deuces - Ace kicker)
Pandakey collected $29.50 from pot
*** SUMMARY ***
Total pot $30 | Rake $0.50
Board [2d 2h Ts 8s 7c]
Seat 7: Mullern (button) (small blind) showed [9c Qh] and lost with a pair of Deuces
Seat 8: Pandakey (big blind) showed [6d Ac] and won ($29.50) with a pair of Deuces


PokerStars Hand #156835005893:  Hold'em Limit ($3/$6 USD) - 2016/08/03 20:26:30 ET
Table 'Xanthippe II' 10-max Seat #8 is the button
Seat 7: Mullern ($51.77 in chips)
Seat 8: Pandakey ($128.15 in chips)
Pandakey: posts small blind $1
Mullern: posts big blind $3
*** HOLE CARDS ***
Pandakey: raises $3 to $6
Mullern: calls $3
*** FLOP *** [6h Qd Ah]
Mullern: checks
Pandakey: bets $3
Mullern: folds
Uncalled bet ($3) returned to Pandakey
Pandakey collected $11.76 from pot
Pandakey: doesn't show hand
*** SUMMARY ***
Total pot $12 | Rake $0.24
Board [6h Qd Ah]
Seat 7: Mullern (big blind) folded on the Flop
Seat 8: Pandakey (button) (small blind) collected ($11.76)


PokerStars Hand #156835003561:  Hold'em Limit ($3/$6 USD) - 2016/08/03 20:26:25 ET
Table 'Xanthippe II' 10-max Seat #7 is the button
Seat 7: Mullern ($48.77 in chips)
Seat 8: Pandakey ($131.15 in chips)
Mullern: posts small blind $1
Pandakey: posts big blind $3
*** HOLE CARDS ***
Mullern: raises $3 to $6
Pandakey: folds
Uncalled bet ($3) returned to Mullern
Mullern collected $6 from pot
Mullern: doesn't show hand
*** SUMMARY ***
Total pot $6 | Rake $0
Seat 7: Mullern (button) (small blind) collected ($6)
Seat 8: Pandakey (big blind) folded before Flop


PokerStars Hand #156834995280:  Hold'em Limit ($3/$6 USD) - 2016/08/03 20:26:07 ET
Table 'Xanthippe II' 10-max Seat #8 is the button
Seat 7: Mullern ($66.77 in chips)
Seat 8: Pandakey ($113.65 in chips)
Pandakey: posts small blind $1
Mullern: posts big blind $3
*** HOLE CARDS ***
Pandakey: raises $3 to $6
Mullern: calls $3
*** FLOP *** [9c 2c Qc]
Mullern: checks
Pandakey: bets $3
Mullern: raises $3 to $6
Pandakey: calls $3
*** TURN *** [9c 2c Qc] [5s]
Mullern: bets $6
Pandakey: calls $6
*** RIVER *** [9c 2c Qc 5s] [6c]
Mullern: checks
Pandakey: bets $6
Mullern: folds
Uncalled bet ($6) returned to Pandakey
Pandakey collected $35.50 from pot
Pandakey: doesn't show hand
*** SUMMARY ***
Total pot $36 | Rake $0.50
Board [9c 2c Qc 5s 6c]
Seat 7: Mullern (big blind) folded on the River
Seat 8: Pandakey (button) (small blind) collected ($35.50)


PokerStars Hand #156835023036:  Hold'em Limit ($3/$6 USD) - 2016/08/03 20:27:08 ET
Table 'Xanthippe II' 10-max Seat #7 is the button
Seat 7: Mullern ($27.77 in chips)
Seat 8: Pandakey ($151.41 in chips)
Mullern: posts small blind $1
Pandakey: posts big blind $3
*** HOLE CARDS ***
Mullern: raises $3 to $6
Pandakey: raises $3 to $9
Mullern: calls $3
*** FLOP *** [7d 3s 3d]
Pandakey: bets $3
Mullern: calls $3
*** TURN *** [7d 3s 3d] [3h]
Pandakey: bets $6
Mullern: calls $6
*** RIVER *** [7d 3s 3d 3h] [9d]
Pandakey: checks
Mullern: checks
*** SHOW DOWN ***
Pandakey: shows [Ac Th] (three of a kind, Threes)
Mullern: mucks hand
Mullern leaves the table
Pandakey collected $35.50 from pot
*** SUMMARY ***
Total pot $36 | Rake $0.50
Board [7d 3s 3d 3h 9d]
Seat 7: Mullern (button) (small blind) mucked
Seat 8: Pandakey (big blind) showed [Ac Th] and won ($35.50) with three of a kind, Threes


