PokerStars Hand #161327912296:  Hold'em Limit ($3/$6 USD) - 2016/11/13 6:08:02 ET
Table 'Xenia' 6-max Seat #4 is the button
Seat 3: Kosova1968 ($125.76 in chips)
Seat 4: TbIP-TbIP 88 ($72 in chips)
TbIP-TbIP 88: posts small blind $1
Kosova1968: posts big blind $3
*** HOLE CARDS ***
TbIP-TbIP 88: raises $3 to $6
Kosova1968: calls $3
*** FLOP *** [Qd Ac Jd]
Kosova1968: checks
TbIP-TbIP 88: bets $3
Kosova1968: folds
Uncalled bet ($3) returned to TbIP-TbIP 88
TbIP-TbIP 88 collected $11.76 from pot
TbIP-TbIP 88: doesn't show hand
*** SUMMARY ***
Total pot $12 | Rake $0.24
Board [Qd Ac Jd]
Seat 3: Kosova1968 (big blind) folded on the Flop
Seat 4: TbIP-TbIP 88 (button) (small blind) collected ($11.76)


PokerStars Hand #161327902999:  Hold'em Limit ($3/$6 USD) - 2016/11/13 6:07:44 ET
Table 'Xenia' 6-max Seat #3 is the button
Seat 3: Kosova1968 ($120 in chips)
Seat 4: TbIP-TbIP 88 ($72 in chips)
Kosova1968: posts small blind $1
TbIP-TbIP 88: posts big blind $3
*** HOLE CARDS ***
Kosova1968: raises $3 to $6
TbIP-TbIP 88: calls $3
*** FLOP *** [9c Ah Jh]
TbIP-TbIP 88: checks
Kosova1968: bets $3
TbIP-TbIP 88: folds
Uncalled bet ($3) returned to Kosova1968
Kosova1968 collected $11.76 from pot
*** SUMMARY ***
Total pot $12 | Rake $0.24
Board [9c Ah Jh]
Seat 3: Kosova1968 (button) (small blind) collected ($11.76)
Seat 4: TbIP-TbIP 88 (big blind) folded on the Flop


PokerStars Hand #161327927109:  Hold'em Limit ($3/$6 USD) - 2016/11/13 6:08:31 ET
Table 'Xenia' 6-max Seat #3 is the button
Seat 3: Kosova1968 ($119.76 in chips)
Seat 4: TbIP-TbIP 88 ($77.76 in chips)
Kosova1968: posts small blind $1
TbIP-TbIP 88: posts big blind $3
*** HOLE CARDS ***
Kosova1968: raises $3 to $6
TbIP-TbIP 88: calls $3
*** FLOP *** [Qd Jd Jh]
TbIP-TbIP 88: bets $3
Kosova1968: calls $3
*** TURN *** [Qd Jd Jh] [4s]
TbIP-TbIP 88: bets $6
Kosova1968: calls $6
*** RIVER *** [Qd Jd Jh 4s] [5s]
sugarmama888 joins the table at seat #2
TbIP-TbIP 88: bets $6
Kosova1968: calls $6
*** SHOW DOWN ***
TbIP-TbIP 88: shows [9c Qh] (two pair, Queens and Jacks)
Kosova1968: mucks hand
TbIP-TbIP 88 collected $41.50 from pot
*** SUMMARY ***
Total pot $42 | Rake $0.50
Board [Qd Jd Jh 4s 5s]
Seat 3: Kosova1968 (button) (small blind) mucked
Seat 4: TbIP-TbIP 88 (big blind) showed [9c Qh] and won ($41.50) with two pair, Queens and Jacks


PokerStars Hand #161327995803:  Hold'em Limit ($3/$6 USD) - 2016/11/13 6:10:46 ET
Table 'Xenia' 6-max Seat #3 is the button
Seat 3: Kosova1968 ($23.58 in chips)
Seat 4: TbIP-TbIP 88 ($90.26 in chips)
VolkovDmitri will be allowed to play after the button
hairy1961 will be allowed to play after the button
Kosova1968: posts small blind $1
TbIP-TbIP 88: posts big blind $3
*** HOLE CARDS ***
Kosova1968: raises $3 to $6
sugarmama888 leaves the table
TbIP-TbIP 88: calls $3
*** FLOP *** [Ac 4d 2s]
TbIP-TbIP 88: checks
Kosova1968: bets $3
TbIP-TbIP 88: folds
Uncalled bet ($3) returned to Kosova1968
Kosova1968 collected $11.76 from pot
*** SUMMARY ***
Total pot $12 | Rake $0.24
Board [Ac 4d 2s]
Seat 3: Kosova1968 (button) (small blind) collected ($11.76)
Seat 4: TbIP-TbIP 88 (big blind) folded on the Flop


PokerStars Hand #161328919265:  Hold'em Limit ($3/$6 USD) - 2016/11/13 6:40:19 ET
Table 'Xenia' 6-max Seat #4 is the button
Seat 4: KvanZy ($64.15 in chips)
Seat 6: civi1717 ($150.60 in chips)
KvanZy: posts small blind $1
civi1717: posts big blind $3
*** HOLE CARDS ***
KvanZy: folds
Uncalled bet ($2) returned to civi1717
civi1717 collected $2 from pot
civi1717: doesn't show hand
*** SUMMARY ***
Total pot $2 | Rake $0
Seat 4: KvanZy (button) (small blind) folded before Flop
Seat 6: civi1717 (big blind) collected ($2)


PokerStars Hand #161328911462:  Hold'em Limit ($3/$6 USD) - 2016/11/13 6:40:04 ET
Table 'Xenia' 6-max Seat #6 is the button
Seat 4: KvanZy ($67.15 in chips)
Seat 6: civi1717 ($147.72 in chips)
civi1717: posts small blind $1
Agrotait: is sitting out
KvanZy: posts big blind $3
Apanage joins the table at seat #2
*** HOLE CARDS ***
civi1717: calls $2
KvanZy: checks
*** FLOP *** [Jd Qc 8c]
KvanZy: checks
civi1717: bets $3
KvanZy: folds
Uncalled bet ($3) returned to civi1717
civi1717 collected $5.88 from pot
civi1717: doesn't show hand
*** SUMMARY ***
Total pot $6 | Rake $0.12
Board [Jd Qc 8c]
Seat 4: KvanZy (big blind) folded on the Flop
Seat 6: civi1717 (button) (small blind) collected ($5.88)


PokerStars Hand #161328973679:  Hold'em Limit ($3/$6 USD) - 2016/11/13 6:42:00 ET
Table 'Xenia' 6-max Seat #6 is the button
Seat 4: KvanZy ($85.68 in chips)
Seat 6: civi1717 ($109.60 in chips)
civi1717: posts small blind $1
Apanage: is sitting out
KvanZy: posts big blind $3
*** HOLE CARDS ***
Apanage leaves the table
civi1717: raises $3 to $6
KvanZy: calls $3
*** FLOP *** [7h As Th]
Apanage joins the table at seat #5
KvanZy: checks
civi1717: bets $3
KvanZy: folds
Uncalled bet ($3) returned to civi1717
civi1717 collected $11.76 from pot
civi1717: doesn't show hand
*** SUMMARY ***
Total pot $12 | Rake $0.24
Board [7h As Th]
Seat 4: KvanZy (big blind) folded on the Flop
Seat 6: civi1717 (button) (small blind) collected ($11.76)


PokerStars Hand #161329217710:  Hold'em Limit ($3/$6 USD) - 2016/11/13 6:49:35 ET
Table 'Xenia' 6-max Seat #4 is the button
Seat 4: KvanZy ($98.25 in chips)
Seat 6: civi1717 ($77.80 in chips)
KvanZy: posts small blind $1
Apanage: is sitting out
civi1717: posts big blind $3
*** HOLE CARDS ***
KvanZy: folds
Uncalled bet ($2) returned to civi1717
civi1717 collected $2 from pot
civi1717: doesn't show hand
*** SUMMARY ***
Total pot $2 | Rake $0
Seat 4: KvanZy (button) (small blind) folded before Flop
Seat 6: civi1717 (big blind) collected ($2)


PokerStars Hand #161329220490:  Hold'em Limit ($3/$6 USD) - 2016/11/13 6:49:40 ET
Table 'Xenia' 6-max Seat #6 is the button
Seat 4: KvanZy ($97.25 in chips)
Seat 6: civi1717 ($78.80 in chips)
civi1717: posts small blind $1
KvanZy: posts big blind $3
*** HOLE CARDS ***
civi1717: raises $3 to $6
KvanZy: folds
Uncalled bet ($3) returned to civi1717
Apanage leaves the table
civi1717 collected $6 from pot
civi1717: doesn't show hand
*** SUMMARY ***
Total pot $6 | Rake $0
Seat 4: KvanZy (big blind) folded before Flop
Seat 6: civi1717 (button) (small blind) collected ($6)


PokerStars Hand #161329224224:  Hold'em Limit ($3/$6 USD) - 2016/11/13 6:49:47 ET
Table 'Xenia' 6-max Seat #4 is the button
Seat 4: KvanZy ($94.25 in chips)
Seat 6: civi1717 ($81.80 in chips)
KvanZy: posts small blind $1
civi1717: posts big blind $3
*** HOLE CARDS ***
KvanZy: calls $2
civi1717: raises $3 to $6
KvanZy: calls $3
*** FLOP *** [7d 8d Ad]
civi1717: bets $3
KvanZy: calls $3
*** TURN *** [7d 8d Ad] [9d]
civi1717: checks
KvanZy: checks
*** RIVER *** [7d 8d Ad 9d] [3c]
civi1717: checks
KvanZy: bets $6
Apanage joins the table at seat #3
civi1717: calls $6
*** SHOW DOWN ***
KvanZy: shows [6s 4d] (a flush, Ace high)
civi1717: mucks hand
KvanZy collected $29.50 from pot
*** SUMMARY ***
Total pot $30 | Rake $0.50
Board [7d 8d Ad 9d 3c]
Seat 4: KvanZy (button) (small blind) showed [6s 4d] and won ($29.50) with a flush, Ace high
Seat 6: civi1717 (big blind) mucked


