PokerStars Hand #165802728293:  Hold'em Limit ($3/$6 USD) - 2017/02/06 18:09:57 ET
Table 'Xenia' 6-max Seat #2 is the button
Seat 1: Brama Br ($205.35 in chips)
Seat 2: belik555 ($91 in chips)
belik555: posts small blind $1
Brama Br: posts big blind $3
*** HOLE CARDS ***
Cjnybre leaves the table
belik555: raises $3 to $6
Brama Br: folds
Uncalled bet ($3) returned to belik555
belik555 collected $6 from pot
belik555: doesn't show hand
*** SUMMARY ***
Total pot $6 | Rake $0
Seat 1: Brama Br (big blind) folded before Flop
Seat 2: belik555 (button) (small blind) collected ($6)


PokerStars Hand #165802723456:  Hold'em Limit ($3/$6 USD) - 2017/02/06 18:09:52 ET
Table 'Xenia' 6-max Seat #1 is the button
Seat 1: Brama Br ($206.35 in chips)
Seat 2: belik555 ($90 in chips)
Brama Br: posts small blind $1
belik555: posts big blind $3
*** HOLE CARDS ***
Brama Br: folds
Uncalled bet ($2) returned to belik555
belik555 collected $2 from pot
belik555: doesn't show hand
*** SUMMARY ***
Total pot $2 | Rake $0
Seat 1: Brama Br (button) (small blind) folded before Flop
Seat 2: belik555 (big blind) collected ($2)


PokerStars Hand #165802703482:  Hold'em Limit ($3/$6 USD) - 2017/02/06 18:09:27 ET
Table 'Xenia' 6-max Seat #2 is the button
Seat 1: Brama Br ($194.83 in chips)
Seat 2: belik555 ($90 in chips)
belik555: posts small blind $1
Cjnybre: is sitting out
Brama Br: posts big blind $3
*** HOLE CARDS ***
belik555: raises $3 to $6
Brama Br: calls $3
*** FLOP *** [3d 4s 2s]
Brama Br: checks
belik555: checks
*** TURN *** [3d 4s 2s] [8d]
Brama Br: bets $6
belik555: calls $6
*** RIVER *** [3d 4s 2s 8d] [5s]
Brama Br: checks
belik555: checks
*** SHOW DOWN ***
Brama Br: shows [8c Kc] (a pair of Eights)
belik555: mucks hand
Brama Br collected $23.52 from pot
*** SUMMARY ***
Total pot $24 | Rake $0.48
Board [3d 4s 2s 8d 5s]
Seat 1: Brama Br (big blind) showed [8c Kc] and won ($23.52) with a pair of Eights
Seat 2: belik555 (button) (small blind) mucked


PokerStars Hand #165802770023:  Hold'em Limit ($3/$6 USD) - 2017/02/06 18:10:48 ET
Table 'Xenia' 6-max Seat #2 is the button
Seat 1: Brama Br ($200.99 in chips)
Seat 2: belik555 ($94.64 in chips)
belik555: posts small blind $1
Brama Br: posts big blind $3
*** HOLE CARDS ***
belik555: raises $3 to $6
Brama Br: calls $3
*** FLOP *** [8c 6c Ah]
Brama Br: checks
belik555: bets $3
Brama Br: calls $3
*** TURN *** [8c 6c Ah] [Tc]
Brama Br: checks
belik555: checks
*** RIVER *** [8c 6c Ah Tc] [8h]
Brama Br: checks
belik555: checks
*** SHOW DOWN ***
Brama Br: shows [Kc 9h] (a pair of Eights)
belik555: shows [Kh 2d] (a pair of Eights)
Brama Br collected $8.82 from pot
belik555 collected $8.82 from pot
*** SUMMARY ***
Total pot $18 | Rake $0.36
Board [8c 6c Ah Tc 8h]
Seat 1: Brama Br (big blind) showed [Kc 9h] and won ($8.82) with a pair of Eights
Seat 2: belik555 (button) (small blind) showed [Kh 2d] and won ($8.82) with a pair of Eights


PokerStars Hand #165802764748:  Hold'em Limit ($3/$6 USD) - 2017/02/06 18:10:42 ET
Table 'Xenia' 6-max Seat #1 is the button
Seat 1: Brama Br ($201.99 in chips)
Seat 2: belik555 ($93.64 in chips)
Brama Br: posts small blind $1
belik555: posts big blind $3
*** HOLE CARDS ***
Brama Br: folds
Uncalled bet ($2) returned to belik555
belik555 collected $2 from pot
belik555: doesn't show hand
*** SUMMARY ***
Total pot $2 | Rake $0
Seat 1: Brama Br (button) (small blind) folded before Flop
Seat 2: belik555 (big blind) collected ($2)


PokerStars Hand #165802748566:  Hold'em Limit ($3/$6 USD) - 2017/02/06 18:10:22 ET
Table 'Xenia' 6-max Seat #2 is the button
Seat 1: Brama Br ($193.35 in chips)
Seat 2: belik555 ($102.64 in chips)
belik555: posts small blind $1
Brama Br: posts big blind $3
*** HOLE CARDS ***
belik555: raises $3 to $6
Brama Br: raises $3 to $9
belik555: calls $3
*** FLOP *** [9h Ks As]
Brama Br: bets $3
belik555: folds
Uncalled bet ($3) returned to Brama Br
Brama Br collected $17.64 from pot
Brama Br: doesn't show hand
*** SUMMARY ***
Total pot $18 | Rake $0.36
Board [9h Ks As]
Seat 1: Brama Br (big blind) collected ($17.64)
Seat 2: belik555 (button) (small blind) folded on the Flop


PokerStars Hand #165802735096:  Hold'em Limit ($3/$6 USD) - 2017/02/06 18:10:06 ET
Table 'Xenia' 6-max Seat #1 is the button
Seat 1: Brama Br ($202.35 in chips)
Seat 2: belik555 ($94 in chips)
Brama Br: posts small blind $1
belik555: posts big blind $3
*** HOLE CARDS ***
Brama Br: raises $3 to $6
belik555: raises $3 to $9
Brama Br: calls $3
*** FLOP *** [5h Jh 7h]
belik555: bets $3
Brama Br: folds
Uncalled bet ($3) returned to belik555
belik555 collected $17.64 from pot
belik555: doesn't show hand
*** SUMMARY ***
Total pot $18 | Rake $0.36
Board [5h Jh 7h]
Seat 1: Brama Br (button) (small blind) folded on the Flop
Seat 2: belik555 (big blind) collected ($17.64)


PokerStars Hand #165802789291:  Hold'em Limit ($3/$6 USD) - 2017/02/06 18:11:11 ET
Table 'Xenia' 6-max Seat #1 is the button
Seat 1: Brama Br ($200.81 in chips)
Seat 2: belik555 ($94.46 in chips)
Brama Br: posts small blind $1
belik555: posts big blind $3
*** HOLE CARDS ***
Brama Br: raises $3 to $6
belik555: calls $3
*** FLOP *** [8d 2h 3c]
belik555: checks
Brama Br: bets $3
belik555: raises $3 to $6
Brama Br: calls $3
*** TURN *** [8d 2h 3c] [Kd]
belik555: bets $6
Brama Br: raises $6 to $12
belik555: calls $6
*** RIVER *** [8d 2h 3c Kd] [8s]
RaisemyNut$ joins the table at seat #3
belik555: checks
Brama Br: checks
*** SHOW DOWN ***
belik555: shows [8c 7d] (three of a kind, Eights)
Brama Br: mucks hand
belik555 collected $47.50 from pot
*** SUMMARY ***
Total pot $48 | Rake $0.50
Board [8d 2h 3c Kd 8s]
Seat 1: Brama Br (button) (small blind) mucked
Seat 2: belik555 (big blind) showed [8c 7d] and won ($47.50) with three of a kind, Eights


PokerStars Hand #165803182515:  Hold'em Limit ($3/$6 USD) - 2017/02/06 18:19:13 ET
Table 'Xenia' 6-max Seat #1 is the button
Seat 1: Brama Br ($319.28 in chips)
Seat 3: RaisemyNut$ ($93.50 in chips)
LWNS will be allowed to play after the button
Brama Br: posts small blind $1
RaisemyNut$: posts big blind $3
*** HOLE CARDS ***
Brama Br: folds
Uncalled bet ($2) returned to RaisemyNut$
RaisemyNut$ collected $2 from pot
RaisemyNut$: doesn't show hand
*** SUMMARY ***
Total pot $2 | Rake $0
Seat 1: Brama Br (button) (small blind) folded before Flop
Seat 3: RaisemyNut$ (big blind) collected ($2)


PokerStars Hand #165803273149:  Hold'em Limit ($3/$6 USD) - 2017/02/06 18:21:05 ET
Table 'Xenia' 6-max Seat #1 is the button
Seat 1: Brama Br ($314.78 in chips)
Seat 3: RaisemyNut$ ($91 in chips)
Brama Br: posts small blind $1
RaisemyNut$: posts big blind $3
*** HOLE CARDS ***
Brama Br: folds
Uncalled bet ($2) returned to RaisemyNut$
RaisemyNut$ collected $2 from pot
RaisemyNut$: doesn't show hand
*** SUMMARY ***
Total pot $2 | Rake $0
Seat 1: Brama Br (button) (small blind) folded before Flop
Seat 3: RaisemyNut$ (big blind) collected ($2)


PokerStars Hand #165803247011:  Hold'em Limit ($3/$6 USD) - 2017/02/06 18:20:33 ET
Table 'Xenia' 6-max Seat #3 is the button
Seat 1: Brama Br ($291.28 in chips)
Seat 3: RaisemyNut$ ($115 in chips)
RaisemyNut$: posts small blind $1
Brama Br: posts big blind $3
*** HOLE CARDS ***
RaisemyNut$: raises $3 to $6
Brama Br: calls $3
*** FLOP *** [9c Ad Jd]
Brama Br: checks
RaisemyNut$: bets $3
Brama Br: raises $3 to $6
RaisemyNut$: calls $3
*** TURN *** [9c Ad Jd] [7c]
Brama Br: bets $6
RaisemyNut$: raises $6 to $12
Brama Br: calls $6
*** RIVER *** [9c Ad Jd 7c] [4s]
Brama Br: checks
RaisemyNut$: checks
*** SHOW DOWN ***
Brama Br: shows [Kh 8s] (high card Ace)
RaisemyNut$: mucks hand
Brama Br collected $47.50 from pot
*** SUMMARY ***
Total pot $48 | Rake $0.50
Board [9c Ad Jd 7c 4s]
Seat 1: Brama Br (big blind) showed [Kh 8s] and won ($47.50) with high card Ace
Seat 3: RaisemyNut$ (button) (small blind) mucked


PokerStars Hand #165803217909:  Hold'em Limit ($3/$6 USD) - 2017/02/06 18:19:57 ET
Table 'Xenia' 6-max Seat #3 is the button
Seat 1: Brama Br ($312.28 in chips)
Seat 3: RaisemyNut$ ($94.50 in chips)
RaisemyNut$: posts small blind $1
Brama Br: posts big blind $3
*** HOLE CARDS ***
RaisemyNut$: raises $3 to $6
Brama Br: raises $3 to $9
RaisemyNut$: calls $3
*** FLOP *** [6c Tc 8s]
Brama Br: bets $3
RaisemyNut$: calls $3
*** TURN *** [6c Tc 8s] [4d]
Brama Br: checks
RaisemyNut$: bets $6
Brama Br: calls $6
*** RIVER *** [6c Tc 8s 4d] [Ts]
Brama Br: checks
RaisemyNut$: bets $6
Brama Br: calls $6
*** SHOW DOWN ***
RaisemyNut$: shows [7s 9h] (a straight, Six to Ten)
Brama Br: mucks hand
RaisemyNut$ collected $47.50 from pot
*** SUMMARY ***
Total pot $48 | Rake $0.50
Board [6c Tc 8s 4d Ts]
Seat 1: Brama Br (big blind) mucked
Seat 3: RaisemyNut$ (button) (small blind) showed [7s 9h] and won ($47.50) with a straight, Six to Ten


PokerStars Hand #165803239476:  Hold'em Limit ($3/$6 USD) - 2017/02/06 18:20:23 ET
Table 'Xenia' 6-max Seat #1 is the button
Seat 1: Brama Br ($288.28 in chips)
Seat 3: RaisemyNut$ ($118 in chips)
Brama Br: posts small blind $1
RaisemyNut$: posts big blind $3
*** HOLE CARDS ***
Brama Br: raises $3 to $6
RaisemyNut$: folds
Uncalled bet ($3) returned to Brama Br
Brama Br collected $6 from pot
Brama Br: doesn't show hand
*** SUMMARY ***
Total pot $6 | Rake $0
Seat 1: Brama Br (button) (small blind) collected ($6)
Seat 3: RaisemyNut$ (big blind) folded before Flop


PokerStars Hand #165803283586:  Hold'em Limit ($3/$6 USD) - 2017/02/06 18:21:18 ET
Table 'Xenia' 6-max Seat #3 is the button
Seat 1: Brama Br ($313.78 in chips)
Seat 3: RaisemyNut$ ($92 in chips)
RaisemyNut$: posts small blind $1
Brama Br: posts big blind $3
*** HOLE CARDS ***
RaisemyNut$: raises $3 to $6
Brama Br: calls $3
*** FLOP *** [Js 6s Qd]
Brama Br: checks
RaisemyNut$: bets $3
Brama Br: calls $3
*** TURN *** [Js 6s Qd] [2h]
Brama Br: checks
RaisemyNut$: bets $6
Brama Br: calls $6
*** RIVER *** [Js 6s Qd 2h] [2d]
Brama Br: checks
RaisemyNut$: checks
*** SHOW DOWN ***
Brama Br: shows [4d 4c] (two pair, Fours and Deuces)
RaisemyNut$: mucks hand
Brama Br collected $29.50 from pot
*** SUMMARY ***
Total pot $30 | Rake $0.50
Board [Js 6s Qd 2h 2d]
Seat 1: Brama Br (big blind) showed [4d 4c] and won ($29.50) with two pair, Fours and Deuces
Seat 3: RaisemyNut$ (button) (small blind) mucked


PokerStars Hand #165803300429:  Hold'em Limit ($3/$6 USD) - 2017/02/06 18:21:39 ET
Table 'Xenia' 6-max Seat #1 is the button
Seat 1: Brama Br ($328.28 in chips)
Seat 3: RaisemyNut$ ($77 in chips)
Brama Br: posts small blind $1
RaisemyNut$: posts big blind $3
*** HOLE CARDS ***
Brama Br: raises $3 to $6
RaisemyNut$: calls $3
*** FLOP *** [7d 3c As]
RaisemyNut$: checks
Brama Br: checks
*** TURN *** [7d 3c As] [5d]
RaisemyNut$: bets $6
Brama Br: calls $6
*** RIVER *** [7d 3c As 5d] [Th]
RaisemyNut$: bets $6
Brama Br: folds
Uncalled bet ($6) returned to RaisemyNut$
RaisemyNut$ collected $23.52 from pot
RaisemyNut$: doesn't show hand
*** SUMMARY ***
Total pot $24 | Rake $0.48
Board [7d 3c As 5d Th]
Seat 1: Brama Br (button) (small blind) folded on the River
Seat 3: RaisemyNut$ (big blind) collected ($23.52)


PokerStars Hand #165803320565:  Hold'em Limit ($3/$6 USD) - 2017/02/06 18:22:03 ET
Table 'Xenia' 6-max Seat #3 is the button
Seat 1: Brama Br ($316.28 in chips)
Seat 3: RaisemyNut$ ($88.52 in chips)
RaisemyNut$: posts small blind $1
Brama Br: posts big blind $3
*** HOLE CARDS ***
RaisemyNut$: raises $3 to $6
Brama Br: calls $3
*** FLOP *** [Ah Qc 6c]
Brama Br: checks
RaisemyNut$: bets $3
Brama Br: folds
Uncalled bet ($3) returned to RaisemyNut$
RaisemyNut$ collected $11.76 from pot
RaisemyNut$: doesn't show hand
*** SUMMARY ***
Total pot $12 | Rake $0.24
Board [Ah Qc 6c]
Seat 1: Brama Br (big blind) folded on the Flop
Seat 3: RaisemyNut$ (button) (small blind) collected ($11.76)


PokerStars Hand #165803329910:  Hold'em Limit ($3/$6 USD) - 2017/02/06 18:22:15 ET
Table 'Xenia' 6-max Seat #1 is the button
Seat 1: Brama Br ($310.28 in chips)
Seat 3: RaisemyNut$ ($94.28 in chips)
Brama Br: posts small blind $1
RaisemyNut$: posts big blind $3
*** HOLE CARDS ***
Brama Br: raises $3 to $6
RaisemyNut$: calls $3
*** FLOP *** [Ac 7d 4c]
RaisemyNut$: checks
Brama Br: bets $3
RaisemyNut$: raises $3 to $6
Brama Br: calls $3
*** TURN *** [Ac 7d 4c] [3h]
RaisemyNut$: bets $6
Brama Br: calls $6
*** RIVER *** [Ac 7d 4c 3h] [6d]
RaisemyNut$: checks
Brama Br: checks
*** SHOW DOWN ***
RaisemyNut$: shows [Qs 7c] (a pair of Sevens)
Brama Br: mucks hand
RaisemyNut$ collected $35.50 from pot
*** SUMMARY ***
Total pot $36 | Rake $0.50
Board [Ac 7d 4c 3h 6d]
Seat 1: Brama Br (button) (small blind) mucked
Seat 3: RaisemyNut$ (big blind) showed [Qs 7c] and won ($35.50) with a pair of Sevens


PokerStars Hand #165803352358:  Hold'em Limit ($3/$6 USD) - 2017/02/06 18:22:43 ET
Table 'Xenia' 6-max Seat #1 is the button
Seat 1: Brama Br ($289.28 in chips)
Seat 3: RaisemyNut$ ($114.78 in chips)
Brama Br: posts small blind $1
RaisemyNut$: posts big blind $3
*** HOLE CARDS ***
Brama Br: raises $3 to $6
RaisemyNut$: folds
Uncalled bet ($3) returned to Brama Br
Brama Br collected $6 from pot
Brama Br: doesn't show hand
*** SUMMARY ***
Total pot $6 | Rake $0
Seat 1: Brama Br (button) (small blind) collected ($6)
Seat 3: RaisemyNut$ (big blind) folded before Flop


PokerStars Hand #165803345706:  Hold'em Limit ($3/$6 USD) - 2017/02/06 18:22:34 ET
Table 'Xenia' 6-max Seat #3 is the button
Seat 1: Brama Br ($292.28 in chips)
Seat 3: RaisemyNut$ ($111.78 in chips)
RaisemyNut$: posts small blind $1
Brama Br: posts big blind $3
*** HOLE CARDS ***
RaisemyNut$: raises $3 to $6
Brama Br: folds
Uncalled bet ($3) returned to RaisemyNut$
RaisemyNut$ collected $6 from pot
RaisemyNut$: doesn't show hand
*** SUMMARY ***
Total pot $6 | Rake $0
Seat 1: Brama Br (big blind) folded before Flop
Seat 3: RaisemyNut$ (button) (small blind) collected ($6)


PokerStars Hand #165803358120:  Hold'em Limit ($3/$6 USD) - 2017/02/06 18:22:50 ET
Table 'Xenia' 6-max Seat #3 is the button
Seat 1: Brama Br ($292.28 in chips)
Seat 3: RaisemyNut$ ($111.78 in chips)
RaisemyNut$: posts small blind $1
Brama Br: posts big blind $3
*** HOLE CARDS ***
RaisemyNut$: raises $3 to $6
Brama Br: raises $3 to $9
RaisemyNut$: calls $3
*** FLOP *** [2h 6c 3h]
Brama Br: bets $3
RaisemyNut$: calls $3
*** TURN *** [2h 6c 3h] [7s]
Brama Br: checks
RaisemyNut$: bets $6
Brama Br: calls $6
*** RIVER *** [2h 6c 3h 7s] [Qc]
Brama Br: checks
RaisemyNut$: bets $6
Brama Br: calls $6
*** SHOW DOWN ***
RaisemyNut$: shows [7d 7h] (three of a kind, Sevens)
Brama Br: mucks hand
RaisemyNut$ collected $47.50 from pot
*** SUMMARY ***
Total pot $48 | Rake $0.50
Board [2h 6c 3h 7s Qc]
Seat 1: Brama Br (big blind) mucked
Seat 3: RaisemyNut$ (button) (small blind) showed [7d 7h] and won ($47.50) with three of a kind, Sevens


PokerStars Hand #165803385257:  Hold'em Limit ($3/$6 USD) - 2017/02/06 18:23:23 ET
Table 'Xenia' 6-max Seat #3 is the button
Seat 1: Brama Br ($267.28 in chips)
Seat 3: RaisemyNut$ ($136.28 in chips)
RaisemyNut$: posts small blind $1
Brama Br: posts big blind $3
*** HOLE CARDS ***
RaisemyNut$: raises $3 to $6
Brama Br: calls $3
*** FLOP *** [9h Td 5s]
Brama Br: checks
RaisemyNut$: bets $3
Brama Br: folds
Uncalled bet ($3) returned to RaisemyNut$
RaisemyNut$ collected $11.76 from pot
RaisemyNut$: doesn't show hand
*** SUMMARY ***
Total pot $12 | Rake $0.24
Board [9h Td 5s]
Seat 1: Brama Br (big blind) folded on the Flop
Seat 3: RaisemyNut$ (button) (small blind) collected ($11.76)


PokerStars Hand #165803393914:  Hold'em Limit ($3/$6 USD) - 2017/02/06 18:23:34 ET
Table 'Xenia' 6-max Seat #1 is the button
Seat 1: Brama Br ($261.28 in chips)
Seat 3: RaisemyNut$ ($142.04 in chips)
Brama Br: posts small blind $1
RaisemyNut$: posts big blind $3
*** HOLE CARDS ***
Brama Br: raises $3 to $6
RaisemyNut$: calls $3
*** FLOP *** [Jh 8h 6h]
RaisemyNut$: checks
Brama Br: checks
*** TURN *** [Jh 8h 6h] [4s]
RaisemyNut$: checks
Brama Br: checks
*** RIVER *** [Jh 8h 6h 4s] [Kd]
RaisemyNut$: bets $6
Brama Br: calls $6
*** SHOW DOWN ***
RaisemyNut$: shows [Kc 2d] (a pair of Kings)
Brama Br: mucks hand
RaisemyNut$ collected $23.52 from pot
*** SUMMARY ***
Total pot $24 | Rake $0.48
Board [Jh 8h 6h 4s Kd]
Seat 1: Brama Br (button) (small blind) mucked
Seat 3: RaisemyNut$ (big blind) showed [Kc 2d] and won ($23.52) with a pair of Kings


PokerStars Hand #165803380369:  Hold'em Limit ($3/$6 USD) - 2017/02/06 18:23:17 ET
Table 'Xenia' 6-max Seat #1 is the button
Seat 1: Brama Br ($268.28 in chips)
Seat 3: RaisemyNut$ ($135.28 in chips)
Brama Br: posts small blind $1
RaisemyNut$: posts big blind $3
*** HOLE CARDS ***
Brama Br: folds
Uncalled bet ($2) returned to RaisemyNut$
RaisemyNut$ collected $2 from pot
RaisemyNut$: doesn't show hand
*** SUMMARY ***
Total pot $2 | Rake $0
Seat 1: Brama Br (button) (small blind) folded before Flop
Seat 3: RaisemyNut$ (big blind) collected ($2)


PokerStars Hand #165803435729:  Hold'em Limit ($3/$6 USD) - 2017/02/06 18:24:25 ET
Table 'Xenia' 6-max Seat #1 is the button
Seat 1: Brama Br ($257.92 in chips)
Seat 3: RaisemyNut$ ($144.56 in chips)
Brama Br: posts small blind $1
RaisemyNut$: posts big blind $3
*** HOLE CARDS ***
Brama Br: raises $3 to $6
RaisemyNut$: calls $3
*** FLOP *** [Jc Kc Tc]
RaisemyNut$: checks
Brama Br: bets $3
RaisemyNut$: raises $3 to $6
Brama Br: calls $3
*** TURN *** [Jc Kc Tc] [7h]
RaisemyNut$: bets $6
nikosha8 joins the table at seat #6
Brama Br: calls $6
*** RIVER *** [Jc Kc Tc 7h] [6d]
RaisemyNut$: bets $6
Brama Br: calls $6
*** SHOW DOWN ***
RaisemyNut$: shows [Qs 9c] (a straight, Nine to King)
Brama Br: mucks hand
RaisemyNut$ collected $47.50 from pot
*** SUMMARY ***
Total pot $48 | Rake $0.50
Board [Jc Kc Tc 7h 6d]
Seat 1: Brama Br (button) (small blind) mucked
Seat 3: RaisemyNut$ (big blind) showed [Qs 9c] and won ($47.50) with a straight, Nine to King


PokerStars Hand #165803419955:  Hold'em Limit ($3/$6 USD) - 2017/02/06 18:24:06 ET
Table 'Xenia' 6-max Seat #3 is the button
Seat 1: Brama Br ($249.28 in chips)
Seat 3: RaisemyNut$ ($153.56 in chips)
RaisemyNut$: posts small blind $1
Brama Br: posts big blind $3
*** HOLE CARDS ***
RaisemyNut$: raises $3 to $6
Brama Br: calls $3
*** FLOP *** [Ks Qh 3h]
Brama Br: checks
RaisemyNut$: bets $3
Brama Br: calls $3
*** TURN *** [Ks Qh 3h] [8s]
Brama Br: checks
RaisemyNut$: checks
*** RIVER *** [Ks Qh 3h 8s] [7s]
Brama Br: checks
RaisemyNut$: checks
*** SHOW DOWN ***
Brama Br: shows [Ac 6s] (high card Ace)
RaisemyNut$: mucks hand
Brama Br collected $17.64 from pot
*** SUMMARY ***
Total pot $18 | Rake $0.36
Board [Ks Qh 3h 8s 7s]
Seat 1: Brama Br (big blind) showed [Ac 6s] and won ($17.64) with high card Ace
Seat 3: RaisemyNut$ (button) (small blind) mucked


