PokerStars Hand #150133802439:  Hold'em Limit ($3/$6 USD) - 2016/03/10 10:54:07 ET
Table 'Xenia III' 6-max Seat #1 is the button
Seat 1: Diamond999 ($130.53 in chips)
Seat 2: B_loJkl ($125 in chips)
Diamond999: posts small blind $1
B_loJkl: posts big blind $3
*** HOLE CARDS ***
Diamond999: raises $3 to $6
B_loJkl: folds
Uncalled bet ($3) returned to Diamond999
Diamond999 collected $6 from pot
*** SUMMARY ***
Total pot $6 | Rake $0
Seat 1: Diamond999 (button) (small blind) collected ($6)
Seat 2: B_loJkl (big blind) folded before Flop


PokerStars Hand #150133791091:  Hold'em Limit ($3/$6 USD) - 2016/03/10 10:53:52 ET
Table 'Xenia III' 6-max Seat #2 is the button
Seat 1: Diamond999 ($133.53 in chips)
Seat 2: B_loJkl ($122 in chips)
B_loJkl: posts small blind $1
wkfatboy: is sitting out
Diamond999: posts big blind $3
*** HOLE CARDS ***
wkfatboy leaves the table
B_loJkl: raises $3 to $6
Diamond999: folds
Uncalled bet ($3) returned to B_loJkl
B_loJkl collected $6 from pot
B_loJkl: doesn't show hand
*** SUMMARY ***
Total pot $6 | Rake $0
Seat 1: Diamond999 (big blind) folded before Flop
Seat 2: B_loJkl (button) (small blind) collected ($6)


