PokerStars Hand #145125335606:  Hold'em Limit ($3/$6 USD) - 2015/12/10 11:06:12 ET
Table 'Xenia II' 6-max Seat #4 is the button
Seat 3: linkin0909 ($96.41 in chips)
Seat 4: TbIP-TbIP 88 ($73 in chips)
TbIP-TbIP 88: posts small blind $1
linkin0909: posts big blind $3
*** HOLE CARDS ***
TbIP-TbIP 88: raises $3 to $6
linkin0909: calls $3
*** FLOP *** [Th Kh 2s]
linkin0909: checks
TbIP-TbIP 88: bets $3
linkin0909: folds
Uncalled bet ($3) returned to TbIP-TbIP 88
TbIP-TbIP 88 collected $11.76 from pot
TbIP-TbIP 88: doesn't show hand
*** SUMMARY ***
Total pot $12 | Rake $0.24
Board [Th Kh 2s]
Seat 3: linkin0909 (big blind) folded on the Flop
Seat 4: TbIP-TbIP 88 (button) (small blind) collected ($11.76)


PokerStars Hand #145125331419:  Hold'em Limit ($3/$6 USD) - 2015/12/10 11:06:07 ET
Table 'Xenia II' 6-max Seat #3 is the button
Seat 3: linkin0909 ($97.41 in chips)
Seat 4: TbIP-TbIP 88 ($72 in chips)
linkin0909: posts small blind $1
TbIP-TbIP 88: posts big blind $3
*** HOLE CARDS ***
linkin0909: folds
Uncalled bet ($2) returned to TbIP-TbIP 88
TbIP-TbIP 88 collected $2 from pot
TbIP-TbIP 88: doesn't show hand
*** SUMMARY ***
Total pot $2 | Rake $0
Seat 3: linkin0909 (button) (small blind) folded before Flop
Seat 4: TbIP-TbIP 88 (big blind) collected ($2)


PokerStars Hand #145125325799:  Hold'em Limit ($3/$6 USD) - 2015/12/10 11:06:00 ET
Table 'Xenia II' 6-max Seat #4 is the button
Seat 3: linkin0909 ($96.41 in chips)
Seat 4: TbIP-TbIP 88 ($72 in chips)
TbIP-TbIP 88: posts small blind $1
linkin0909: posts big blind $3
*** HOLE CARDS ***
TbIP-TbIP 88: folds
Uncalled bet ($2) returned to linkin0909
linkin0909 collected $2 from pot
linkin0909: doesn't show hand
*** SUMMARY ***
Total pot $2 | Rake $0
Seat 3: linkin0909 (big blind) collected ($2)
Seat 4: TbIP-TbIP 88 (button) (small blind) folded before Flop


PokerStars Hand #145125284614:  Hold'em Limit ($3/$6 USD) - 2015/12/10 11:05:08 ET
Table 'Xenia II' 6-max Seat #3 is the button
Seat 3: linkin0909 ($90.65 in chips)
Seat 4: TbIP-TbIP 88 ($72 in chips)
linkin0909: posts small blind $1
TbIP-TbIP 88: posts big blind $3
*** HOLE CARDS ***
linkin0909: raises $3 to $6
TbIP-TbIP 88: calls $3
*** FLOP *** [7d 6h Qc]
TbIP-TbIP 88: checks
linkin0909: bets $3
TbIP-TbIP 88: folds
Uncalled bet ($3) returned to linkin0909
linkin0909 collected $11.76 from pot
linkin0909: doesn't show hand
*** SUMMARY ***
Total pot $12 | Rake $0.24
Board [7d 6h Qc]
Seat 3: linkin0909 (button) (small blind) collected ($11.76)
Seat 4: TbIP-TbIP 88 (big blind) folded on the Flop


PokerStars Hand #145125344802:  Hold'em Limit ($3/$6 USD) - 2015/12/10 11:06:24 ET
Table 'Xenia II' 6-max Seat #3 is the button
Seat 3: linkin0909 ($90.41 in chips)
Seat 4: TbIP-TbIP 88 ($78.76 in chips)
linkin0909: posts small blind $1
TbIP-TbIP 88: posts big blind $3
*** HOLE CARDS ***
linkin0909: raises $3 to $6
TbIP-TbIP 88: calls $3
*** FLOP *** [5d 3d 2c]
RockKillerTY joins the table at seat #5
TbIP-TbIP 88: checks
linkin0909: bets $3
TbIP-TbIP 88: calls $3
*** TURN *** [5d 3d 2c] [4d]
TbIP-TbIP 88: checks
linkin0909: bets $6
TbIP-TbIP 88: calls $6
*** RIVER *** [5d 3d 2c 4d] [8s]
TbIP-TbIP 88: checks
linkin0909: bets $6
TbIP-TbIP 88: folds
Uncalled bet ($6) returned to linkin0909
linkin0909 collected $29.50 from pot
linkin0909: doesn't show hand
*** SUMMARY ***
Total pot $30 | Rake $0.50
Board [5d 3d 2c 4d 8s]
Seat 3: linkin0909 (button) (small blind) collected ($29.50)
Seat 4: TbIP-TbIP 88 (big blind) folded on the River


PokerStars Hand #145125538078:  Hold'em Limit ($3/$6 USD) - 2015/12/10 11:10:29 ET
Table 'Xenia II' 6-max Seat #3 is the button
Seat 3: linkin0909 ($115.77 in chips)
Seat 4: TbIP-TbIP 88 ($81.64 in chips)
linkin0909: posts small blind $1
TbIP-TbIP 88: posts big blind $3
*** HOLE CARDS ***
linkin0909: folds
Uncalled bet ($2) returned to TbIP-TbIP 88
TbIP-TbIP 88 collected $2 from pot
TbIP-TbIP 88: doesn't show hand
*** SUMMARY ***
Total pot $2 | Rake $0
Seat 3: linkin0909 (button) (small blind) folded before Flop
Seat 4: TbIP-TbIP 88 (big blind) collected ($2)


PokerStars Hand #145125512012:  Hold'em Limit ($3/$6 USD) - 2015/12/10 11:09:56 ET
Table 'Xenia II' 6-max Seat #4 is the button
Seat 3: linkin0909 ($124.77 in chips)
Seat 4: TbIP-TbIP 88 ($73 in chips)
TbIP-TbIP 88: posts small blind $1
linkin0909: posts big blind $3
*** HOLE CARDS ***
TbIP-TbIP 88: raises $3 to $6
linkin0909: calls $3
*** FLOP *** [5s Tc 8c]
linkin0909: checks
TbIP-TbIP 88: bets $3
linkin0909: calls $3
*** TURN *** [5s Tc 8c] [5c]
linkin0909: checks
TbIP-TbIP 88: checks
*** RIVER *** [5s Tc 8c 5c] [Ac]
linkin0909: checks
TbIP-TbIP 88: bets $6
linkin0909: folds
Uncalled bet ($6) returned to TbIP-TbIP 88
TbIP-TbIP 88 collected $17.64 from pot
TbIP-TbIP 88: doesn't show hand
*** SUMMARY ***
Total pot $18 | Rake $0.36
Board [5s Tc 8c 5c Ac]
Seat 3: linkin0909 (big blind) folded on the River
Seat 4: TbIP-TbIP 88 (button) (small blind) collected ($17.64)


PokerStars Hand #145125506930:  Hold'em Limit ($3/$6 USD) - 2015/12/10 11:09:49 ET
Table 'Xenia II' 6-max Seat #3 is the button
Seat 3: linkin0909 ($125.77 in chips)
Seat 4: TbIP-TbIP 88 ($72 in chips)
linkin0909: posts small blind $1
TbIP-TbIP 88: posts big blind $3
*** HOLE CARDS ***
linkin0909: folds
Uncalled bet ($2) returned to TbIP-TbIP 88
TbIP-TbIP 88 collected $2 from pot
TbIP-TbIP 88: doesn't show hand
*** SUMMARY ***
Total pot $2 | Rake $0
Seat 3: linkin0909 (button) (small blind) folded before Flop
Seat 4: TbIP-TbIP 88 (big blind) collected ($2)


PokerStars Hand #145125497202:  Hold'em Limit ($3/$6 USD) - 2015/12/10 11:09:37 ET
Table 'Xenia II' 6-max Seat #4 is the button
Seat 3: linkin0909 ($124.77 in chips)
Seat 4: TbIP-TbIP 88 ($73 in chips)
TbIP-TbIP 88: posts small blind $1
linkin0909: posts big blind $3
*** HOLE CARDS ***
TbIP-TbIP 88: folds
Uncalled bet ($2) returned to linkin0909
RockKillerTY is disconnected
linkin0909 collected $2 from pot
linkin0909: doesn't show hand
*** SUMMARY ***
Total pot $2 | Rake $0
Seat 3: linkin0909 (big blind) collected ($2)
Seat 4: TbIP-TbIP 88 (button) (small blind) folded before Flop


PokerStars Hand #145125888616:  Hold'em Limit ($3/$6 USD) - 2015/12/10 11:17:57 ET
Table 'Xenia II' 6-max Seat #5 is the button
Seat 3: linkin0909 ($55.85 in chips)
Seat 5: RockKillerTY ($126.67 in chips)
RockKillerTY: posts small blind $1
linkin0909: posts big blind $3
*** HOLE CARDS ***
RockKillerTY: raises $3 to $6
linkin0909: calls $3
*** FLOP *** [5d 6h Qd]
linkin0909: checks
RockKillerTY: bets $3
linkin0909: calls $3
*** TURN *** [5d 6h Qd] [2c]
linkin0909: checks
PelonCabelao joins the table at seat #4
RockKillerTY: bets $6
linkin0909: calls $6
*** RIVER *** [5d 6h Qd 2c] [Qc]
linkin0909: checks
RockKillerTY: bets $6
linkin0909: calls $6
*** SHOW DOWN ***
RockKillerTY: shows [Jc 6c] (two pair, Queens and Sixes)
linkin0909: shows [6d Ah] (two pair, Queens and Sixes - Ace kicker)
linkin0909 collected $41.50 from pot
*** SUMMARY ***
Total pot $42 | Rake $0.50
Board [5d 6h Qd 2c Qc]
Seat 3: linkin0909 (big blind) showed [6d Ah] and won ($41.50) with two pair, Queens and Sixes
Seat 5: RockKillerTY (button) (small blind) showed [Jc 6c] and lost with two pair, Queens and Sixes


PokerStars Hand #145125861986:  Hold'em Limit ($3/$6 USD) - 2015/12/10 11:17:23 ET
Table 'Xenia II' 6-max Seat #3 is the button
Seat 3: linkin0909 ($82.85 in chips)
Seat 5: RockKillerTY ($100.17 in chips)
linkin0909: posts small blind $1
TbIP-TbIP 88: is sitting out
RockKillerTY: posts big blind $3
*** HOLE CARDS ***
linkin0909: raises $3 to $6
TbIP-TbIP 88 leaves the table
RockKillerTY: calls $3
*** FLOP *** [7s Ts Kh]
RockKillerTY: checks
linkin0909: bets $3
RockKillerTY: calls $3
*** TURN *** [7s Ts Kh] [8s]
RockKillerTY: checks
linkin0909: bets $6
RockKillerTY: calls $6
*** RIVER *** [7s Ts Kh 8s] [9c]
RockKillerTY: checks
linkin0909: bets $6
RockKillerTY: raises $6 to $12
linkin0909: calls $6
*** SHOW DOWN ***
RockKillerTY: shows [Jd Tc] (a straight, Seven to Jack)
linkin0909: mucks hand
RockKillerTY collected $53.50 from pot
*** SUMMARY ***
Total pot $54 | Rake $0.50
Board [7s Ts Kh 8s 9c]
Seat 3: linkin0909 (button) (small blind) mucked
Seat 5: RockKillerTY (big blind) showed [Jd Tc] and won ($53.50) with a straight, Seven to Jack


PokerStars Hand #145126406429:  Hold'em Limit ($3/$6 USD) - 2015/12/10 11:28:52 ET
Table 'Xenia II' 6-max Seat #4 is the button
Seat 3: linkin0909 ($19.57 in chips)
Seat 4: PelonCabelao ($84.21 in chips)
PelonCabelao: posts small blind $1
RockKillerTY: is sitting out
linkin0909: posts big blind $3
*** HOLE CARDS ***
PelonCabelao: raises $3 to $6
RockKillerTY leaves the table
linkin0909: raises $3 to $9
PelonCabelao: raises $3 to $12
Betting is capped
linkin0909: calls $3
*** FLOP *** [7c 5h 3c]
linkin0909: checks
PelonCabelao: bets $3
linkin0909: calls $3
*** TURN *** [7c 5h 3c] [6d]
linkin0909: checks
PelonCabelao: bets $6
linkin0909: calls $4.57 and is all-in
Uncalled bet ($1.43) returned to PelonCabelao
*** RIVER *** [7c 5h 3c 6d] [6s]
*** SHOW DOWN ***
linkin0909: shows [Jh As] (a pair of Sixes)
PelonCabelao: shows [Td Ad] (a pair of Sixes - lower kicker)
linkin0909 collected $38.64 from pot
*** SUMMARY ***
Total pot $39.14 | Rake $0.50
Board [7c 5h 3c 6d 6s]
Seat 3: linkin0909 (big blind) showed [Jh As] and won ($38.64) with a pair of Sixes
Seat 4: PelonCabelao (button) (small blind) showed [Td Ad] and lost with a pair of Sixes


PokerStars Hand #145126427428:  Hold'em Limit ($3/$6 USD) - 2015/12/10 11:29:18 ET
Table 'Xenia II' 6-max Seat #3 is the button
Seat 3: linkin0909 ($38.64 in chips)
Seat 4: PelonCabelao ($72 in chips)
linkin0909: posts small blind $1
PelonCabelao: posts big blind $3
*** HOLE CARDS ***
linkin0909: folds
Uncalled bet ($2) returned to PelonCabelao
PelonCabelao collected $2 from pot
PelonCabelao: doesn't show hand
*** SUMMARY ***
Total pot $2 | Rake $0
Seat 3: linkin0909 (button) (small blind) folded before Flop
Seat 4: PelonCabelao (big blind) collected ($2)


PokerStars Hand #145126431815:  Hold'em Limit ($3/$6 USD) - 2015/12/10 11:29:24 ET
Table 'Xenia II' 6-max Seat #4 is the button
Seat 3: linkin0909 ($37.64 in chips)
Seat 4: PelonCabelao ($73 in chips)
PelonCabelao: posts small blind $1
linkin0909: posts big blind $3
*** HOLE CARDS ***
PelonCabelao: raises $3 to $6
linkin0909: folds
Uncalled bet ($3) returned to PelonCabelao
PelonCabelao collected $6 from pot
PelonCabelao: doesn't show hand
*** SUMMARY ***
Total pot $6 | Rake $0
Seat 3: linkin0909 (big blind) folded before Flop
Seat 4: PelonCabelao (button) (small blind) collected ($6)


PokerStars Hand #145126454937:  Hold'em Limit ($3/$6 USD) - 2015/12/10 11:29:53 ET
Table 'Xenia II' 6-max Seat #4 is the button
Seat 3: linkin0909 ($16.64 in chips)
Seat 4: PelonCabelao ($93.50 in chips)
PelonCabelao: posts small blind $1
linkin0909: posts big blind $3
*** HOLE CARDS ***
PelonCabelao: raises $3 to $6
linkin0909: folds
Uncalled bet ($3) returned to PelonCabelao
PelonCabelao collected $6 from pot
PelonCabelao: doesn't show hand
*** SUMMARY ***
Total pot $6 | Rake $0
Seat 3: linkin0909 (big blind) folded before Flop
Seat 4: PelonCabelao (button) (small blind) collected ($6)


PokerStars Hand #145126437900:  Hold'em Limit ($3/$6 USD) - 2015/12/10 11:29:32 ET
Table 'Xenia II' 6-max Seat #3 is the button
Seat 3: linkin0909 ($34.64 in chips)
Seat 4: PelonCabelao ($76 in chips)
linkin0909: posts small blind $1
PelonCabelao: posts big blind $3
*** HOLE CARDS ***
linkin0909: raises $3 to $6
PelonCabelao: raises $3 to $9
linkin0909: calls $3
*** FLOP *** [Tc 3d Qc]
PelonCabelao: bets $3
linkin0909: calls $3
*** TURN *** [Tc 3d Qc] [7c]
PelonCabelao: bets $6
linkin0909: calls $6
*** RIVER *** [Tc 3d Qc 7c] [Kd]
PelonCabelao: bets $6
linkin0909: folds
Uncalled bet ($6) returned to PelonCabelao
PelonCabelao collected $35.50 from pot
PelonCabelao: doesn't show hand
*** SUMMARY ***
Total pot $36 | Rake $0.50
Board [Tc 3d Qc 7c Kd]
Seat 3: linkin0909 (button) (small blind) folded on the River
Seat 4: PelonCabelao (big blind) collected ($35.50)


PokerStars Hand #145126460121:  Hold'em Limit ($3/$6 USD) - 2015/12/10 11:30:00 ET
Table 'Xenia II' 6-max Seat #3 is the button
Seat 3: linkin0909 ($13.64 in chips)
Seat 4: PelonCabelao ($96.50 in chips)
linkin0909: posts small blind $1
PelonCabelao: posts big blind $3
*** HOLE CARDS ***
linkin0909: folds
Uncalled bet ($2) returned to PelonCabelao
PelonCabelao collected $2 from pot
PelonCabelao: doesn't show hand
*** SUMMARY ***
Total pot $2 | Rake $0
Seat 3: linkin0909 (button) (small blind) folded before Flop
Seat 4: PelonCabelao (big blind) collected ($2)


PokerStars Hand #145126469342:  Hold'em Limit ($3/$6 USD) - 2015/12/10 11:30:12 ET
Table 'Xenia II' 6-max Seat #3 is the button
Seat 3: linkin0909 ($13.64 in chips)
Seat 4: PelonCabelao ($96.50 in chips)
linkin0909: posts small blind $1
PelonCabelao: posts big blind $3
*** HOLE CARDS ***
linkin0909: folds
Uncalled bet ($2) returned to PelonCabelao
PelonCabelao collected $2 from pot
PelonCabelao: doesn't show hand
*** SUMMARY ***
Total pot $2 | Rake $0
Seat 3: linkin0909 (button) (small blind) folded before Flop
Seat 4: PelonCabelao (big blind) collected ($2)


PokerStars Hand #145126464522:  Hold'em Limit ($3/$6 USD) - 2015/12/10 11:30:05 ET
Table 'Xenia II' 6-max Seat #4 is the button
Seat 3: linkin0909 ($12.64 in chips)
Seat 4: PelonCabelao ($97.50 in chips)
PelonCabelao: posts small blind $1
linkin0909: posts big blind $3
*** HOLE CARDS ***
PelonCabelao: folds
Uncalled bet ($2) returned to linkin0909
linkin0909 collected $2 from pot
linkin0909: doesn't show hand
*** SUMMARY ***
Total pot $2 | Rake $0
Seat 3: linkin0909 (big blind) collected ($2)
Seat 4: PelonCabelao (button) (small blind) folded before Flop


PokerStars Hand #145126473283:  Hold'em Limit ($3/$6 USD) - 2015/12/10 11:30:17 ET
Table 'Xenia II' 6-max Seat #4 is the button
Seat 3: linkin0909 ($12.64 in chips)
Seat 4: PelonCabelao ($97.50 in chips)
PelonCabelao: posts small blind $1
linkin0909: posts big blind $3
*** HOLE CARDS ***
PelonCabelao: raises $3 to $6
linkin0909: folds
Uncalled bet ($3) returned to PelonCabelao
PelonCabelao collected $6 from pot
PelonCabelao: doesn't show hand
*** SUMMARY ***
Total pot $6 | Rake $0
Seat 3: linkin0909 (big blind) folded before Flop
Seat 4: PelonCabelao (button) (small blind) collected ($6)


PokerStars Hand #145126479853:  Hold'em Limit ($3/$6 USD) - 2015/12/10 11:30:25 ET
Table 'Xenia II' 6-max Seat #3 is the button
Seat 3: linkin0909 ($9.64 in chips)
Seat 4: PelonCabelao ($100.50 in chips)
linkin0909: posts small blind $1
PelonCabelao: posts big blind $3
*** HOLE CARDS ***
linkin0909: raises $3 to $6
PelonCabelao: calls $3
*** FLOP *** [7s 6s Jc]
PelonCabelao: bets $3
linkin0909: raises $0.64 to $3.64 and is all-in
PelonCabelao: calls $0.64
*** TURN *** [7s 6s Jc] [Kc]
*** RIVER *** [7s 6s Jc Kc] [Qs]
*** SHOW DOWN ***
PelonCabelao: shows [2s Ac] (high card Ace)
linkin0909: shows [As 3c] (high card Ace)
PelonCabelao collected $9.45 from pot
linkin0909 collected $9.44 from pot
*** SUMMARY ***
Total pot $19.28 | Rake $0.39
Board [7s 6s Jc Kc Qs]
Seat 3: linkin0909 (button) (small blind) showed [As 3c] and won ($9.44) with high card Ace
Seat 4: PelonCabelao (big blind) showed [2s Ac] and won ($9.45) with high card Ace


PokerStars Hand #145126497530:  Hold'em Limit ($3/$6 USD) - 2015/12/10 11:30:47 ET
Table 'Xenia II' 6-max Seat #4 is the button
Seat 3: linkin0909 ($9.44 in chips)
Seat 4: PelonCabelao ($100.31 in chips)
PelonCabelao: posts small blind $1
linkin0909: posts big blind $3
*** HOLE CARDS ***
PelonCabelao: raises $3 to $6
linkin0909: raises $3 to $9
PelonCabelao: raises $3 to $12
Betting is capped
linkin0909: calls $0.44 and is all-in
Uncalled bet ($2.56) returned to PelonCabelao
*** FLOP *** [Kc 4d Js]
*** TURN *** [Kc 4d Js] [9d]
*** RIVER *** [Kc 4d Js 9d] [Qc]
*** SHOW DOWN ***
linkin0909: shows [As 4c] (a pair of Fours)
PelonCabelao: shows [8d 5d] (high card King)
linkin0909 collected $18.50 from pot
*** SUMMARY ***
Total pot $18.88 | Rake $0.38
Board [Kc 4d Js 9d Qc]
Seat 3: linkin0909 (big blind) showed [As 4c] and won ($18.50) with a pair of Fours
Seat 4: PelonCabelao (button) (small blind) showed [8d 5d] and lost with high card King


PokerStars Hand #145126536313:  Hold'em Limit ($3/$6 USD) - 2015/12/10 11:31:36 ET
Table 'Xenia II' 6-max Seat #3 is the button
Seat 3: linkin0909 ($21.26 in chips)
Seat 4: PelonCabelao ($87.87 in chips)
linkin0909: posts small blind $1
PelonCabelao: posts big blind $3
*** HOLE CARDS ***
linkin0909: folds
Uncalled bet ($2) returned to PelonCabelao
PelonCabelao collected $2 from pot
PelonCabelao: doesn't show hand
*** SUMMARY ***
Total pot $2 | Rake $0
Seat 3: linkin0909 (button) (small blind) folded before Flop
Seat 4: PelonCabelao (big blind) collected ($2)


PokerStars Hand #145126529980:  Hold'em Limit ($3/$6 USD) - 2015/12/10 11:31:28 ET
Table 'Xenia II' 6-max Seat #4 is the button
Seat 3: linkin0909 ($24.26 in chips)
Seat 4: PelonCabelao ($84.87 in chips)
PelonCabelao: posts small blind $1
linkin0909: posts big blind $3
*** HOLE CARDS ***
PelonCabelao: raises $3 to $6
linkin0909: folds
Uncalled bet ($3) returned to PelonCabelao
PelonCabelao collected $6 from pot
PelonCabelao: doesn't show hand
*** SUMMARY ***
Total pot $6 | Rake $0
Seat 3: linkin0909 (big blind) folded before Flop
Seat 4: PelonCabelao (button) (small blind) collected ($6)


PokerStars Hand #145126512926:  Hold'em Limit ($3/$6 USD) - 2015/12/10 11:31:06 ET
Table 'Xenia II' 6-max Seat #3 is the button
Seat 3: linkin0909 ($18.50 in chips)
Seat 4: PelonCabelao ($90.87 in chips)
linkin0909: posts small blind $1
PelonCabelao: posts big blind $3
*** HOLE CARDS ***
linkin0909: raises $3 to $6
PelonCabelao: calls $3
*** FLOP *** [8d 6c 3c]
PelonCabelao: checks
linkin0909: bets $3
PelonCabelao: folds
Uncalled bet ($3) returned to linkin0909
linkin0909 collected $11.76 from pot
linkin0909: doesn't show hand
*** SUMMARY ***
Total pot $12 | Rake $0.24
Board [8d 6c 3c]
Seat 3: linkin0909 (button) (small blind) collected ($11.76)
Seat 4: PelonCabelao (big blind) folded on the Flop


PokerStars Hand #145126573961:  Hold'em Limit ($3/$6 USD) - 2015/12/10 11:32:22 ET
Table 'Xenia II' 6-max Seat #4 is the button
Seat 3: linkin0909 ($33.76 in chips)
Seat 4: PelonCabelao ($74.87 in chips)
PelonCabelao: posts small blind $1
linkin0909: posts big blind $3
*** HOLE CARDS ***
PelonCabelao: raises $3 to $6
linkin0909: calls $3
*** FLOP *** [2d Tc 4s]
linkin0909: checks
belik555 joins the table at seat #5
PelonCabelao: bets $3
linkin0909: folds
Uncalled bet ($3) returned to PelonCabelao
PelonCabelao collected $11.76 from pot
PelonCabelao: doesn't show hand
*** SUMMARY ***
Total pot $12 | Rake $0.24
Board [2d Tc 4s]
Seat 3: linkin0909 (big blind) folded on the Flop
Seat 4: PelonCabelao (button) (small blind) collected ($11.76)


PokerStars Hand #145126568346:  Hold'em Limit ($3/$6 USD) - 2015/12/10 11:32:15 ET
Table 'Xenia II' 6-max Seat #3 is the button
Seat 3: linkin0909 ($34.76 in chips)
Seat 4: PelonCabelao ($73.87 in chips)
linkin0909: posts small blind $1
PelonCabelao: posts big blind $3
*** HOLE CARDS ***
linkin0909: folds
Uncalled bet ($2) returned to PelonCabelao
PelonCabelao collected $2 from pot
PelonCabelao: doesn't show hand
*** SUMMARY ***
Total pot $2 | Rake $0
Seat 3: linkin0909 (button) (small blind) folded before Flop
Seat 4: PelonCabelao (big blind) collected ($2)


PokerStars Hand #145126540461:  Hold'em Limit ($3/$6 USD) - 2015/12/10 11:31:41 ET
Table 'Xenia II' 6-max Seat #4 is the button
Seat 3: linkin0909 ($20.26 in chips)
Seat 4: PelonCabelao ($88.87 in chips)
PelonCabelao: posts small blind $1
linkin0909: posts big blind $3
*** HOLE CARDS ***
PelonCabelao: raises $3 to $6
linkin0909: calls $3
*** FLOP *** [Ts 5s 9d]
linkin0909: checks
PelonCabelao: bets $3
linkin0909: calls $3
*** TURN *** [Ts 5s 9d] [Kc]
linkin0909: checks
PelonCabelao: checks
*** RIVER *** [Ts 5s 9d Kc] [2c]
linkin0909: bets $6
PelonCabelao: calls $6
*** SHOW DOWN ***
linkin0909: shows [4c 4s] (a pair of Fours)
PelonCabelao: mucks hand
linkin0909 collected $29.50 from pot
*** SUMMARY ***
Total pot $30 | Rake $0.50
Board [Ts 5s 9d Kc 2c]
Seat 3: linkin0909 (big blind) showed [4c 4s] and won ($29.50) with a pair of Fours
Seat 4: PelonCabelao (button) (small blind) mucked


PokerStars Hand #145126587229:  Hold'em Limit ($3/$6 USD) - 2015/12/10 11:32:39 ET
Table 'Xenia II' 6-max Seat #3 is the button
Seat 3: linkin0909 ($27.76 in chips)
Seat 4: PelonCabelao ($80.63 in chips)
linkin0909: posts small blind $1
PelonCabelao: posts big blind $3
*** HOLE CARDS ***
linkin0909: raises $3 to $6
PelonCabelao: calls $3
*** FLOP *** [Jc 8c 5d]
PelonCabelao: checks
linkin0909: bets $3
PelonCabelao: raises $3 to $6
linkin0909: calls $3
*** TURN *** [Jc 8c 5d] [3c]
PelonCabelao: bets $6
linkin0909: folds
Uncalled bet ($6) returned to PelonCabelao
PelonCabelao collected $23.52 from pot
*** SUMMARY ***
Total pot $24 | Rake $0.48
Board [Jc 8c 5d 3c]
Seat 3: linkin0909 (button) (small blind) folded on the Turn
Seat 4: PelonCabelao (big blind) collected ($23.52)


PokerStars Hand #145126684616:  Hold'em Limit ($3/$6 USD) - 2015/12/10 11:34:39 ET
Table 'Xenia II' 6-max Seat #5 is the button
Seat 4: PelonCabelao ($103.43 in chips)
Seat 5: belik555 ($87.02 in chips)
belik555: posts small blind $1
PelonCabelao: posts big blind $3
*** HOLE CARDS ***
belik555: raises $3 to $6
PelonCabelao: calls $3
*** FLOP *** [7h 6s 3h]
linkin0909 leaves the table
PelonCabelao: checks
thenuts999 joins the table at seat #6
belik555: bets $3
PelonCabelao: raises $3 to $6
belik555: calls $3
*** TURN *** [7h 6s 3h] [9h]
PelonCabelao: bets $6
belik555: calls $6
*** RIVER *** [7h 6s 3h 9h] [Ah]
PelonCabelao: bets $6
belik555: calls $6
*** SHOW DOWN ***
PelonCabelao: shows [5h Kh] (a flush, Ace high)
belik555: mucks hand
PelonCabelao collected $47.50 from pot
*** SUMMARY ***
Total pot $48 | Rake $0.50
Board [7h 6s 3h 9h Ah]
Seat 4: PelonCabelao (big blind) showed [5h Kh] and won ($47.50) with a flush, Ace high
Seat 5: belik555 (button) (small blind) mucked


