PokerStars Hand #174939041089:  Hold'em Limit ($3/$6 USD) - 2017/08/29 9:53:44 ET
Table 'Xosa' 6-max Seat #4 is the button
Seat 3: ELSUPREMO999 ($119 in chips)
Seat 4: Agrotait ($73 in chips)
Agrotait: posts small blind $1
ELSUPREMO999: posts big blind $3
*** HOLE CARDS ***
Agrotait: folds
Uncalled bet ($2) returned to ELSUPREMO999
ELSUPREMO999 collected $2 from pot
ELSUPREMO999: doesn't show hand
*** SUMMARY ***
Total pot $2 | Rake $0
Seat 3: ELSUPREMO999 (big blind) collected ($2)
Seat 4: Agrotait (button) (small blind) folded before Flop


PokerStars Hand #174939078099:  Hold'em Limit ($3/$6 USD) - 2017/08/29 9:54:54 ET
Table 'Xosa' 6-max Seat #3 is the button
Seat 3: ELSUPREMO999 ($141.50 in chips)
Seat 4: Agrotait ($71 in chips)
ELSUPREMO999: posts small blind $1
Agrotait: posts big blind $3
*** HOLE CARDS ***
ELSUPREMO999: folds
Uncalled bet ($2) returned to Agrotait
Agrotait collected $2 from pot
Agrotait: doesn't show hand
*** SUMMARY ***
Total pot $2 | Rake $0
Seat 3: ELSUPREMO999 (button) (small blind) folded before Flop
Seat 4: Agrotait (big blind) collected ($2)


PokerStars Hand #174939074726:  Hold'em Limit ($3/$6 USD) - 2017/08/29 9:54:47 ET
Table 'Xosa' 6-max Seat #4 is the button
Seat 3: ELSUPREMO999 ($140.50 in chips)
Seat 4: Agrotait ($72 in chips)
Agrotait: posts small blind $1
ELSUPREMO999: posts big blind $3
*** HOLE CARDS ***
Agrotait: folds
Uncalled bet ($2) returned to ELSUPREMO999
ELSUPREMO999 collected $2 from pot
ELSUPREMO999: doesn't show hand
*** SUMMARY ***
Total pot $2 | Rake $0
Seat 3: ELSUPREMO999 (big blind) collected ($2)
Seat 4: Agrotait (button) (small blind) folded before Flop


PokerStars Hand #174939051769:  Hold'em Limit ($3/$6 USD) - 2017/08/29 9:54:04 ET
Table 'Xosa' 6-max Seat #3 is the button
Seat 3: ELSUPREMO999 ($120 in chips)
Seat 4: Agrotait ($72 in chips)
ELSUPREMO999: posts small blind $1
Agrotait: posts big blind $3
*** HOLE CARDS ***
ELSUPREMO999: raises $3 to $6
Agrotait: calls $3
*** FLOP *** [Kc 6s 5d]
Agrotait: checks
ELSUPREMO999: bets $3
Agrotait: calls $3
*** TURN *** [Kc 6s 5d] [8d]
Agrotait: checks
ELSUPREMO999: bets $6
Agrotait: calls $6
*** RIVER *** [Kc 6s 5d 8d] [6c]
Agrotait: checks
ELSUPREMO999: bets $6
Agrotait: calls $6
*** SHOW DOWN ***
ELSUPREMO999: shows [Ah 7c] (a pair of Sixes)
Agrotait: mucks hand
ELSUPREMO999 collected $41.50 from pot
*** SUMMARY ***
Total pot $42 | Rake $0.50
Board [Kc 6s 5d 8d 6c]
Seat 3: ELSUPREMO999 (button) (small blind) showed [Ah 7c] and won ($41.50) with a pair of Sixes
Seat 4: Agrotait (big blind) mucked


PokerStars Hand #174939093260:  Hold'em Limit ($3/$6 USD) - 2017/08/29 9:55:24 ET
Table 'Xosa' 6-max Seat #3 is the button
Seat 3: ELSUPREMO999 ($131.50 in chips)
Seat 4: Agrotait ($80.64 in chips)
ELSUPREMO999: posts small blind $1
Agrotait: posts big blind $3
*** HOLE CARDS ***
ELSUPREMO999: raises $3 to $6
Agrotait: calls $3
*** FLOP *** [Qs 3s 8h]
Agrotait: checks
ELSUPREMO999: checks
*** TURN *** [Qs 3s 8h] [Kc]
TbIP-TbIP 88 joins the table at seat #5
Agrotait: bets $6
ELSUPREMO999: folds
Uncalled bet ($6) returned to Agrotait
Agrotait collected $11.76 from pot
Agrotait: doesn't show hand
*** SUMMARY ***
Total pot $12 | Rake $0.24
Board [Qs 3s 8h Kc]
Seat 3: ELSUPREMO999 (button) (small blind) folded on the Turn
Seat 4: Agrotait (big blind) collected ($11.76)


PokerStars Hand #174939080891:  Hold'em Limit ($3/$6 USD) - 2017/08/29 9:54:59 ET
Table 'Xosa' 6-max Seat #4 is the button
Seat 3: ELSUPREMO999 ($140.50 in chips)
Seat 4: Agrotait ($72 in chips)
Agrotait: posts small blind $1
ELSUPREMO999: posts big blind $3
*** HOLE CARDS ***
Agrotait: raises $3 to $6
ELSUPREMO999: calls $3
*** FLOP *** [2h 2d 3s]
ELSUPREMO999: checks
Agrotait: bets $3
ELSUPREMO999: calls $3
*** TURN *** [2h 2d 3s] [Ad]
ELSUPREMO999: checks
Agrotait: bets $6
ELSUPREMO999: folds
Uncalled bet ($6) returned to Agrotait
Agrotait collected $17.64 from pot
Agrotait: doesn't show hand
*** SUMMARY ***
Total pot $18 | Rake $0.36
Board [2h 2d 3s Ad]
Seat 3: ELSUPREMO999 (big blind) folded on the Turn
Seat 4: Agrotait (button) (small blind) collected ($17.64)


PokerStars Hand #174939377758:  Hold'em Limit ($3/$6 USD) - 2017/08/29 10:05:01 ET
Table 'Xosa' 6-max Seat #4 is the button
Seat 2: zantis365 ($42.12 in chips)
Seat 4: Agrotait ($97.32 in chips)
Agrotait: posts small blind $1
TbIP-TbIP 88: is sitting out
zantis365: posts big blind $3
*** HOLE CARDS ***
TbIP-TbIP 88 leaves the table
Agrotait: raises $3 to $6
zantis365: raises $3 to $9
Agrotait: calls $3
*** FLOP *** [3d 8c 2h]
zantis365: bets $3
Agrotait: raises $3 to $6
zantis365: calls $3
*** TURN *** [3d 8c 2h] [9c]
zantis365: checks
Agrotait: bets $6
zantis365: calls $6
*** RIVER *** [3d 8c 2h 9c] [Ah]
zantis365: bets $6
Agrotait: calls $6
*** SHOW DOWN ***
zantis365: shows [Ac Jh] (a pair of Aces)
Agrotait: mucks hand
Pelurile joins the table at seat #3
zantis365 collected $53.50 from pot
*** SUMMARY ***
Total pot $54 | Rake $0.50
Board [3d 8c 2h 9c Ah]
Seat 2: zantis365 (big blind) showed [Ac Jh] and won ($53.50) with a pair of Aces
Seat 4: Agrotait (button) (small blind) mucked


PokerStars Hand #174940119232:  Hold'em Limit ($3/$6 USD) - 2017/08/29 10:27:30 ET
Table 'Xosa' 6-max Seat #1 is the button
Seat 1: Psynto ($120.91 in chips)
Seat 5: NewRocker ($169.27 in chips)
Psynto: posts small blind $1
HAL9QQQ: is sitting out
NewRocker: posts big blind $3
*** HOLE CARDS ***
Psynto: raises $3 to $6
NewRocker: folds
Uncalled bet ($3) returned to Psynto
Psynto collected $6 from pot
Psynto: doesn't show hand
*** SUMMARY ***
Total pot $6 | Rake $0
Seat 1: Psynto (button) (small blind) collected ($6)
Seat 5: NewRocker (big blind) folded before Flop


PokerStars Hand #174949273686:  Hold'em Limit ($3/$6 USD) - 2017/08/29 14:25:44 ET
Table 'Xosa' 6-max Seat #6 is the button
Seat 1: vestimokrec ($125.76 in chips)
Seat 6: roxy1362 ($48.01 in chips)
roxy1362: posts small blind $1
vestimokrec: posts big blind $3
*** HOLE CARDS ***
roxy1362: raises $3 to $6
vestimokrec: calls $3
*** FLOP *** [Jh Kh 2d]
vestimokrec: checks
roxy1362: bets $3
vestimokrec: raises $3 to $6
roxy1362: calls $3
*** TURN *** [Jh Kh 2d] [6s]
ToDaFelt joins the table at seat #2
vestimokrec: bets $6
roxy1362: calls $6
*** RIVER *** [Jh Kh 2d 6s] [4c]
GoliafUa leaves the table
vestimokrec: bets $6
roxy1362: calls $6
*** SHOW DOWN ***
vestimokrec: shows [Kc Ad] (a pair of Kings)
roxy1362: mucks hand
vestimokrec collected $47.50 from pot
*** SUMMARY ***
Total pot $48 | Rake $0.50
Board [Jh Kh 2d 6s 4c]
Seat 1: vestimokrec (big blind) showed [Kc Ad] and won ($47.50) with a pair of Kings
Seat 6: roxy1362 (button) (small blind) mucked


PokerStars Hand #174949252358:  Hold'em Limit ($3/$6 USD) - 2017/08/29 14:25:16 ET
Table 'Xosa' 6-max Seat #1 is the button
Seat 1: vestimokrec ($120 in chips)
Seat 6: roxy1362 ($54.01 in chips)
GoliafUa: is sitting out
vestimokrec: posts small blind $1
roxy1362: posts big blind $3
*** HOLE CARDS ***
vestimokrec: raises $3 to $6
roxy1362: calls $3
*** FLOP *** [Ah 7d Js]
roxy1362: checks
vestimokrec: bets $3
roxy1362: folds
Uncalled bet ($3) returned to vestimokrec
vestimokrec collected $11.76 from pot
vestimokrec: doesn't show hand
*** SUMMARY ***
Total pot $12 | Rake $0.24
Board [Ah 7d Js]
Seat 1: vestimokrec (button) (small blind) collected ($11.76)
Seat 6: roxy1362 (big blind) folded on the Flop


PokerStars Hand #174949486386:  Hold'em Limit ($3/$6 USD) - 2017/08/29 14:30:27 ET
Table 'Xosa' 6-max Seat #2 is the button
Seat 1: vestimokrec ($202.90 in chips)
Seat 2: ToDaFelt ($84.74 in chips)
ToDaFelt: posts small blind $1
vestimokrec: posts big blind $3
*** HOLE CARDS ***
ToDaFelt: raises $3 to $6
vestimokrec: calls $3
*** FLOP *** [2c 9c 4s]
vestimokrec: checks
ToDaFelt: bets $3
vestimokrec: calls $3
*** TURN *** [2c 9c 4s] [Kc]
vestimokrec: checks
ToDaFelt: bets $6
vestimokrec: calls $6
*** RIVER *** [2c 9c 4s Kc] [Kh]
vestimokrec: checks
ToDaFelt: checks
*** SHOW DOWN ***
vestimokrec: shows [Qh 5h] (a pair of Kings)
ToDaFelt: shows [6s 4d] (two pair, Kings and Fours)
ToDaFelt collected $29.50 from pot
*** SUMMARY ***
Total pot $30 | Rake $0.50
Board [2c 9c 4s Kc Kh]
Seat 1: vestimokrec (big blind) showed [Qh 5h] and lost with a pair of Kings
Seat 2: ToDaFelt (button) (small blind) showed [6s 4d] and won ($29.50) with two pair, Kings and Fours


PokerStars Hand #174952357654:  Hold'em Limit ($3/$6 USD) - 2017/08/29 15:32:03 ET
Table 'Xosa' 6-max Seat #3 is the button
Seat 3: DECAlpha ($144.83 in chips)
Seat 5: krytalex ($102.50 in chips)
DECAlpha: posts small blind $1
krytalex: posts big blind $3
*** HOLE CARDS ***
DECAlpha: folds
Uncalled bet ($2) returned to krytalex
krytalex collected $2 from pot
*** SUMMARY ***
Total pot $2 | Rake $0
Seat 3: DECAlpha (button) (small blind) folded before Flop
Seat 5: krytalex (big blind) collected ($2)


PokerStars Hand #174952320935:  Hold'em Limit ($3/$6 USD) - 2017/08/29 15:31:19 ET
Table 'Xosa' 6-max Seat #5 is the button
Seat 3: DECAlpha ($174.83 in chips)
Seat 5: krytalex ($73 in chips)
krytalex: posts small blind $1
fleabaggs: is sitting out
DECAlpha: posts big blind $3
*** HOLE CARDS ***
fleabaggs leaves the table
krytalex: raises $3 to $6
DECAlpha: calls $3
*** FLOP *** [Td Qs 2h]
DECAlpha: checks
krytalex: bets $3
DECAlpha: raises $3 to $6
krytalex: calls $3
*** TURN *** [Td Qs 2h] [Tc]
DECAlpha: bets $6
nedo1414 joins the table at seat #6
krytalex: raises $6 to $12
DECAlpha: calls $6
*** RIVER *** [Td Qs 2h Tc] [9c]
DECAlpha: checks
krytalex: bets $6
DECAlpha: calls $6
*** SHOW DOWN ***
krytalex: shows [7s Ts] (three of a kind, Tens)
DECAlpha: mucks hand
krytalex collected $59.50 from pot
*** SUMMARY ***
Total pot $60 | Rake $0.50
Board [Td Qs 2h Tc 9c]
Seat 3: DECAlpha (big blind) mucked
Seat 5: krytalex (button) (small blind) showed [7s Ts] and won ($59.50) with three of a kind, Tens


PokerStars Hand #174958601170:  Hold'em Limit ($3/$6 USD) - 2017/08/29 17:44:25 ET
Table 'Xosa' 6-max Seat #4 is the button
Seat 3: DECAlpha ($264.44 in chips)
Seat 4: KolliMong ($191.65 in chips)
KolliMong: posts small blind $1
ToDaFelt: is sitting out
Chessnok: is sitting out
DECAlpha: posts big blind $3
*** HOLE CARDS ***
ToDaFelt leaves the table
KolliMong: raises $3 to $6
DECAlpha: folds
Uncalled bet ($3) returned to KolliMong
KolliMong collected $6 from pot
KolliMong: doesn't show hand
*** SUMMARY ***
Total pot $6 | Rake $0
Seat 3: DECAlpha (big blind) folded before Flop
Seat 4: KolliMong (button) (small blind) collected ($6)


