PokerStars Hand #157054540997:  Hold'em Limit ($3/$6 USD) - 2016/08/09 7:23:15 ET
Table 'Yarilo' 6-max Seat #5 is the button
Seat 3: iskambil ($38 in chips)
Seat 5: T10s ($67.79 in chips)
T10s: posts small blind $1
$polu4atel*$: is sitting out
iskambil: posts big blind $3
*** HOLE CARDS ***
T10s: raises $3 to $6
iskambil: calls $3
*** FLOP *** [3d Ah 6s]
iskambil: checks
T10s: bets $3
iskambil: calls $3
*** TURN *** [3d Ah 6s] [4s]
iskambil: checks
T10s: bets $6
iskambil: raises $6 to $12
T10s: calls $6
*** RIVER *** [3d Ah 6s 4s] [Qc]
iskambil: checks
T10s: bets $6
iskambil: calls $6
*** SHOW DOWN ***
T10s: shows [6c Ac] (two pair, Aces and Sixes)
iskambil: mucks hand
T10s collected $53.50 from pot
*** SUMMARY ***
Total pot $54 | Rake $0.50
Board [3d Ah 6s 4s Qc]
Seat 3: iskambil (big blind) mucked
Seat 5: T10s (button) (small blind) showed [6c Ac] and won ($53.50) with two pair, Aces and Sixes


PokerStars Hand #157054553124:  Hold'em Limit ($3/$6 USD) - 2016/08/09 7:23:44 ET
Table 'Yarilo' 6-max Seat #3 is the button
Seat 3: iskambil ($11 in chips)
Seat 5: T10s ($94.29 in chips)
iskambil: posts small blind $1
T10s: posts big blind $3
*** HOLE CARDS ***
iskambil: raises $3 to $6
T10s: calls $3
*** FLOP *** [2c Jd 8d]
T10s: checks
iskambil: bets $3
T10s: raises $3 to $6
iskambil: calls $2 and is all-in
Uncalled bet ($1) returned to T10s
*** TURN *** [2c Jd 8d] [Kc]
*** RIVER *** [2c Jd 8d Kc] [4h]
*** SHOW DOWN ***
T10s: shows [Kh 8h] (two pair, Kings and Eights)
iskambil: shows [2h Jh] (two pair, Jacks and Deuces)
T10s collected $21.56 from pot
*** SUMMARY ***
Total pot $22 | Rake $0.44
Board [2c Jd 8d Kc 4h]
Seat 3: iskambil (button) (small blind) showed [2h Jh] and lost with two pair, Jacks and Deuces
Seat 5: T10s (big blind) showed [Kh 8h] and won ($21.56) with two pair, Kings and Eights


PokerStars Hand #157054573856:  Hold'em Limit ($3/$6 USD) - 2016/08/09 7:24:33 ET
Table 'Yarilo' 6-max Seat #5 is the button
Seat 3: oregordog ($120 in chips)
Seat 5: T10s ($104.85 in chips)
T10s: posts small blind $1
oregordog: posts big blind $3
*** HOLE CARDS ***
T10s: raises $3 to $6
oregordog: calls $3
*** FLOP *** [5h 8d 7d]
oregordog: checks
T10s: bets $3
oregordog: calls $3
*** TURN *** [5h 8d 7d] [Ac]
iskambil joins the table at seat #2
oregordog: checks
T10s: bets $6
$polu4atel*$ joins the table at seat #4
oregordog: folds
Uncalled bet ($6) returned to T10s
T10s collected $17.64 from pot
T10s: doesn't show hand
*** SUMMARY ***
Total pot $18 | Rake $0.36
Board [5h 8d 7d Ac]
Seat 3: oregordog (big blind) folded on the Turn
Seat 5: T10s (button) (small blind) collected ($17.64)


PokerStars Hand #157057155798:  Hold'em Limit ($3/$6 USD) - 2016/08/09 8:59:06 ET
Table 'Yarilo' 6-max Seat #3 is the button
Seat 3: glam punk 77 ($68.02 in chips)
Seat 5: Airbag999 ($85.83 in chips)
glam punk 77: posts small blind $1
Airbag999: posts big blind $3
*** HOLE CARDS ***
glam punk 77: calls $2
Airbag999: checks
*** FLOP *** [Ah Tc 2d]
Airbag999: checks
glam punk 77: checks
*** TURN *** [Ah Tc 2d] [Js]
Airbag999: bets $6
glam punk 77: calls $6
*** RIVER *** [Ah Tc 2d Js] [Kh]
Airbag999: checks
glam punk 77: bets $6
Airbag999: folds
Uncalled bet ($6) returned to glam punk 77
glam punk 77 collected $17.64 from pot
*** SUMMARY ***
Total pot $18 | Rake $0.36
Board [Ah Tc 2d Js Kh]
Seat 3: glam punk 77 (button) (small blind) collected ($17.64)
Seat 5: Airbag999 (big blind) folded on the River


PokerStars Hand #157057173859:  Hold'em Limit ($3/$6 USD) - 2016/08/09 8:59:46 ET
Table 'Yarilo' 6-max Seat #5 is the button
Seat 3: glam punk 77 ($76.66 in chips)
Seat 5: Airbag999 ($76.83 in chips)
Airbag999: posts small blind $1
glam punk 77: posts big blind $3
*** HOLE CARDS ***
Airbag999: raises $3 to $6
glam punk 77: calls $3
*** FLOP *** [7s 7c 5h]
glam punk 77: checks
Airbag999: bets $3
glam punk 77: calls $3
*** TURN *** [7s 7c 5h] [8h]
glam punk 77: checks
Airbag999: checks
*** RIVER *** [7s 7c 5h 8h] [3h]
glam punk 77: bets $6
Airbag999: calls $6
*** SHOW DOWN ***
glam punk 77: shows [6h Ks] (a pair of Sevens)
Airbag999: shows [Qd Ad] (a pair of Sevens - Ace kicker)
Airbag999 collected $29.50 from pot
*** SUMMARY ***
Total pot $30 | Rake $0.50
Board [7s 7c 5h 8h 3h]
Seat 3: glam punk 77 (big blind) showed [6h Ks] and lost with a pair of Sevens
Seat 5: Airbag999 (button) (small blind) showed [Qd Ad] and won ($29.50) with a pair of Sevens


PokerStars Hand #157057185394:  Hold'em Limit ($3/$6 USD) - 2016/08/09 9:00:12 ET
Table 'Yarilo' 6-max Seat #3 is the button
Seat 3: glam punk 77 ($61.66 in chips)
Seat 5: Airbag999 ($91.33 in chips)
glam punk 77: posts small blind $1
Airbag999: posts big blind $3
*** HOLE CARDS ***
glam punk 77: calls $2
Airbag999: raises $3 to $6
glam punk 77: calls $3
*** FLOP *** [2c Ah 4s]
Airbag999: bets $3
glam punk 77: calls $3
*** TURN *** [2c Ah 4s] [Kd]
Airbag999: checks
glam punk 77: bets $6
Airbag999: calls $6
*** RIVER *** [2c Ah 4s Kd] [Qs]
Airbag999: checks
glam punk 77: bets $6
Airbag999: calls $6
*** SHOW DOWN ***
glam punk 77: shows [Ks 8h] (a pair of Kings)
Airbag999: mucks hand
glam punk 77 collected $41.50 from pot
*** SUMMARY ***
Total pot $42 | Rake $0.50
Board [2c Ah 4s Kd Qs]
Seat 3: glam punk 77 (button) (small blind) showed [Ks 8h] and won ($41.50) with a pair of Kings
Seat 5: Airbag999 (big blind) mucked


PokerStars Hand #157057202052:  Hold'em Limit ($3/$6 USD) - 2016/08/09 9:00:49 ET
Table 'Yarilo' 6-max Seat #5 is the button
Seat 3: glam punk 77 ($82.16 in chips)
Seat 5: Airbag999 ($70.33 in chips)
Airbag999: posts small blind $1
glam punk 77: posts big blind $3
*** HOLE CARDS ***
Airbag999: raises $3 to $6
TbIP-TbIP 88 joins the table at seat #4
glam punk 77: calls $3
*** FLOP *** [5h 7s 9s]
glam punk 77: checks
Airbag999: bets $3
glam punk 77: calls $3
*** TURN *** [5h 7s 9s] [4h]
glam punk 77: bets $6
Airbag999: calls $6
*** RIVER *** [5h 7s 9s 4h] [2c]
glam punk 77: bets $6
Airbag999: calls $6
*** SHOW DOWN ***
glam punk 77: shows [6h 9c] (a pair of Nines)
Airbag999: mucks hand
glam punk 77 collected $41.50 from pot
*** SUMMARY ***
Total pot $42 | Rake $0.50
Board [5h 7s 9s 4h 2c]
Seat 3: glam punk 77 (big blind) showed [6h 9c] and won ($41.50) with a pair of Nines
Seat 5: Airbag999 (button) (small blind) mucked


PokerStars Hand #157057621816:  Hold'em Limit ($3/$6 USD) - 2016/08/09 9:14:25 ET
Table 'Yarilo' 6-max Seat #2 is the button
Seat 2: Brando Jr ($220.98 in chips)
Seat 4: HasThaHustle ($51 in chips)
Brando Jr: posts small blind $1
HasThaHustle: posts big blind $3
*** HOLE CARDS ***
Brando Jr: folds
Uncalled bet ($2) returned to HasThaHustle
HasThaHustle collected $2 from pot
*** SUMMARY ***
Total pot $2 | Rake $0
Seat 2: Brando Jr (button) (small blind) folded before Flop
Seat 4: HasThaHustle (big blind) collected ($2)


PokerStars Hand #157057591254:  Hold'em Limit ($3/$6 USD) - 2016/08/09 9:13:35 ET
Table 'Yarilo' 6-max Seat #4 is the button
Seat 2: Brando Jr ($182.48 in chips)
Seat 4: HasThaHustle ($90 in chips)
HasThaHustle: posts small blind $1
Brando Jr: posts big blind $3
*** HOLE CARDS ***
HasThaHustle: raises $3 to $6
Brando Jr: raises $3 to $9
HasThaHustle: raises $3 to $12
Betting is capped
iskambil leaves the table
Brando Jr: calls $3
*** FLOP *** [4h 3h 7s]
Brando Jr: bets $3
HasThaHustle: calls $3
*** TURN *** [4h 3h 7s] [2s]
Airbag999 was removed from the table for failing to post
Brando Jr: bets $6
HasThaHustle: calls $6
*** RIVER *** [4h 3h 7s 2s] [Ah]
Brando Jr: bets $6
HasThaHustle: raises $6 to $12
Brando Jr: raises $6 to $18
HasThaHustle: calls $6
*** SHOW DOWN ***
Brando Jr: shows [Kh As] (a pair of Aces)
HasThaHustle: mucks hand
Brando Jr collected $77.50 from pot
*** SUMMARY ***
Total pot $78 | Rake $0.50
Board [4h 3h 7s 2s Ah]
Seat 2: Brando Jr (big blind) showed [Kh As] and won ($77.50) with a pair of Aces
Seat 4: HasThaHustle (button) (small blind) mucked


PokerStars Hand #157057694660:  Hold'em Limit ($3/$6 USD) - 2016/08/09 9:16:46 ET
Table 'Yarilo' 6-max Seat #4 is the button
Seat 2: Brando Jr ($209.62 in chips)
Seat 4: HasThaHustle ($65.89 in chips)
HasThaHustle: posts small blind $1
Brando Jr: posts big blind $3
*** HOLE CARDS ***
HasThaHustle: raises $3 to $6
Brando Jr: calls $3
*** FLOP *** [Td 2s 5d]
Brando Jr: checks
HasThaHustle: bets $3
Brando Jr: folds
Uncalled bet ($3) returned to HasThaHustle
HasThaHustle collected $11.76 from pot
*** SUMMARY ***
Total pot $12 | Rake $0.24
Board [Td 2s 5d]
Seat 2: Brando Jr (big blind) folded on the Flop
Seat 4: HasThaHustle (button) (small blind) collected ($11.76)


PokerStars Hand #157057700590:  Hold'em Limit ($3/$6 USD) - 2016/08/09 9:16:57 ET
Table 'Yarilo' 6-max Seat #2 is the button
Seat 2: Brando Jr ($203.62 in chips)
Seat 4: HasThaHustle ($71.65 in chips)
Brando Jr: posts small blind $1
HasThaHustle: posts big blind $3
*** HOLE CARDS ***
Brando Jr: raises $3 to $6
HasThaHustle: raises $3 to $9
Brando Jr: calls $3
*** FLOP *** [Jh 8c Kc]
HasThaHustle: bets $3
Brando Jr: calls $3
*** TURN *** [Jh 8c Kc] [2h]
HasThaHustle: bets $6
Necromadx joins the table at seat #5
Brando Jr: calls $6
*** RIVER *** [Jh 8c Kc 2h] [2s]
HasThaHustle: bets $6
Brando Jr: calls $6
*** SHOW DOWN ***
HasThaHustle: shows [Ts As] (a pair of Deuces)
Brando Jr: shows [7d 7s] (two pair, Sevens and Deuces)
Brando Jr collected $47.50 from pot
*** SUMMARY ***
Total pot $48 | Rake $0.50
Board [Jh 8c Kc 2h 2s]
Seat 2: Brando Jr (button) (small blind) showed [7d 7s] and won ($47.50) with two pair, Sevens and Deuces
Seat 4: HasThaHustle (big blind) showed [Ts As] and lost with a pair of Deuces


PokerStars Hand #157059056617:  Hold'em Limit ($3/$6 USD) - 2016/08/09 10:00:17 ET
Table 'Yarilo' 6-max Seat #2 is the button
Seat 2: Brando Jr ($461.58 in chips)
Seat 4: B_loJkl ($135.05 in chips)
Brando Jr: posts small blind $1
B_loJkl: posts big blind $3
*** HOLE CARDS ***
Brando Jr: folds
Uncalled bet ($2) returned to B_loJkl
B_loJkl collected $2 from pot
B_loJkl: doesn't show hand
*** SUMMARY ***
Total pot $2 | Rake $0
Seat 2: Brando Jr (button) (small blind) folded before Flop
Seat 4: B_loJkl (big blind) collected ($2)


