PokerStars Hand #145741671022:  Hold'em Limit ($3/$6 USD) - 2015/12/22 10:56:41 ET
Table 'Yazhi III' 2-max Seat #2 is the button
Seat 1: REZOLUTION84 ($60 in chips)
Seat 2: caritasest ($118.62 in chips)
caritasest: posts small blind $1
REZOLUTION84: posts big blind $3
*** HOLE CARDS ***
caritasest: raises $3 to $6
REZOLUTION84: calls $3
*** FLOP *** [Js 9s 8h]
REZOLUTION84: checks
caritasest: bets $3
REZOLUTION84: raises $3 to $6
caritasest: raises $3 to $9
REZOLUTION84: raises $3 to $12
Betting is capped
caritasest: calls $3
*** TURN *** [Js 9s 8h] [6c]
REZOLUTION84: bets $6
caritasest: calls $6
*** RIVER *** [Js 9s 8h 6c] [7d]
REZOLUTION84: bets $6
caritasest: calls $6
*** SHOW DOWN ***
REZOLUTION84: shows [Td 7h] (a straight, Seven to Jack)
caritasest: mucks hand
REZOLUTION84 collected $59.50 from pot
*** SUMMARY ***
Total pot $60 | Rake $0.50
Board [Js 9s 8h 6c 7d]
Seat 1: REZOLUTION84 (big blind) showed [Td 7h] and won ($59.50) with a straight, Seven to Jack
Seat 2: caritasest (button) (small blind) mucked


PokerStars Hand #145741718170:  Hold'em Limit ($3/$6 USD) - 2015/12/22 10:57:53 ET
Table 'Yazhi III' 2-max Seat #1 is the button
Seat 1: REZOLUTION84 ($136.50 in chips)
Seat 2: caritasest ($39.90 in chips)
REZOLUTION84: posts small blind $1
caritasest: posts big blind $3
*** HOLE CARDS ***
REZOLUTION84: raises $3 to $6
caritasest: calls $3
*** FLOP *** [Td 9c Ts]
caritasest: checks
REZOLUTION84: bets $3
caritasest: raises $3 to $6
REZOLUTION84: folds
Uncalled bet ($3) returned to caritasest
caritasest collected $17.64 from pot
*** SUMMARY ***
Total pot $18 | Rake $0.36
Board [Td 9c Ts]
Seat 1: REZOLUTION84 (button) (small blind) folded on the Flop
Seat 2: caritasest (big blind) collected ($17.64)


PokerStars Hand #145741709237:  Hold'em Limit ($3/$6 USD) - 2015/12/22 10:57:40 ET
Table 'Yazhi III' 2-max Seat #2 is the button
Seat 1: REZOLUTION84 ($148.50 in chips)
Seat 2: caritasest ($28.38 in chips)
caritasest: posts small blind $1
REZOLUTION84: posts big blind $3
*** HOLE CARDS ***
caritasest: raises $3 to $6
REZOLUTION84: calls $3
*** FLOP *** [Ac 8h 9c]
REZOLUTION84: checks
caritasest: checks
*** TURN *** [Ac 8h 9c] [2d]
REZOLUTION84: checks
caritasest: bets $6
REZOLUTION84: calls $6
*** RIVER *** [Ac 8h 9c 2d] [4h]
REZOLUTION84: checks
caritasest: bets $6
REZOLUTION84: folds
Uncalled bet ($6) returned to caritasest
caritasest collected $23.52 from pot
*** SUMMARY ***
Total pot $24 | Rake $0.48
Board [Ac 8h 9c 2d 4h]
Seat 1: REZOLUTION84 (big blind) folded on the River
Seat 2: caritasest (button) (small blind) collected ($23.52)


PokerStars Hand #145741701268:  Hold'em Limit ($3/$6 USD) - 2015/12/22 10:57:27 ET
Table 'Yazhi III' 2-max Seat #1 is the button
Seat 1: REZOLUTION84 ($125 in chips)
Seat 2: caritasest ($52.38 in chips)
REZOLUTION84: posts small blind $1
caritasest: posts big blind $3
*** HOLE CARDS ***
REZOLUTION84: raises $3 to $6
caritasest: calls $3
*** FLOP *** [6s Kh Jc]
caritasest: checks
REZOLUTION84: bets $3
caritasest: raises $3 to $6
REZOLUTION84: calls $3
*** TURN *** [6s Kh Jc] [9c]
caritasest: bets $6
REZOLUTION84: calls $6
*** RIVER *** [6s Kh Jc 9c] [7d]
caritasest: bets $6
REZOLUTION84: calls $6
*** SHOW DOWN ***
caritasest: shows [8s 7h] (a pair of Sevens)
REZOLUTION84: shows [Tc 9s] (a pair of Nines)
REZOLUTION84 collected $47.50 from pot
*** SUMMARY ***
Total pot $48 | Rake $0.50
Board [6s Kh Jc 9c 7d]
Seat 1: REZOLUTION84 (button) (small blind) showed [Tc 9s] and won ($47.50) with a pair of Nines
Seat 2: caritasest (big blind) showed [8s 7h] and lost with a pair of Sevens


PokerStars Hand #145741695984:  Hold'em Limit ($3/$6 USD) - 2015/12/22 10:57:19 ET
Table 'Yazhi III' 2-max Seat #2 is the button
Seat 1: REZOLUTION84 ($131 in chips)
Seat 2: caritasest ($46.62 in chips)
caritasest: posts small blind $1
REZOLUTION84: posts big blind $3
*** HOLE CARDS ***
caritasest: raises $3 to $6
REZOLUTION84: calls $3
*** FLOP *** [Jd 2h Ac]
REZOLUTION84: checks
caritasest: bets $3
REZOLUTION84: folds
Uncalled bet ($3) returned to caritasest
caritasest collected $11.76 from pot
*** SUMMARY ***
Total pot $12 | Rake $0.24
Board [Jd 2h Ac]
Seat 1: REZOLUTION84 (big blind) folded on the Flop
Seat 2: caritasest (button) (small blind) collected ($11.76)


PokerStars Hand #145741682689:  Hold'em Limit ($3/$6 USD) - 2015/12/22 10:56:59 ET
Table 'Yazhi III' 2-max Seat #1 is the button
Seat 1: REZOLUTION84 ($89.50 in chips)
Seat 2: caritasest ($88.62 in chips)
REZOLUTION84: posts small blind $1
caritasest: posts big blind $3
*** HOLE CARDS ***
REZOLUTION84: raises $3 to $6
caritasest: raises $3 to $9
REZOLUTION84: calls $3
*** FLOP *** [7d 2s 4d]
caritasest: bets $3
REZOLUTION84: calls $3
*** TURN *** [7d 2s 4d] [2d]
caritasest: bets $6
REZOLUTION84: raises $6 to $12
caritasest: raises $6 to $18
REZOLUTION84: raises $6 to $24
Betting is capped
caritasest: calls $6
*** RIVER *** [7d 2s 4d 2d] [Qc]
caritasest: checks
REZOLUTION84: bets $6
caritasest: calls $6
*** SHOW DOWN ***
REZOLUTION84: shows [4s 4c] (a full house, Fours full of Deuces)
caritasest: mucks hand
REZOLUTION84 collected $83.50 from pot
*** SUMMARY ***
Total pot $84 | Rake $0.50
Board [7d 2s 4d 2d Qc]
Seat 1: REZOLUTION84 (button) (small blind) showed [4s 4c] and won ($83.50) with a full house, Fours full of Deuces
Seat 2: caritasest (big blind) mucked


PokerStars Hand #145741726559:  Hold'em Limit ($3/$6 USD) - 2015/12/22 10:58:06 ET
Table 'Yazhi III' 2-max Seat #1 is the button
Seat 1: REZOLUTION84 ($124.50 in chips)
Seat 2: caritasest ($51.54 in chips)
REZOLUTION84: posts small blind $1
caritasest: posts big blind $3
*** HOLE CARDS ***
REZOLUTION84: raises $3 to $6
caritasest: raises $3 to $9
REZOLUTION84: calls $3
*** FLOP *** [6s 6c 8s]
caritasest: bets $3
REZOLUTION84: folds
Uncalled bet ($3) returned to caritasest
caritasest collected $17.64 from pot
*** SUMMARY ***
Total pot $18 | Rake $0.36
Board [6s 6c 8s]
Seat 1: REZOLUTION84 (button) (small blind) folded on the Flop
Seat 2: caritasest (big blind) collected ($17.64)


PokerStars Hand #145741723566:  Hold'em Limit ($3/$6 USD) - 2015/12/22 10:58:02 ET
Table 'Yazhi III' 2-max Seat #2 is the button
Seat 1: REZOLUTION84 ($127.50 in chips)
Seat 2: caritasest ($48.54 in chips)
caritasest: posts small blind $1
REZOLUTION84: posts big blind $3
*** HOLE CARDS ***
caritasest: raises $3 to $6
REZOLUTION84: folds
Uncalled bet ($3) returned to caritasest
caritasest collected $6 from pot
*** SUMMARY ***
Total pot $6 | Rake $0
Seat 1: REZOLUTION84 (big blind) folded before Flop
Seat 2: caritasest (button) (small blind) collected ($6)


