PokerStars Hand #165149546052:  Hold'em Limit ($3/$6 USD) - 2017/01/25 12:08:51 ET
Table 'Yazhi' 6-max Seat #4 is the button
Seat 2: Mordnilap ($116.64 in chips)
Seat 4: Speed2008 ($54.33 in chips)
Speed2008: posts small blind $1
Mordnilap: posts big blind $3
*** HOLE CARDS ***
Speed2008: raises $3 to $6
Mordnilap: calls $3
*** FLOP *** [9c Kc 4d]
Mordnilap: checks
Speed2008: bets $3
Mordnilap: folds
Uncalled bet ($3) returned to Speed2008
Speed2008 collected $11.76 from pot
*** SUMMARY ***
Total pot $12 | Rake $0.24
Board [9c Kc 4d]
Seat 2: Mordnilap (big blind) folded on the Flop
Seat 4: Speed2008 (button) (small blind) collected ($11.76)


PokerStars Hand #165149527028:  Hold'em Limit ($3/$6 USD) - 2017/01/25 12:08:28 ET
Table 'Yazhi' 6-max Seat #2 is the button
Seat 2: Mordnilap ($125.64 in chips)
Seat 4: Speed2008 ($45.69 in chips)
Mordnilap: posts small blind $1
LuckyScal: is sitting out
Speed2008: posts big blind $3
*** HOLE CARDS ***
Mordnilap: raises $3 to $6
LuckyScal leaves the table
Speed2008: raises $3 to $9
Mordnilap: calls $3
*** FLOP *** [Qd Jh 4h]
Speed2008: bets $3
Mordnilap: folds
Uncalled bet ($3) returned to Speed2008
Speed2008 collected $17.64 from pot
*** SUMMARY ***
Total pot $18 | Rake $0.36
Board [Qd Jh 4h]
Seat 2: Mordnilap (button) (small blind) folded on the Flop
Seat 4: Speed2008 (big blind) collected ($17.64)


PokerStars Hand #165149592392:  Hold'em Limit ($3/$6 USD) - 2017/01/25 12:09:48 ET
Table 'Yazhi' 6-max Seat #4 is the button
Seat 2: Mordnilap ($95.64 in chips)
Seat 4: Speed2008 ($74.59 in chips)
Speed2008: posts small blind $1
Mordnilap: posts big blind $3
*** HOLE CARDS ***
Speed2008: calls $2
Mordnilap: checks
*** FLOP *** [9c 8h 5h]
Mordnilap: checks
Speed2008: bets $3
Apanage leaves the table
Mordnilap: folds
Uncalled bet ($3) returned to Speed2008
Speed2008 collected $5.88 from pot
*** SUMMARY ***
Total pot $6 | Rake $0.12
Board [9c 8h 5h]
Seat 2: Mordnilap (big blind) folded on the Flop
Seat 4: Speed2008 (button) (small blind) collected ($5.88)


PokerStars Hand #165149568217:  Hold'em Limit ($3/$6 USD) - 2017/01/25 12:09:19 ET
Table 'Yazhi' 6-max Seat #2 is the button
Seat 2: Mordnilap ($110.64 in chips)
Seat 4: Speed2008 ($60.09 in chips)
Mordnilap: posts small blind $1
Speed2008: posts big blind $3
*** HOLE CARDS ***
Mordnilap: raises $3 to $6
Speed2008: calls $3
*** FLOP *** [4d 6c Th]
Speed2008: checks
Mordnilap: bets $3
Speed2008: calls $3
*** TURN *** [4d 6c Th] [3s]
Speed2008: checks
Mordnilap: checks
*** RIVER *** [4d 6c Th 3s] [6d]
Speed2008: bets $6
Mordnilap: calls $6
*** SHOW DOWN ***
Speed2008: shows [3h 3c] (a full house, Threes full of Sixes)
Mordnilap: mucks hand
Speed2008 collected $29.50 from pot
*** SUMMARY ***
Total pot $30 | Rake $0.50
Board [4d 6c Th 3s 6d]
Seat 2: Mordnilap (button) (small blind) mucked
Seat 4: Speed2008 (big blind) showed [3h 3c] and won ($29.50) with a full house, Threes full of Sixes


PokerStars Hand #165149627361:  Hold'em Limit ($3/$6 USD) - 2017/01/25 12:10:32 ET
Table 'Yazhi' 6-max Seat #4 is the button
Seat 2: Mordnilap ($122.14 in chips)
Seat 4: Speed2008 ($47.47 in chips)
Speed2008: posts small blind $1
Mordnilap: posts big blind $3
*** HOLE CARDS ***
Speed2008: raises $3 to $6
Mordnilap: calls $3
*** FLOP *** [Kc 2d 3c]
Mordnilap: checks
Speed2008: bets $3
Mordnilap: folds
Uncalled bet ($3) returned to Speed2008
Speed2008 collected $11.76 from pot
*** SUMMARY ***
Total pot $12 | Rake $0.24
Board [Kc 2d 3c]
Seat 2: Mordnilap (big blind) folded on the Flop
Seat 4: Speed2008 (button) (small blind) collected ($11.76)


PokerStars Hand #165149605042:  Hold'em Limit ($3/$6 USD) - 2017/01/25 12:10:04 ET
Table 'Yazhi' 6-max Seat #2 is the button
Seat 2: Mordnilap ($92.64 in chips)
Seat 4: Speed2008 ($77.47 in chips)
Mordnilap: posts small blind $1
Speed2008: posts big blind $3
*** HOLE CARDS ***
Mordnilap: raises $3 to $6
Speed2008: calls $3
*** FLOP *** [6d Qh 9d]
Speed2008: checks
Mordnilap: bets $3
Speed2008: raises $3 to $6
Mordnilap: calls $3
*** TURN *** [6d Qh 9d] [Ks]
Speed2008: bets $6
Mordnilap: calls $6
*** RIVER *** [6d Qh 9d Ks] [7h]
Speed2008: bets $6
Mordnilap: raises $6 to $12
Speed2008: calls $6
*** SHOW DOWN ***
Mordnilap: shows [7s 7c] (three of a kind, Sevens)
Speed2008: mucks hand
Mordnilap collected $59.50 from pot
*** SUMMARY ***
Total pot $60 | Rake $0.50
Board [6d Qh 9d Ks 7h]
Seat 2: Mordnilap (button) (small blind) showed [7s 7c] and won ($59.50) with three of a kind, Sevens
Seat 4: Speed2008 (big blind) mucked


