PokerStars Hand #158704625427:  Hold'em Limit ($3/$6 USD) - 2016/09/16 22:31:44 ET
Table 'Yildun' 6-max Seat #5 is the button
Seat 4: sokol-max-PS ($126.58 in chips)
Seat 5: PrayFTR ($94.95 in chips)
PrayFTR: posts small blind $1
sokol-max-PS: posts big blind $3
*** HOLE CARDS ***
PrayFTR: raises $3 to $6
sokol-max-PS: calls $3
*** FLOP *** [4c 3d 8s]
sokol-max-PS: checks
PrayFTR: checks
*** TURN *** [4c 3d 8s] [7d]
sokol-max-PS: bets $6
PrayFTR: folds
Uncalled bet ($6) returned to sokol-max-PS
PrayFTR leaves the table
sokol-max-PS collected $11.76 from pot
*** SUMMARY ***
Total pot $12 | Rake $0.24
Board [4c 3d 8s 7d]
Seat 4: sokol-max-PS (big blind) collected ($11.76)
Seat 5: PrayFTR (button) (small blind) folded on the Turn


PokerStars Hand #158705619294:  Hold'em Limit ($3/$6 USD) - 2016/09/16 23:23:24 ET
Table 'Yildun' 6-max Seat #6 is the button
Seat 3: too2ez ($131.50 in chips)
Seat 6: kaz2y5 ($108 in chips)
kaz2y5: posts small blind $1
too2ez: posts big blind $3
*** HOLE CARDS ***
kaz2y5: folds
Uncalled bet ($2) returned to too2ez
too2ez collected $2 from pot
too2ez: doesn't show hand
*** SUMMARY ***
Total pot $2 | Rake $0
Seat 3: too2ez (big blind) collected ($2)
Seat 6: kaz2y5 (button) (small blind) folded before Flop


PokerStars Hand #158705610503:  Hold'em Limit ($3/$6 USD) - 2016/09/16 23:22:54 ET
Table 'Yildun' 6-max Seat #3 is the button
Seat 3: too2ez ($117 in chips)
Seat 6: kaz2y5 ($123 in chips)
too2ez: posts small blind $1
kaz2y5: posts big blind $3
*** HOLE CARDS ***
too2ez: raises $3 to $6
kaz2y5: calls $3
*** FLOP *** [Ks 9s 9h]
kaz2y5: checks
too2ez: bets $3
kaz2y5: calls $3
*** TURN *** [Ks 9s 9h] [Qc]
kaz2y5: checks
too2ez: checks
*** RIVER *** [Ks 9s 9h Qc] [Ac]
kaz2y5: checks
too2ez: bets $6
kaz2y5: calls $6
*** SHOW DOWN ***
too2ez: shows [Ad 6s] (two pair, Aces and Nines)
kaz2y5: mucks hand
too2ez collected $29.50 from pot
*** SUMMARY ***
Total pot $30 | Rake $0.50
Board [Ks 9s 9h Qc Ac]
Seat 3: too2ez (button) (small blind) showed [Ad 6s] and won ($29.50) with two pair, Aces and Nines
Seat 6: kaz2y5 (big blind) mucked


PokerStars Hand #158705607006:  Hold'em Limit ($3/$6 USD) - 2016/09/16 23:22:42 ET
Table 'Yildun' 6-max Seat #6 is the button
Seat 3: too2ez ($120 in chips)
Seat 6: kaz2y5 ($120 in chips)
kaz2y5: posts small blind $1
too2ez: posts big blind $3
*** HOLE CARDS ***
kaz2y5: raises $3 to $6
too2ez: folds
Uncalled bet ($3) returned to kaz2y5
kaz2y5 collected $6 from pot
kaz2y5: doesn't show hand
*** SUMMARY ***
Total pot $6 | Rake $0
Seat 3: too2ez (big blind) folded before Flop
Seat 6: kaz2y5 (button) (small blind) collected ($6)


PokerStars Hand #158705621118:  Hold'em Limit ($3/$6 USD) - 2016/09/16 23:23:30 ET
Table 'Yildun' 6-max Seat #3 is the button
Seat 3: too2ez ($132.50 in chips)
Seat 6: kaz2y5 ($107 in chips)
too2ez: posts small blind $1
kaz2y5: posts big blind $3
*** HOLE CARDS ***
too2ez: raises $3 to $6
kaz2y5: folds
Uncalled bet ($3) returned to too2ez
too2ez collected $6 from pot
too2ez: doesn't show hand
*** SUMMARY ***
Total pot $6 | Rake $0
Seat 3: too2ez (button) (small blind) collected ($6)
Seat 6: kaz2y5 (big blind) folded before Flop


PokerStars Hand #158705623059:  Hold'em Limit ($3/$6 USD) - 2016/09/16 23:23:37 ET
Table 'Yildun' 6-max Seat #6 is the button
Seat 3: too2ez ($135.50 in chips)
Seat 6: kaz2y5 ($104 in chips)
kaz2y5: posts small blind $1
too2ez: posts big blind $3
*** HOLE CARDS ***
kaz2y5: raises $3 to $6
too2ez: calls $3
*** FLOP *** [Qh 4h 7s]
too2ez: checks
kaz2y5: bets $3
too2ez: folds
Uncalled bet ($3) returned to kaz2y5
kaz2y5 collected $11.76 from pot
*** SUMMARY ***
Total pot $12 | Rake $0.24
Board [Qh 4h 7s]
Seat 3: too2ez (big blind) folded on the Flop
Seat 6: kaz2y5 (button) (small blind) collected ($11.76)


PokerStars Hand #158705643985:  Hold'em Limit ($3/$6 USD) - 2016/09/16 23:24:48 ET
Table 'Yildun' 6-max Seat #6 is the button
Seat 3: too2ez ($157.64 in chips)
Seat 6: kaz2y5 ($80.76 in chips)
kaz2y5: posts small blind $1
too2ez: posts big blind $3
*** HOLE CARDS ***
kaz2y5: raises $3 to $6
too2ez: calls $3
*** FLOP *** [3s 3h As]
too2ez: checks
kaz2y5: bets $3
too2ez: folds
Uncalled bet ($3) returned to kaz2y5
kaz2y5 collected $11.76 from pot
*** SUMMARY ***
Total pot $12 | Rake $0.24
Board [3s 3h As]
Seat 3: too2ez (big blind) folded on the Flop
Seat 6: kaz2y5 (button) (small blind) collected ($11.76)


PokerStars Hand #158705642369:  Hold'em Limit ($3/$6 USD) - 2016/09/16 23:24:42 ET
Table 'Yildun' 6-max Seat #3 is the button
Seat 3: too2ez ($158.64 in chips)
Seat 6: kaz2y5 ($79.76 in chips)
too2ez: posts small blind $1
kaz2y5: posts big blind $3
*** HOLE CARDS ***
too2ez: folds
Uncalled bet ($2) returned to kaz2y5
kaz2y5 collected $2 from pot
*** SUMMARY ***
Total pot $2 | Rake $0
Seat 3: too2ez (button) (small blind) folded before Flop
Seat 6: kaz2y5 (big blind) collected ($2)


PokerStars Hand #158705636187:  Hold'em Limit ($3/$6 USD) - 2016/09/16 23:24:21 ET
Table 'Yildun' 6-max Seat #6 is the button
Seat 3: too2ez ($150 in chips)
Seat 6: kaz2y5 ($88.76 in chips)
kaz2y5: posts small blind $1
too2ez: posts big blind $3
*** HOLE CARDS ***
kaz2y5: raises $3 to $6
too2ez: calls $3
*** FLOP *** [Tc 8h 9d]
too2ez: checks
kaz2y5: bets $3
too2ez: calls $3
*** TURN *** [Tc 8h 9d] [2c]
too2ez: checks
kaz2y5: checks
*** RIVER *** [Tc 8h 9d 2c] [4h]
too2ez: bets $6
kaz2y5: folds
Uncalled bet ($6) returned to too2ez
too2ez collected $17.64 from pot
too2ez: doesn't show hand
*** SUMMARY ***
Total pot $18 | Rake $0.36
Board [Tc 8h 9d 2c 4h]
Seat 3: too2ez (big blind) collected ($17.64)
Seat 6: kaz2y5 (button) (small blind) folded on the River


PokerStars Hand #158705627430:  Hold'em Limit ($3/$6 USD) - 2016/09/16 23:23:52 ET
Table 'Yildun' 6-max Seat #3 is the button
Seat 3: too2ez ($129.50 in chips)
Seat 6: kaz2y5 ($109.76 in chips)
too2ez: posts small blind $1
kaz2y5: posts big blind $3
*** HOLE CARDS ***
too2ez: raises $3 to $6
kaz2y5: calls $3
*** FLOP *** [Jd 5d 3h]
kaz2y5: bets $3
too2ez: calls $3
*** TURN *** [Jd 5d 3h] [Tc]
kaz2y5: bets $6
too2ez: calls $6
*** RIVER *** [Jd 5d 3h Tc] [7h]
kaz2y5: bets $6
too2ez: raises $6 to $12
kaz2y5: folds
Uncalled bet ($6) returned to too2ez
too2ez collected $41.50 from pot
too2ez: doesn't show hand
*** SUMMARY ***
Total pot $42 | Rake $0.50
Board [Jd 5d 3h Tc 7h]
Seat 3: too2ez (button) (small blind) collected ($41.50)
Seat 6: kaz2y5 (big blind) folded on the River


PokerStars Hand #158705647437:  Hold'em Limit ($3/$6 USD) - 2016/09/16 23:25:00 ET
Table 'Yildun' 6-max Seat #3 is the button
Seat 3: too2ez ($151.64 in chips)
Seat 6: kaz2y5 ($86.52 in chips)
too2ez: posts small blind $1
kaz2y5: posts big blind $3
*** HOLE CARDS ***
too2ez: raises $3 to $6
kaz2y5: folds
Uncalled bet ($3) returned to too2ez
too2ez collected $6 from pot
too2ez: doesn't show hand
*** SUMMARY ***
Total pot $6 | Rake $0
Seat 3: too2ez (button) (small blind) collected ($6)
Seat 6: kaz2y5 (big blind) folded before Flop


PokerStars Hand #158705651841:  Hold'em Limit ($3/$6 USD) - 2016/09/16 23:25:14 ET
Table 'Yildun' 6-max Seat #3 is the button
Seat 3: too2ez ($151.64 in chips)
Seat 6: kaz2y5 ($86.52 in chips)
too2ez: posts small blind $1
kaz2y5: posts big blind $3
*** HOLE CARDS ***
too2ez: folds
Uncalled bet ($2) returned to kaz2y5
kaz2y5 collected $2 from pot
*** SUMMARY ***
Total pot $2 | Rake $0
Seat 3: too2ez (button) (small blind) folded before Flop
Seat 6: kaz2y5 (big blind) collected ($2)


PokerStars Hand #158705649581:  Hold'em Limit ($3/$6 USD) - 2016/09/16 23:25:07 ET
Table 'Yildun' 6-max Seat #6 is the button
Seat 3: too2ez ($154.64 in chips)
Seat 6: kaz2y5 ($83.52 in chips)
kaz2y5: posts small blind $1
too2ez: posts big blind $3
*** HOLE CARDS ***
kaz2y5: raises $3 to $6
too2ez: folds
Uncalled bet ($3) returned to kaz2y5
kaz2y5 collected $6 from pot
kaz2y5: doesn't show hand
*** SUMMARY ***
Total pot $6 | Rake $0
Seat 3: too2ez (big blind) folded before Flop
Seat 6: kaz2y5 (button) (small blind) collected ($6)


PokerStars Hand #158705653514:  Hold'em Limit ($3/$6 USD) - 2016/09/16 23:25:20 ET
Table 'Yildun' 6-max Seat #6 is the button
Seat 3: too2ez ($150.64 in chips)
Seat 6: kaz2y5 ($87.52 in chips)
kaz2y5: posts small blind $1
too2ez: posts big blind $3
*** HOLE CARDS ***
kaz2y5: raises $3 to $6
too2ez: raises $3 to $9
kaz2y5: calls $3
*** FLOP *** [5c 4c 2h]
too2ez: bets $3
kaz2y5: calls $3
*** TURN *** [5c 4c 2h] [6c]
too2ez: bets $6
kaz2y5: folds
Uncalled bet ($6) returned to too2ez
too2ez collected $23.52 from pot
too2ez: doesn't show hand
*** SUMMARY ***
Total pot $24 | Rake $0.48
Board [5c 4c 2h 6c]
Seat 3: too2ez (big blind) collected ($23.52)
Seat 6: kaz2y5 (button) (small blind) folded on the Turn


PokerStars Hand #158705661586:  Hold'em Limit ($3/$6 USD) - 2016/09/16 23:25:47 ET
Table 'Yildun' 6-max Seat #3 is the button
Seat 3: too2ez ($162.16 in chips)
Seat 6: kaz2y5 ($75.52 in chips)
too2ez: posts small blind $1
kaz2y5: posts big blind $3
*** HOLE CARDS ***
too2ez: raises $3 to $6
kaz2y5: folds
Uncalled bet ($3) returned to too2ez
too2ez collected $6 from pot
too2ez: doesn't show hand
*** SUMMARY ***
Total pot $6 | Rake $0
Seat 3: too2ez (button) (small blind) collected ($6)
Seat 6: kaz2y5 (big blind) folded before Flop


PokerStars Hand #158705660098:  Hold'em Limit ($3/$6 USD) - 2016/09/16 23:25:42 ET
Table 'Yildun' 6-max Seat #6 is the button
Seat 3: too2ez ($161.16 in chips)
Seat 6: kaz2y5 ($76.52 in chips)
kaz2y5: posts small blind $1
too2ez: posts big blind $3
*** HOLE CARDS ***
kaz2y5: folds
Uncalled bet ($2) returned to too2ez
too2ez collected $2 from pot
too2ez: doesn't show hand
*** SUMMARY ***
Total pot $2 | Rake $0
Seat 3: too2ez (big blind) collected ($2)
Seat 6: kaz2y5 (button) (small blind) folded before Flop


PokerStars Hand #158705658461:  Hold'em Limit ($3/$6 USD) - 2016/09/16 23:25:36 ET
Table 'Yildun' 6-max Seat #3 is the button
Seat 3: too2ez ($162.16 in chips)
Seat 6: kaz2y5 ($75.52 in chips)
too2ez: posts small blind $1
kaz2y5: posts big blind $3
*** HOLE CARDS ***
too2ez: folds
Uncalled bet ($2) returned to kaz2y5
kaz2y5 collected $2 from pot
kaz2y5: doesn't show hand
*** SUMMARY ***
Total pot $2 | Rake $0
Seat 3: too2ez (button) (small blind) folded before Flop
Seat 6: kaz2y5 (big blind) collected ($2)


PokerStars Hand #158705663707:  Hold'em Limit ($3/$6 USD) - 2016/09/16 23:25:54 ET
Table 'Yildun' 6-max Seat #6 is the button
Seat 3: too2ez ($165.16 in chips)
Seat 6: kaz2y5 ($72.52 in chips)
kaz2y5: posts small blind $1
too2ez: posts big blind $3
*** HOLE CARDS ***
kaz2y5: raises $3 to $6
too2ez: calls $3
*** FLOP *** [4h Qd 9d]
too2ez: checks
kaz2y5: bets $3
too2ez: folds
Uncalled bet ($3) returned to kaz2y5
kaz2y5 collected $11.76 from pot
*** SUMMARY ***
Total pot $12 | Rake $0.24
Board [4h Qd 9d]
Seat 3: too2ez (big blind) folded on the Flop
Seat 6: kaz2y5 (button) (small blind) collected ($11.76)


PokerStars Hand #158705668514:  Hold'em Limit ($3/$6 USD) - 2016/09/16 23:26:10 ET
Table 'Yildun' 6-max Seat #3 is the button
Seat 3: too2ez ($159.16 in chips)
Seat 6: kaz2y5 ($78.28 in chips)
too2ez: posts small blind $1
kaz2y5: posts big blind $3
*** HOLE CARDS ***
too2ez: raises $3 to $6
kaz2y5: raises $3 to $9
too2ez: calls $3
*** FLOP *** [Ts Jc 8d]
kaz2y5: bets $3
too2ez: calls $3
*** TURN *** [Ts Jc 8d] [3s]
kaz2y5: bets $6
too2ez: raises $6 to $12
kaz2y5: raises $6 to $18
too2ez: raises $6 to $24
Betting is capped
kaz2y5: calls $6
*** RIVER *** [Ts Jc 8d 3s] [Th]
kaz2y5: bets $6
too2ez: calls $6
*** SHOW DOWN ***
kaz2y5: shows [8s 8c] (a full house, Eights full of Tens)
too2ez: mucks hand
kaz2y5 collected $83.50 from pot
*** SUMMARY ***
Total pot $84 | Rake $0.50
Board [Ts Jc 8d 3s Th]
Seat 3: too2ez (button) (small blind) mucked
Seat 6: kaz2y5 (big blind) showed [8s 8c] and won ($83.50) with a full house, Eights full of Tens


PokerStars Hand #158705676349:  Hold'em Limit ($3/$6 USD) - 2016/09/16 23:26:37 ET
Table 'Yildun' 6-max Seat #6 is the button
Seat 3: too2ez ($117.16 in chips)
Seat 6: kaz2y5 ($119.78 in chips)
kaz2y5: posts small blind $1
too2ez: posts big blind $3
*** HOLE CARDS ***
kaz2y5: folds
Uncalled bet ($2) returned to too2ez
too2ez collected $2 from pot
too2ez: doesn't show hand
*** SUMMARY ***
Total pot $2 | Rake $0
Seat 3: too2ez (big blind) collected ($2)
Seat 6: kaz2y5 (button) (small blind) folded before Flop


PokerStars Hand #158705678930:  Hold'em Limit ($3/$6 USD) - 2016/09/16 23:26:46 ET
Table 'Yildun' 6-max Seat #3 is the button
Seat 3: too2ez ($118.16 in chips)
Seat 6: kaz2y5 ($118.78 in chips)
too2ez: posts small blind $1
kaz2y5: posts big blind $3
*** HOLE CARDS ***
too2ez: raises $3 to $6
kaz2y5: raises $3 to $9
too2ez: calls $3
*** FLOP *** [4d Kd Js]
kaz2y5: bets $3
too2ez: calls $3
*** TURN *** [4d Kd Js] [9c]
kaz2y5: bets $6
too2ez: folds
Uncalled bet ($6) returned to kaz2y5
kaz2y5 collected $23.52 from pot
kaz2y5: doesn't show hand
*** SUMMARY ***
Total pot $24 | Rake $0.48
Board [4d Kd Js 9c]
Seat 3: too2ez (button) (small blind) folded on the Turn
Seat 6: kaz2y5 (big blind) collected ($23.52)


PokerStars Hand #158705683639:  Hold'em Limit ($3/$6 USD) - 2016/09/16 23:27:02 ET
Table 'Yildun' 6-max Seat #6 is the button
Seat 3: too2ez ($106.16 in chips)
Seat 6: kaz2y5 ($130.30 in chips)
kaz2y5: posts small blind $1
too2ez: posts big blind $3
*** HOLE CARDS ***
kaz2y5: raises $3 to $6
too2ez: calls $3
*** FLOP *** [Js 5d 2h]
too2ez: checks
kaz2y5: bets $3
too2ez: raises $3 to $6
kaz2y5: folds
Uncalled bet ($3) returned to too2ez
too2ez collected $17.64 from pot
too2ez: doesn't show hand
*** SUMMARY ***
Total pot $18 | Rake $0.36
Board [Js 5d 2h]
Seat 3: too2ez (big blind) collected ($17.64)
Seat 6: kaz2y5 (button) (small blind) folded on the Flop


PokerStars Hand #158705688046:  Hold'em Limit ($3/$6 USD) - 2016/09/16 23:27:17 ET
Table 'Yildun' 6-max Seat #3 is the button
Seat 3: too2ez ($114.80 in chips)
Seat 6: kaz2y5 ($121.30 in chips)
too2ez: posts small blind $1
kaz2y5: posts big blind $3
*** HOLE CARDS ***
too2ez: raises $3 to $6
kaz2y5: calls $3
*** FLOP *** [4d 7s 8c]
kaz2y5: checks
too2ez: checks
*** TURN *** [4d 7s 8c] [Qs]
kaz2y5: bets $6
too2ez: calls $6
*** RIVER *** [4d 7s 8c Qs] [As]
kaz2y5: bets $6
too2ez: raises $6 to $12
kaz2y5: raises $6 to $18
too2ez: calls $6
*** SHOW DOWN ***
kaz2y5: shows [Js 2s] (a flush, Ace high)
too2ez: mucks hand
kaz2y5 collected $59.50 from pot
*** SUMMARY ***
Total pot $60 | Rake $0.50
Board [4d 7s 8c Qs As]
Seat 3: too2ez (button) (small blind) mucked
Seat 6: kaz2y5 (big blind) showed [Js 2s] and won ($59.50) with a flush, Ace high


PokerStars Hand #158705694183:  Hold'em Limit ($3/$6 USD) - 2016/09/16 23:27:38 ET
Table 'Yildun' 6-max Seat #6 is the button
Seat 3: too2ez ($84.80 in chips)
Seat 6: kaz2y5 ($150.80 in chips)
kaz2y5: posts small blind $1
too2ez: posts big blind $3
*** HOLE CARDS ***
kaz2y5: raises $3 to $6
too2ez: calls $3
*** FLOP *** [As Ks 9c]
too2ez: checks
kaz2y5: checks
*** TURN *** [As Ks 9c] [8h]
too2ez: bets $6
kaz2y5: calls $6
*** RIVER *** [As Ks 9c 8h] [7d]
too2ez: bets $6
kaz2y5: calls $6
*** SHOW DOWN ***
too2ez: shows [5c 4c] (high card Ace)
kaz2y5: shows [Td 9h] (a pair of Nines)
kaz2y5 collected $35.50 from pot
*** SUMMARY ***
Total pot $36 | Rake $0.50
Board [As Ks 9c 8h 7d]
Seat 3: too2ez (big blind) showed [5c 4c] and lost with high card Ace
Seat 6: kaz2y5 (button) (small blind) showed [Td 9h] and won ($35.50) with a pair of Nines


PokerStars Hand #158705698947:  Hold'em Limit ($3/$6 USD) - 2016/09/16 23:27:54 ET
Table 'Yildun' 6-max Seat #3 is the button
Seat 3: too2ez ($66.80 in chips)
Seat 6: kaz2y5 ($168.30 in chips)
too2ez: posts small blind $1
kaz2y5: posts big blind $3
*** HOLE CARDS ***
too2ez: calls $2
kaz2y5: checks
*** FLOP *** [Th 7s 4h]
kaz2y5: checks
too2ez: bets $3
kaz2y5: raises $3 to $6
too2ez: calls $3
*** TURN *** [Th 7s 4h] [2d]
kaz2y5: bets $6
too2ez: calls $6
*** RIVER *** [Th 7s 4h 2d] [Ad]
kaz2y5: bets $6
too2ez: folds
Uncalled bet ($6) returned to kaz2y5
kaz2y5 collected $29.50 from pot
*** SUMMARY ***
Total pot $30 | Rake $0.50
Board [Th 7s 4h 2d Ad]
Seat 3: too2ez (button) (small blind) folded on the River
Seat 6: kaz2y5 (big blind) collected ($29.50)


PokerStars Hand #158705704911:  Hold'em Limit ($3/$6 USD) - 2016/09/16 23:28:15 ET
Table 'Yildun' 6-max Seat #6 is the button
Seat 3: too2ez ($51.80 in chips)
Seat 6: kaz2y5 ($182.80 in chips)
kaz2y5: posts small blind $1
too2ez: posts big blind $3
*** HOLE CARDS ***
kaz2y5: raises $3 to $6
too2ez: folds
Uncalled bet ($3) returned to kaz2y5
kaz2y5 collected $6 from pot
kaz2y5: doesn't show hand
*** SUMMARY ***
Total pot $6 | Rake $0
Seat 3: too2ez (big blind) folded before Flop
Seat 6: kaz2y5 (button) (small blind) collected ($6)


PokerStars Hand #158705706553:  Hold'em Limit ($3/$6 USD) - 2016/09/16 23:28:20 ET
Table 'Yildun' 6-max Seat #3 is the button
Seat 3: too2ez ($48.80 in chips)
Seat 6: kaz2y5 ($185.80 in chips)
too2ez: posts small blind $1
kaz2y5: posts big blind $3
*** HOLE CARDS ***
too2ez: raises $3 to $6
kaz2y5: folds
Uncalled bet ($3) returned to too2ez
too2ez collected $6 from pot
too2ez: doesn't show hand
*** SUMMARY ***
Total pot $6 | Rake $0
Seat 3: too2ez (button) (small blind) collected ($6)
Seat 6: kaz2y5 (big blind) folded before Flop


PokerStars Hand #158705711065:  Hold'em Limit ($3/$6 USD) - 2016/09/16 23:28:36 ET
Table 'Yildun' 6-max Seat #3 is the button
Seat 3: too2ez ($52.80 in chips)
Seat 6: kaz2y5 ($181.80 in chips)
too2ez: posts small blind $1
kaz2y5: posts big blind $3
*** HOLE CARDS ***
too2ez: folds
Uncalled bet ($2) returned to kaz2y5
kaz2y5 collected $2 from pot
kaz2y5: doesn't show hand
*** SUMMARY ***
Total pot $2 | Rake $0
Seat 3: too2ez (button) (small blind) folded before Flop
Seat 6: kaz2y5 (big blind) collected ($2)


PokerStars Hand #158705708652:  Hold'em Limit ($3/$6 USD) - 2016/09/16 23:28:27 ET
Table 'Yildun' 6-max Seat #6 is the button
Seat 3: too2ez ($51.80 in chips)
Seat 6: kaz2y5 ($182.80 in chips)
kaz2y5: posts small blind $1
too2ez: posts big blind $3
*** HOLE CARDS ***
kaz2y5: folds
Uncalled bet ($2) returned to too2ez
too2ez collected $2 from pot
too2ez: doesn't show hand
*** SUMMARY ***
Total pot $2 | Rake $0
Seat 3: too2ez (big blind) collected ($2)
Seat 6: kaz2y5 (button) (small blind) folded before Flop


PokerStars Hand #158705712665:  Hold'em Limit ($3/$6 USD) - 2016/09/16 23:28:41 ET
Table 'Yildun' 6-max Seat #6 is the button
Seat 3: too2ez ($51.80 in chips)
Seat 6: kaz2y5 ($182.80 in chips)
kaz2y5: posts small blind $1
too2ez: posts big blind $3
*** HOLE CARDS ***
kaz2y5: raises $3 to $6
too2ez: raises $3 to $9
kaz2y5: raises $3 to $12
Betting is capped
too2ez: calls $3
*** FLOP *** [Ah Qh Jd]
too2ez: bets $3
kaz2y5: calls $3
*** TURN *** [Ah Qh Jd] [5s]
too2ez: checks
kaz2y5: checks
*** RIVER *** [Ah Qh Jd 5s] [3h]
too2ez: checks
kaz2y5: bets $6
too2ez: raises $6 to $12
kaz2y5: folds
Uncalled bet ($6) returned to too2ez
too2ez collected $41.50 from pot
too2ez: doesn't show hand
*** SUMMARY ***
Total pot $42 | Rake $0.50
Board [Ah Qh Jd 5s 3h]
Seat 3: too2ez (big blind) collected ($41.50)
Seat 6: kaz2y5 (button) (small blind) folded on the River


PokerStars Hand #158705720522:  Hold'em Limit ($3/$6 USD) - 2016/09/16 23:29:09 ET
Table 'Yildun' 6-max Seat #3 is the button
Seat 3: too2ez ($72.30 in chips)
Seat 6: kaz2y5 ($161.80 in chips)
too2ez: posts small blind $1
kaz2y5: posts big blind $3
*** HOLE CARDS ***
too2ez: raises $3 to $6
kaz2y5: calls $3
*** FLOP *** [Jc Qh 2d]
kaz2y5: bets $3
too2ez: calls $3
*** TURN *** [Jc Qh 2d] [5c]
kaz2y5: bets $6
too2ez: calls $6
*** RIVER *** [Jc Qh 2d 5c] [Jh]
kaz2y5: bets $6
too2ez: raises $6 to $12
kaz2y5: folds
Uncalled bet ($6) returned to too2ez
too2ez collected $41.50 from pot
too2ez: doesn't show hand
*** SUMMARY ***
Total pot $42 | Rake $0.50
Board [Jc Qh 2d 5c Jh]
Seat 3: too2ez (button) (small blind) collected ($41.50)
Seat 6: kaz2y5 (big blind) folded on the River


PokerStars Hand #158705727696:  Hold'em Limit ($3/$6 USD) - 2016/09/16 23:29:34 ET
Table 'Yildun' 6-max Seat #6 is the button
Seat 3: too2ez ($92.80 in chips)
Seat 6: kaz2y5 ($140.80 in chips)
kaz2y5: posts small blind $1
too2ez: posts big blind $3
*** HOLE CARDS ***
kaz2y5: raises $3 to $6
too2ez: raises $3 to $9
kaz2y5: calls $3
*** FLOP *** [5h Ts 8s]
too2ez: bets $3
kaz2y5: calls $3
*** TURN *** [5h Ts 8s] [6s]
too2ez: bets $6
kaz2y5: raises $6 to $12
too2ez: calls $6
*** RIVER *** [5h Ts 8s 6s] [8d]
too2ez: checks
kaz2y5: bets $6
too2ez: calls $6
*** SHOW DOWN ***
kaz2y5: shows [3h 3s] (two pair, Eights and Threes)
too2ez: shows [As 8c] (three of a kind, Eights)
too2ez collected $59.50 from pot
*** SUMMARY ***
Total pot $60 | Rake $0.50
Board [5h Ts 8s 6s 8d]
Seat 3: too2ez (big blind) showed [As 8c] and won ($59.50) with three of a kind, Eights
Seat 6: kaz2y5 (button) (small blind) showed [3h 3s] and lost with two pair, Eights and Threes


PokerStars Hand #158705735006:  Hold'em Limit ($3/$6 USD) - 2016/09/16 23:29:59 ET
Table 'Yildun' 6-max Seat #3 is the button
Seat 3: too2ez ($122.30 in chips)
Seat 6: kaz2y5 ($110.80 in chips)
too2ez: posts small blind $1
kaz2y5: posts big blind $3
*** HOLE CARDS ***
too2ez: raises $3 to $6
kaz2y5: calls $3
*** FLOP *** [4s 9d As]
kaz2y5: checks
too2ez: bets $3
kaz2y5: calls $3
*** TURN *** [4s 9d As] [Qd]
kaz2y5: checks
too2ez: bets $6
kaz2y5: raises $6 to $12
too2ez: calls $6
*** RIVER *** [4s 9d As Qd] [7c]
kaz2y5: bets $6
too2ez: folds
Uncalled bet ($6) returned to kaz2y5
kaz2y5 collected $41.50 from pot
*** SUMMARY ***
Total pot $42 | Rake $0.50
Board [4s 9d As Qd 7c]
Seat 3: too2ez (button) (small blind) folded on the River
Seat 6: kaz2y5 (big blind) collected ($41.50)


PokerStars Hand #158705747002:  Hold'em Limit ($3/$6 USD) - 2016/09/16 23:30:24 ET
Table 'Yildun' 6-max Seat #6 is the button
Seat 3: too2ez ($101.30 in chips)
Seat 6: kaz2y5 ($131.30 in chips)
kaz2y5: posts small blind $1
too2ez: posts big blind $3
*** HOLE CARDS ***
kaz2y5: folds
Uncalled bet ($2) returned to too2ez
too2ez collected $2 from pot
too2ez: doesn't show hand
*** SUMMARY ***
Total pot $2 | Rake $0
Seat 3: too2ez (big blind) collected ($2)
Seat 6: kaz2y5 (button) (small blind) folded before Flop


PokerStars Hand #158705748985:  Hold'em Limit ($3/$6 USD) - 2016/09/16 23:30:31 ET
Table 'Yildun' 6-max Seat #3 is the button
Seat 3: too2ez ($102.30 in chips)
Seat 6: kaz2y5 ($130.30 in chips)
too2ez: posts small blind $1
kaz2y5: posts big blind $3
*** HOLE CARDS ***
too2ez: folds
Uncalled bet ($2) returned to kaz2y5
grilldress joins the table at seat #2
kaz2y5 collected $2 from pot
*** SUMMARY ***
Total pot $2 | Rake $0
Seat 3: too2ez (button) (small blind) folded before Flop
Seat 6: kaz2y5 (big blind) collected ($2)


PokerStars Hand #158706603963:  Hold'em Limit ($3/$6 USD) - 2016/09/17 0:22:15 ET
Table 'Yildun' 6-max Seat #6 is the button
Seat 1: Velbor107 ($273.25 in chips)
Seat 6: kaz2y5 ($127.91 in chips)
kaz2y5: posts small blind $1
Velbor107: posts big blind $3
*** HOLE CARDS ***
kaz2y5: raises $3 to $6
Velbor107: raises $3 to $9
kaz2y5: calls $3
*** FLOP *** [4s 3c Jc]
Velbor107: bets $3
kaz2y5: calls $3
*** TURN *** [4s 3c Jc] [4c]
Velbor107: checks
kaz2y5: checks
*** RIVER *** [4s 3c Jc 4c] [Js]
Velbor107: checks
kaz2y5: checks
*** SHOW DOWN ***
Velbor107: shows [Qs Kh] (two pair, Jacks and Fours)
kaz2y5: shows [9c Ad] (two pair, Jacks and Fours - Ace kicker)
kaz2y5 collected $23.52 from pot
*** SUMMARY ***
Total pot $24 | Rake $0.48
Board [4s 3c Jc 4c Js]
Seat 1: Velbor107 (big blind) showed [Qs Kh] and lost with two pair, Jacks and Fours
Seat 6: kaz2y5 (button) (small blind) showed [9c Ad] and won ($23.52) with two pair, Jacks and Fours


PokerStars Hand #158706630458:  Hold'em Limit ($3/$6 USD) - 2016/09/17 0:23:57 ET
Table 'Yildun' 6-max Seat #1 is the button
Seat 1: Velbor107 ($247.25 in chips)
Seat 6: kaz2y5 ($152.93 in chips)
Velbor107: posts small blind $1
kaz2y5: posts big blind $3
*** HOLE CARDS ***
Velbor107: raises $3 to $6
kaz2y5: folds
Uncalled bet ($3) returned to Velbor107
Velbor107 collected $6 from pot
*** SUMMARY ***
Total pot $6 | Rake $0
Seat 1: Velbor107 (button) (small blind) collected ($6)
Seat 6: kaz2y5 (big blind) folded before Flop


PokerStars Hand #158706613896:  Hold'em Limit ($3/$6 USD) - 2016/09/17 0:22:53 ET
Table 'Yildun' 6-max Seat #1 is the button
Seat 1: Velbor107 ($261.25 in chips)
Seat 6: kaz2y5 ($139.43 in chips)
Velbor107: posts small blind $1
kaz2y5: posts big blind $3
*** HOLE CARDS ***
Velbor107: raises $3 to $6
kaz2y5: calls $3
*** FLOP *** [5h Qc Qs]
kaz2y5: checks
Velbor107: bets $3
kaz2y5: calls $3
*** TURN *** [5h Qc Qs] [Ts]
kaz2y5: checks
Velbor107: bets $6
kaz2y5: calls $6
*** RIVER *** [5h Qc Qs Ts] [Td]
kaz2y5: checks
Velbor107: checks
*** SHOW DOWN ***
kaz2y5: shows [8s Kc] (two pair, Queens and Tens)
Velbor107: mucks hand
kaz2y5 collected $29.50 from pot
*** SUMMARY ***
Total pot $30 | Rake $0.50
Board [5h Qc Qs Ts Td]
Seat 1: Velbor107 (button) (small blind) mucked
Seat 6: kaz2y5 (big blind) showed [8s Kc] and won ($29.50) with two pair, Queens and Tens


PokerStars Hand #158706624782:  Hold'em Limit ($3/$6 USD) - 2016/09/17 0:23:35 ET
Table 'Yildun' 6-max Seat #6 is the button
Seat 1: Velbor107 ($246.25 in chips)
Seat 6: kaz2y5 ($153.93 in chips)
kaz2y5: posts small blind $1
Velbor107: posts big blind $3
*** HOLE CARDS ***
kaz2y5: raises $3 to $6
Velbor107: folds
Uncalled bet ($3) returned to kaz2y5
kaz2y5 collected $6 from pot
kaz2y5: doesn't show hand
*** SUMMARY ***
Total pot $6 | Rake $0
Seat 1: Velbor107 (big blind) folded before Flop
Seat 6: kaz2y5 (button) (small blind) collected ($6)


PokerStars Hand #158706628852:  Hold'em Limit ($3/$6 USD) - 2016/09/17 0:23:51 ET
Table 'Yildun' 6-max Seat #6 is the button
Seat 1: Velbor107 ($246.25 in chips)
Seat 6: kaz2y5 ($153.93 in chips)
kaz2y5: posts small blind $1
Velbor107: posts big blind $3
*** HOLE CARDS ***
kaz2y5: folds
Uncalled bet ($2) returned to Velbor107
Velbor107 collected $2 from pot
*** SUMMARY ***
Total pot $2 | Rake $0
Seat 1: Velbor107 (big blind) collected ($2)
Seat 6: kaz2y5 (button) (small blind) folded before Flop


PokerStars Hand #158706626932:  Hold'em Limit ($3/$6 USD) - 2016/09/17 0:23:43 ET
Table 'Yildun' 6-max Seat #1 is the button
Seat 1: Velbor107 ($243.25 in chips)
Seat 6: kaz2y5 ($156.93 in chips)
Velbor107: posts small blind $1
kaz2y5: posts big blind $3
*** HOLE CARDS ***
Velbor107: raises $3 to $6
kaz2y5: folds
Uncalled bet ($3) returned to Velbor107
Velbor107 collected $6 from pot
*** SUMMARY ***
Total pot $6 | Rake $0
Seat 1: Velbor107 (button) (small blind) collected ($6)
Seat 6: kaz2y5 (big blind) folded before Flop


PokerStars Hand #158706633556:  Hold'em Limit ($3/$6 USD) - 2016/09/17 0:24:09 ET
Table 'Yildun' 6-max Seat #6 is the button
Seat 1: Velbor107 ($250.25 in chips)
Seat 6: kaz2y5 ($149.93 in chips)
kaz2y5: posts small blind $1
Velbor107: posts big blind $3
*** HOLE CARDS ***
kaz2y5: raises $3 to $6
Velbor107: raises $3 to $9
kaz2y5: calls $3
*** FLOP *** [Jh 5h 4s]
Velbor107: bets $3
kaz2y5: raises $3 to $6
Velbor107: raises $3 to $9
kaz2y5: calls $3
*** TURN *** [Jh 5h 4s] [As]
Velbor107: bets $6
kaz2y5: raises $6 to $12
Velbor107: raises $6 to $18
kaz2y5: calls $6
*** RIVER *** [Jh 5h 4s As] [7c]
Velbor107: bets $6
kaz2y5: calls $6
*** SHOW DOWN ***
Velbor107: shows [5d 5c] (three of a kind, Fives)
kaz2y5: mucks hand
Velbor107 collected $83.50 from pot
*** SUMMARY ***
Total pot $84 | Rake $0.50
Board [Jh 5h 4s As 7c]
Seat 1: Velbor107 (big blind) showed [5d 5c] and won ($83.50) with three of a kind, Fives
Seat 6: kaz2y5 (button) (small blind) mucked


PokerStars Hand #158706646524:  Hold'em Limit ($3/$6 USD) - 2016/09/17 0:24:58 ET
Table 'Yildun' 6-max Seat #1 is the button
Seat 1: Velbor107 ($291.75 in chips)
Seat 6: kaz2y5 ($107.93 in chips)
Velbor107: posts small blind $1
kaz2y5: posts big blind $3
*** HOLE CARDS ***
Velbor107: folds
Uncalled bet ($2) returned to kaz2y5
kaz2y5 collected $2 from pot
kaz2y5: doesn't show hand
*** SUMMARY ***
Total pot $2 | Rake $0
Seat 1: Velbor107 (button) (small blind) folded before Flop
Seat 6: kaz2y5 (big blind) collected ($2)


PokerStars Hand #158706649863:  Hold'em Limit ($3/$6 USD) - 2016/09/17 0:25:12 ET
Table 'Yildun' 6-max Seat #6 is the button
Seat 1: Velbor107 ($290.75 in chips)
Seat 6: kaz2y5 ($108.93 in chips)
kaz2y5: posts small blind $1
Velbor107: posts big blind $3
*** HOLE CARDS ***
kaz2y5: raises $3 to $6
Velbor107: calls $3
*** FLOP *** [Kd 5d 4d]
Velbor107: checks
kaz2y5: bets $3
Velbor107: calls $3
*** TURN *** [Kd 5d 4d] [4s]
Velbor107: checks
kaz2y5: checks
*** RIVER *** [Kd 5d 4d 4s] [Ad]
Velbor107: bets $6
kaz2y5: folds
Uncalled bet ($6) returned to Velbor107
Velbor107 collected $17.64 from pot
*** SUMMARY ***
Total pot $18 | Rake $0.36
Board [Kd 5d 4d 4s Ad]
Seat 1: Velbor107 (big blind) collected ($17.64)
Seat 6: kaz2y5 (button) (small blind) folded on the River


PokerStars Hand #158706657759:  Hold'em Limit ($3/$6 USD) - 2016/09/17 0:25:42 ET
Table 'Yildun' 6-max Seat #1 is the button
Seat 1: Velbor107 ($299.39 in chips)
Seat 6: kaz2y5 ($99.93 in chips)
Velbor107: posts small blind $1
kaz2y5: posts big blind $3
*** HOLE CARDS ***
Velbor107: raises $3 to $6
kaz2y5: calls $3
*** FLOP *** [6s 5h 8s]
kaz2y5: checks
Velbor107: bets $3
kaz2y5: calls $3
*** TURN *** [6s 5h 8s] [Ts]
kaz2y5: checks
Velbor107: bets $6
kaz2y5: calls $6
*** RIVER *** [6s 5h 8s Ts] [3c]
kaz2y5: checks
Velbor107: checks
*** SHOW DOWN ***
kaz2y5: shows [9d Js] (high card Jack)
Velbor107: shows [Ad Jd] (high card Ace)
Velbor107 collected $29.50 from pot
*** SUMMARY ***
Total pot $30 | Rake $0.50
Board [6s 5h 8s Ts 3c]
Seat 1: Velbor107 (button) (small blind) showed [Ad Jd] and won ($29.50) with high card Ace
Seat 6: kaz2y5 (big blind) showed [9d Js] and lost with high card Jack


PokerStars Hand #158706669948:  Hold'em Limit ($3/$6 USD) - 2016/09/17 0:26:29 ET
Table 'Yildun' 6-max Seat #1 is the button
Seat 1: Velbor107 ($314.89 in chips)
Seat 6: kaz2y5 ($83.93 in chips)
Velbor107: posts small blind $1
kaz2y5: posts big blind $3
*** HOLE CARDS ***
Velbor107: folds
Uncalled bet ($2) returned to kaz2y5
kaz2y5 collected $2 from pot
*** SUMMARY ***
Total pot $2 | Rake $0
Seat 1: Velbor107 (button) (small blind) folded before Flop
Seat 6: kaz2y5 (big blind) collected ($2)


PokerStars Hand #158706668333:  Hold'em Limit ($3/$6 USD) - 2016/09/17 0:26:22 ET
Table 'Yildun' 6-max Seat #6 is the button
Seat 1: Velbor107 ($313.89 in chips)
Seat 6: kaz2y5 ($84.93 in chips)
kaz2y5: posts small blind $1
Velbor107: posts big blind $3
*** HOLE CARDS ***
kaz2y5: folds
Uncalled bet ($2) returned to Velbor107
Velbor107 collected $2 from pot
*** SUMMARY ***
Total pot $2 | Rake $0
Seat 1: Velbor107 (big blind) collected ($2)
Seat 6: kaz2y5 (button) (small blind) folded before Flop


PokerStars Hand #158706671702:  Hold'em Limit ($3/$6 USD) - 2016/09/17 0:26:35 ET
Table 'Yildun' 6-max Seat #6 is the button
Seat 1: Velbor107 ($313.89 in chips)
Seat 6: kaz2y5 ($84.93 in chips)
kaz2y5: posts small blind $1
Velbor107: posts big blind $3
*** HOLE CARDS ***
kaz2y5: folds
Uncalled bet ($2) returned to Velbor107
Velbor107 collected $2 from pot
*** SUMMARY ***
Total pot $2 | Rake $0
Seat 1: Velbor107 (big blind) collected ($2)
Seat 6: kaz2y5 (button) (small blind) folded before Flop


PokerStars Hand #158706675773:  Hold'em Limit ($3/$6 USD) - 2016/09/17 0:26:51 ET
Table 'Yildun' 6-max Seat #6 is the button
Seat 1: Velbor107 ($317.89 in chips)
Seat 6: kaz2y5 ($80.93 in chips)
kaz2y5: posts small blind $1
Velbor107: posts big blind $3
*** HOLE CARDS ***
kaz2y5: folds
Uncalled bet ($2) returned to Velbor107
Velbor107 collected $2 from pot
*** SUMMARY ***
Total pot $2 | Rake $0
Seat 1: Velbor107 (big blind) collected ($2)
Seat 6: kaz2y5 (button) (small blind) folded before Flop


PokerStars Hand #158706673677:  Hold'em Limit ($3/$6 USD) - 2016/09/17 0:26:43 ET
Table 'Yildun' 6-max Seat #1 is the button
Seat 1: Velbor107 ($314.89 in chips)
Seat 6: kaz2y5 ($83.93 in chips)
Velbor107: posts small blind $1
kaz2y5: posts big blind $3
*** HOLE CARDS ***
Velbor107: raises $3 to $6
kaz2y5: folds
Uncalled bet ($3) returned to Velbor107
Velbor107 collected $6 from pot
*** SUMMARY ***
Total pot $6 | Rake $0
Seat 1: Velbor107 (button) (small blind) collected ($6)
Seat 6: kaz2y5 (big blind) folded before Flop


PokerStars Hand #158706679924:  Hold'em Limit ($3/$6 USD) - 2016/09/17 0:27:07 ET
Table 'Yildun' 6-max Seat #6 is the button
Seat 1: Velbor107 ($321.89 in chips)
Seat 6: kaz2y5 ($76.93 in chips)
kaz2y5: posts small blind $1
Velbor107: posts big blind $3
*** HOLE CARDS ***
kaz2y5: raises $3 to $6
Velbor107: calls $3
*** FLOP *** [Ts 7d 3d]
Velbor107: checks
kaz2y5: checks
*** TURN *** [Ts 7d 3d] [4c]
Velbor107: bets $6
kaz2y5: folds
Uncalled bet ($6) returned to Velbor107
Velbor107 collected $11.76 from pot
*** SUMMARY ***
Total pot $12 | Rake $0.24
Board [Ts 7d 3d 4c]
Seat 1: Velbor107 (big blind) collected ($11.76)
Seat 6: kaz2y5 (button) (small blind) folded on the Turn


PokerStars Hand #158706689657:  Hold'em Limit ($3/$6 USD) - 2016/09/17 0:27:45 ET
Table 'Yildun' 6-max Seat #6 is the button
Seat 1: Velbor107 ($330.65 in chips)
Seat 6: kaz2y5 ($67.93 in chips)
kaz2y5: posts small blind $1
Velbor107: posts big blind $3
*** HOLE CARDS ***
kaz2y5: raises $3 to $6
Velbor107: raises $3 to $9
kaz2y5: calls $3
*** FLOP *** [2d Tc 3c]
Velbor107: bets $3
kaz2y5: raises $3 to $6
Velbor107: raises $3 to $9
kaz2y5: raises $3 to $12
Betting is capped
Velbor107: calls $3
*** TURN *** [2d Tc 3c] [Ad]
Velbor107: bets $6
kaz2y5: calls $6
*** RIVER *** [2d Tc 3c Ad] [Qh]
Velbor107: bets $6
kaz2y5: calls $6
*** SHOW DOWN ***
Velbor107: shows [3s 3h] (three of a kind, Threes)
kaz2y5: mucks hand
Velbor107 collected $65.50 from pot
*** SUMMARY ***
Total pot $66 | Rake $0.50
Board [2d Tc 3c Ad Qh]
Seat 1: Velbor107 (big blind) showed [3s 3h] and won ($65.50) with three of a kind, Threes
Seat 6: kaz2y5 (button) (small blind) mucked


PokerStars Hand #158706707594:  Hold'em Limit ($3/$6 USD) - 2016/09/17 0:28:55 ET
Table 'Yildun' 6-max Seat #1 is the button
Seat 1: Velbor107 ($357.15 in chips)
Seat 6: kaz2y5 ($40.57 in chips)
Velbor107: posts small blind $1
kaz2y5: posts big blind $3
*** HOLE CARDS ***
Velbor107: raises $3 to $6
kaz2y5: calls $3
*** FLOP *** [Qs Ks 3h]
kaz2y5: checks
Velbor107: bets $3
kaz2y5: folds
Uncalled bet ($3) returned to Velbor107
Velbor107 collected $11.76 from pot
*** SUMMARY ***
Total pot $12 | Rake $0.24
Board [Qs Ks 3h]
Seat 1: Velbor107 (button) (small blind) collected ($11.76)
Seat 6: kaz2y5 (big blind) folded on the Flop


PokerStars Hand #158706699597:  Hold'em Limit ($3/$6 USD) - 2016/09/17 0:28:24 ET
Table 'Yildun' 6-max Seat #6 is the button
Seat 1: Velbor107 ($366.15 in chips)
Seat 6: kaz2y5 ($31.93 in chips)
kaz2y5: posts small blind $1
Velbor107: posts big blind $3
*** HOLE CARDS ***
kaz2y5: raises $3 to $6
Velbor107: calls $3
*** FLOP *** [9d 4c Td]
Velbor107: checks
kaz2y5: bets $3
Velbor107: calls $3
*** TURN *** [9d 4c Td] [8h]
Velbor107: checks
kaz2y5: bets $6
Velbor107: folds
Uncalled bet ($6) returned to kaz2y5
kaz2y5 collected $17.64 from pot
kaz2y5: doesn't show hand
*** SUMMARY ***
Total pot $18 | Rake $0.36
Board [9d 4c Td 8h]
Seat 1: Velbor107 (big blind) folded on the Turn
Seat 6: kaz2y5 (button) (small blind) collected ($17.64)


PokerStars Hand #158706728322:  Hold'em Limit ($3/$6 USD) - 2016/09/17 0:30:17 ET
Table 'Yildun' 6-max Seat #6 is the button
Seat 1: Velbor107 ($384.19 in chips)
Seat 6: kaz2y5 ($12.57 in chips)
kaz2y5: posts small blind $1
Velbor107: posts big blind $3
*** HOLE CARDS ***
kaz2y5: folds
Uncalled bet ($2) returned to Velbor107
Velbor107 collected $2 from pot
*** SUMMARY ***
Total pot $2 | Rake $0
Seat 1: Velbor107 (big blind) collected ($2)
Seat 6: kaz2y5 (button) (small blind) folded before Flop


PokerStars Hand #158706720459:  Hold'em Limit ($3/$6 USD) - 2016/09/17 0:29:46 ET
Table 'Yildun' 6-max Seat #1 is the button
Seat 1: Velbor107 ($374.43 in chips)
Seat 6: kaz2y5 ($22.57 in chips)
Velbor107: posts small blind $1
kaz2y5: posts big blind $3
*** HOLE CARDS ***
Velbor107: raises $3 to $6
kaz2y5: calls $3
*** FLOP *** [2d As Ks]
kaz2y5: checks
Velbor107: bets $3
kaz2y5: folds
Uncalled bet ($3) returned to Velbor107
Velbor107 collected $11.76 from pot
*** SUMMARY ***
Total pot $12 | Rake $0.24
Board [2d As Ks]
Seat 1: Velbor107 (button) (small blind) collected ($11.76)
Seat 6: kaz2y5 (big blind) folded on the Flop


PokerStars Hand #158706726431:  Hold'em Limit ($3/$6 USD) - 2016/09/17 0:30:09 ET
Table 'Yildun' 6-max Seat #1 is the button
Seat 1: Velbor107 ($381.19 in chips)
Seat 6: kaz2y5 ($15.57 in chips)
Velbor107: posts small blind $1
kaz2y5: posts big blind $3
*** HOLE CARDS ***
Velbor107: raises $3 to $6
kaz2y5: folds
Uncalled bet ($3) returned to Velbor107
Velbor107 collected $6 from pot
*** SUMMARY ***
Total pot $6 | Rake $0
Seat 1: Velbor107 (button) (small blind) collected ($6)
Seat 6: kaz2y5 (big blind) folded before Flop


PokerStars Hand #158706724777:  Hold'em Limit ($3/$6 USD) - 2016/09/17 0:30:03 ET
Table 'Yildun' 6-max Seat #6 is the button
Seat 1: Velbor107 ($380.19 in chips)
Seat 6: kaz2y5 ($16.57 in chips)
kaz2y5: posts small blind $1
Velbor107: posts big blind $3
*** HOLE CARDS ***
kaz2y5: folds
Uncalled bet ($2) returned to Velbor107
Velbor107 collected $2 from pot
*** SUMMARY ***
Total pot $2 | Rake $0
Seat 1: Velbor107 (big blind) collected ($2)
Seat 6: kaz2y5 (button) (small blind) folded before Flop


PokerStars Hand #158706713141:  Hold'em Limit ($3/$6 USD) - 2016/09/17 0:29:17 ET
Table 'Yildun' 6-max Seat #6 is the button
Seat 1: Velbor107 ($362.91 in chips)
Seat 6: kaz2y5 ($34.57 in chips)
kaz2y5: posts small blind $1
Velbor107: posts big blind $3
*** HOLE CARDS ***
kaz2y5: raises $3 to $6
Velbor107: raises $3 to $9
kaz2y5: calls $3
*** FLOP *** [Qd 9c Kc]
Velbor107: bets $3
kaz2y5: calls $3
*** TURN *** [Qd 9c Kc] [2h]
Velbor107: bets $6
kaz2y5: folds
Uncalled bet ($6) returned to Velbor107
Velbor107 collected $23.52 from pot
*** SUMMARY ***
Total pot $24 | Rake $0.48
Board [Qd 9c Kc 2h]
Seat 1: Velbor107 (big blind) collected ($23.52)
Seat 6: kaz2y5 (button) (small blind) folded on the Turn


PokerStars Hand #158706738590:  Hold'em Limit ($3/$6 USD) - 2016/09/17 0:30:57 ET
Table 'Yildun' 6-max Seat #1 is the button
Seat 1: Velbor107 ($381.19 in chips)
Seat 6: kaz2y5 ($15.57 in chips)
Velbor107: posts small blind $1
kaz2y5: posts big blind $3
*** HOLE CARDS ***
Velbor107: raises $3 to $6
kaz2y5: calls $3
*** FLOP *** [7d 7h 8d]
kaz2y5: checks
Velbor107: bets $3
kaz2y5: calls $3
*** TURN *** [7d 7h 8d] [Kc]
kaz2y5: checks
Velbor107: bets $6
kaz2y5: calls $6
*** RIVER *** [7d 7h 8d Kc] [Ks]
kaz2y5: checks
Velbor107: bets $6
kaz2y5: calls $0.57 and is all-in
Uncalled bet ($5.43) returned to Velbor107
*** SHOW DOWN ***
Velbor107: shows [Jc Js] (two pair, Kings and Jacks)
kaz2y5: shows [Qh Jd] (two pair, Kings and Sevens)
Velbor107 collected $30.64 from pot
*** SUMMARY ***
Total pot $31.14 | Rake $0.50
Board [7d 7h 8d Kc Ks]
Seat 1: Velbor107 (button) (small blind) showed [Jc Js] and won ($30.64) with two pair, Kings and Jacks
Seat 6: kaz2y5 (big blind) showed [Qh Jd] and lost with two pair, Kings and Sevens


PokerStars Hand #158706731510:  Hold'em Limit ($3/$6 USD) - 2016/09/17 0:30:29 ET
Table 'Yildun' 6-max Seat #6 is the button
Seat 1: Velbor107 ($384.19 in chips)
Seat 6: kaz2y5 ($12.57 in chips)
kaz2y5: posts small blind $1
Velbor107: posts big blind $3
*** HOLE CARDS ***
kaz2y5: raises $3 to $6
Velbor107: folds
Uncalled bet ($3) returned to kaz2y5
kaz2y5 collected $6 from pot
kaz2y5: doesn't show hand
*** SUMMARY ***
Total pot $6 | Rake $0
Seat 1: Velbor107 (big blind) folded before Flop
Seat 6: kaz2y5 (button) (small blind) collected ($6)


PokerStars Hand #158706729891:  Hold'em Limit ($3/$6 USD) - 2016/09/17 0:30:23 ET
Table 'Yildun' 6-max Seat #1 is the button
Seat 1: Velbor107 ($385.19 in chips)
Seat 6: kaz2y5 ($11.57 in chips)
Velbor107: posts small blind $1
kaz2y5: posts big blind $3
*** HOLE CARDS ***
Velbor107: folds
Uncalled bet ($2) returned to kaz2y5
kaz2y5 collected $2 from pot
kaz2y5: doesn't show hand
*** SUMMARY ***
Total pot $2 | Rake $0
Seat 1: Velbor107 (button) (small blind) folded before Flop
Seat 6: kaz2y5 (big blind) collected ($2)


PokerStars Hand #158706736982:  Hold'em Limit ($3/$6 USD) - 2016/09/17 0:30:51 ET
Table 'Yildun' 6-max Seat #6 is the button
Seat 1: Velbor107 ($380.19 in chips)
Seat 6: kaz2y5 ($16.57 in chips)
kaz2y5: posts small blind $1
Velbor107: posts big blind $3
*** HOLE CARDS ***
kaz2y5: folds
Uncalled bet ($2) returned to Velbor107
Velbor107 collected $2 from pot
*** SUMMARY ***
Total pot $2 | Rake $0
Seat 1: Velbor107 (big blind) collected ($2)
Seat 6: kaz2y5 (button) (small blind) folded before Flop


PokerStars Hand #158706733979:  Hold'em Limit ($3/$6 USD) - 2016/09/17 0:30:39 ET
Table 'Yildun' 6-max Seat #1 is the button
Seat 1: Velbor107 ($381.19 in chips)
Seat 6: kaz2y5 ($15.57 in chips)
Velbor107: posts small blind $1
kaz2y5: posts big blind $3
*** HOLE CARDS ***
Velbor107: folds
Uncalled bet ($2) returned to kaz2y5
kaz2y5 collected $2 from pot
kaz2y5: doesn't show hand
*** SUMMARY ***
Total pot $2 | Rake $0
Seat 1: Velbor107 (button) (small blind) folded before Flop
Seat 6: kaz2y5 (big blind) collected ($2)


