PokerStars Hand #144599433584:  Hold'em Limit ($3/$6 USD) - 2015/11/30 4:10:32 ET
Table 'Ymir' 6-max Seat #5 is the button
Seat 1: VolkovDmitri ($120 in chips)
Seat 5: *x¡n0*x¡n0* ($240.64 in chips)
*x¡n0*x¡n0*: posts small blind $1
VolkovDmitri: posts big blind $3
*** HOLE CARDS ***
*x¡n0*x¡n0*: raises $3 to $6
VolkovDmitri: calls $3
*** FLOP *** [4d 5d 4h]
VolkovDmitri: checks
*x¡n0*x¡n0*: bets $3
VolkovDmitri: folds
Uncalled bet ($3) returned to *x¡n0*x¡n0*
*x¡n0*x¡n0* collected $11.76 from pot
*** SUMMARY ***
Total pot $12 | Rake $0.24
Board [4d 5d 4h]
Seat 1: VolkovDmitri (big blind) folded on the Flop
Seat 5: *x¡n0*x¡n0* (button) (small blind) collected ($11.76)


PokerStars Hand #144599419977:  Hold'em Limit ($3/$6 USD) - 2015/11/30 4:09:53 ET
Table 'Ymir' 6-max Seat #1 is the button
Seat 1: VolkovDmitri ($120 in chips)
Seat 5: *x¡n0*x¡n0* ($120 in chips)
VolkovDmitri: posts small blind $1
*x¡n0*x¡n0*: posts big blind $3
*** HOLE CARDS ***
VolkovDmitri: raises $3 to $6
*x¡n0*x¡n0*: calls $3
*** FLOP *** [As 9s 8d]
*x¡n0*x¡n0*: checks
VolkovDmitri: bets $3
*x¡n0*x¡n0*: calls $3
*** TURN *** [As 9s 8d] [9d]
*x¡n0*x¡n0*: checks
VolkovDmitri: checks
*** RIVER *** [As 9s 8d 9d] [3h]
*x¡n0*x¡n0*: bets $6
VolkovDmitri: folds
Uncalled bet ($6) returned to *x¡n0*x¡n0*
*x¡n0*x¡n0* collected $17.64 from pot
*** SUMMARY ***
Total pot $18 | Rake $0.36
Board [As 9s 8d 9d 3h]
Seat 1: VolkovDmitri (button) (small blind) folded on the River
Seat 5: *x¡n0*x¡n0* (big blind) collected ($17.64)


PokerStars Hand #144599462564:  Hold'em Limit ($3/$6 USD) - 2015/11/30 4:11:57 ET
Table 'Ymir' 6-max Seat #1 is the button
Seat 1: VolkovDmitri ($120 in chips)
Seat 5: *x¡n0*x¡n0* ($251.90 in chips)
VolkovDmitri: posts small blind $1
*x¡n0*x¡n0*: posts big blind $3
*** HOLE CARDS ***
VolkovDmitri: raises $3 to $6
*x¡n0*x¡n0*: folds
Uncalled bet ($3) returned to VolkovDmitri
VolkovDmitri collected $6 from pot
VolkovDmitri: doesn't show hand
*** SUMMARY ***
Total pot $6 | Rake $0
Seat 1: VolkovDmitri (button) (small blind) collected ($6)
Seat 5: *x¡n0*x¡n0* (big blind) folded before Flop


PokerStars Hand #144599450080:  Hold'em Limit ($3/$6 USD) - 2015/11/30 4:11:20 ET
Table 'Ymir' 6-max Seat #5 is the button
Seat 1: VolkovDmitri ($128.64 in chips)
Seat 5: *x¡n0*x¡n0* ($237.40 in chips)
*x¡n0*x¡n0*: posts small blind $1
VolkovDmitri: posts big blind $3
*** HOLE CARDS ***
*x¡n0*x¡n0*: raises $3 to $6
VolkovDmitri: calls $3
*** FLOP *** [7h Td Jd]
VolkovDmitri: checks
*x¡n0*x¡n0*: bets $3
VolkovDmitri: calls $3
*** TURN *** [7h Td Jd] [Qh]
VolkovDmitri: checks
*x¡n0*x¡n0*: bets $6
VolkovDmitri: calls $6
*** RIVER *** [7h Td Jd Qh] [2c]
VolkovDmitri: checks
*x¡n0*x¡n0*: bets $6
VolkovDmitri: folds
Uncalled bet ($6) returned to *x¡n0*x¡n0*
*x¡n0*x¡n0* collected $29.50 from pot
*** SUMMARY ***
Total pot $30 | Rake $0.50
Board [7h Td Jd Qh 2c]
Seat 1: VolkovDmitri (big blind) folded on the River
Seat 5: *x¡n0*x¡n0* (button) (small blind) collected ($29.50)


PokerStars Hand #144599440198:  Hold'em Limit ($3/$6 USD) - 2015/11/30 4:10:52 ET
Table 'Ymir' 6-max Seat #1 is the button
Seat 1: VolkovDmitri ($120 in chips)
Seat 5: *x¡n0*x¡n0* ($246.40 in chips)
VolkovDmitri: posts small blind $1
*x¡n0*x¡n0*: posts big blind $3
*** HOLE CARDS ***
VolkovDmitri: raises $3 to $6
*x¡n0*x¡n0*: calls $3
*** FLOP *** [3s Kd 5c]
*x¡n0*x¡n0*: checks
VolkovDmitri: bets $3
*x¡n0*x¡n0*: calls $3
*** TURN *** [3s Kd 5c] [8h]
*x¡n0*x¡n0*: checks
VolkovDmitri: bets $6
*x¡n0*x¡n0*: folds
Uncalled bet ($6) returned to VolkovDmitri
VolkovDmitri collected $17.64 from pot
VolkovDmitri: doesn't show hand
*** SUMMARY ***
Total pot $18 | Rake $0.36
Board [3s Kd 5c 8h]
Seat 1: VolkovDmitri (button) (small blind) collected ($17.64)
Seat 5: *x¡n0*x¡n0* (big blind) folded on the Turn


PokerStars Hand #144599475003:  Hold'em Limit ($3/$6 USD) - 2015/11/30 4:12:33 ET
Table 'Ymir' 6-max Seat #1 is the button
Seat 1: VolkovDmitri ($128 in chips)
Seat 5: *x¡n0*x¡n0* ($243.90 in chips)
VolkovDmitri: posts small blind $1
*x¡n0*x¡n0*: posts big blind $3
*** HOLE CARDS ***
VolkovDmitri: raises $3 to $6
*x¡n0*x¡n0*: calls $3
*** FLOP *** [9d Ah 9s]
*x¡n0*x¡n0*: checks
VolkovDmitri: bets $3
*x¡n0*x¡n0*: folds
Uncalled bet ($3) returned to VolkovDmitri
VolkovDmitri collected $11.76 from pot
VolkovDmitri: doesn't show hand
*** SUMMARY ***
Total pot $12 | Rake $0.24
Board [9d Ah 9s]
Seat 1: VolkovDmitri (button) (small blind) collected ($11.76)
Seat 5: *x¡n0*x¡n0* (big blind) folded on the Flop


PokerStars Hand #144599473140:  Hold'em Limit ($3/$6 USD) - 2015/11/30 4:12:28 ET
Table 'Ymir' 6-max Seat #5 is the button
Seat 1: VolkovDmitri ($127 in chips)
Seat 5: *x¡n0*x¡n0* ($244.90 in chips)
*x¡n0*x¡n0*: posts small blind $1
VolkovDmitri: posts big blind $3
*** HOLE CARDS ***
*x¡n0*x¡n0*: folds
Uncalled bet ($2) returned to VolkovDmitri
VolkovDmitri collected $2 from pot
VolkovDmitri: doesn't show hand
*** SUMMARY ***
Total pot $2 | Rake $0
Seat 1: VolkovDmitri (big blind) collected ($2)
Seat 5: *x¡n0*x¡n0* (button) (small blind) folded before Flop


PokerStars Hand #144599468021:  Hold'em Limit ($3/$6 USD) - 2015/11/30 4:12:13 ET
Table 'Ymir' 6-max Seat #1 is the button
Seat 1: VolkovDmitri ($124 in chips)
Seat 5: *x¡n0*x¡n0* ($247.90 in chips)
VolkovDmitri: posts small blind $1
*x¡n0*x¡n0*: posts big blind $3
*** HOLE CARDS ***
VolkovDmitri: raises $3 to $6
*x¡n0*x¡n0*: folds
Uncalled bet ($3) returned to VolkovDmitri
VolkovDmitri collected $6 from pot
VolkovDmitri: doesn't show hand
*** SUMMARY ***
Total pot $6 | Rake $0
Seat 1: VolkovDmitri (button) (small blind) collected ($6)
Seat 5: *x¡n0*x¡n0* (big blind) folded before Flop


PokerStars Hand #144599465218:  Hold'em Limit ($3/$6 USD) - 2015/11/30 4:12:04 ET
Table 'Ymir' 6-max Seat #5 is the button
Seat 1: VolkovDmitri ($123 in chips)
Seat 5: *x¡n0*x¡n0* ($248.90 in chips)
*x¡n0*x¡n0*: posts small blind $1
VolkovDmitri: posts big blind $3
*** HOLE CARDS ***
*x¡n0*x¡n0*: folds
Uncalled bet ($2) returned to VolkovDmitri
VolkovDmitri collected $2 from pot
VolkovDmitri: doesn't show hand
*** SUMMARY ***
Total pot $2 | Rake $0
Seat 1: VolkovDmitri (big blind) collected ($2)
Seat 5: *x¡n0*x¡n0* (button) (small blind) folded before Flop


PokerStars Hand #144599495244:  Hold'em Limit ($3/$6 USD) - 2015/11/30 4:13:32 ET
Table 'Ymir' 6-max Seat #1 is the button
Seat 1: VolkovDmitri ($145.28 in chips)
Seat 5: *x¡n0*x¡n0* ($225.90 in chips)
VolkovDmitri: posts small blind $1
*x¡n0*x¡n0*: posts big blind $3
*** HOLE CARDS ***
VolkovDmitri: raises $3 to $6
*x¡n0*x¡n0*: calls $3
*** FLOP *** [7c 6h 4c]
*x¡n0*x¡n0*: checks
kolaz03 joins the table at seat #6
VolkovDmitri: checks
*** TURN *** [7c 6h 4c] [5s]
*x¡n0*x¡n0*: bets $6
VolkovDmitri: raises $6 to $12
*x¡n0*x¡n0*: folds
Uncalled bet ($6) returned to VolkovDmitri
VolkovDmitri collected $23.52 from pot
VolkovDmitri: doesn't show hand
*** SUMMARY ***
Total pot $24 | Rake $0.48
Board [7c 6h 4c 5s]
Seat 1: VolkovDmitri (button) (small blind) collected ($23.52)
Seat 5: *x¡n0*x¡n0* (big blind) folded on the Turn


PokerStars Hand #144599483032:  Hold'em Limit ($3/$6 USD) - 2015/11/30 4:12:56 ET
Table 'Ymir' 6-max Seat #5 is the button
Seat 1: VolkovDmitri ($133.76 in chips)
Seat 5: *x¡n0*x¡n0* ($237.90 in chips)
*x¡n0*x¡n0*: posts small blind $1
VolkovDmitri: posts big blind $3
*** HOLE CARDS ***
*x¡n0*x¡n0*: raises $3 to $6
VolkovDmitri: calls $3
*** FLOP *** [5d 8d 7h]
VolkovDmitri: checks
*x¡n0*x¡n0*: bets $3
VolkovDmitri: raises $3 to $6
*x¡n0*x¡n0*: calls $3
*** TURN *** [5d 8d 7h] [2c]
VolkovDmitri: bets $6
*x¡n0*x¡n0*: folds
Uncalled bet ($6) returned to VolkovDmitri
VolkovDmitri collected $23.52 from pot
VolkovDmitri: doesn't show hand
*** SUMMARY ***
Total pot $24 | Rake $0.48
Board [5d 8d 7h 2c]
Seat 1: VolkovDmitri (big blind) collected ($23.52)
Seat 5: *x¡n0*x¡n0* (button) (small blind) folded on the Turn


PokerStars Hand #144600095621:  Hold'em Limit ($3/$6 USD) - 2015/11/30 4:41:56 ET
Table 'Ymir' 6-max Seat #6 is the button
Seat 2: schnizm ($90 in chips)
Seat 6: kolaz03 ($161.77 in chips)
kolaz03: posts small blind $1
downtempo39 joins the table at seat #5
Airbag999: is sitting out
schnizm: posts big blind $3
*** HOLE CARDS ***
kolaz03: folds
Uncalled bet ($2) returned to schnizm
schnizm collected $2 from pot
schnizm: doesn't show hand
*** SUMMARY ***
Total pot $2 | Rake $0
Seat 2: schnizm (big blind) collected ($2)
Seat 6: kolaz03 (button) (small blind) folded before Flop


