PokerStars Hand #159039833173:  Hold'em Limit ($3/$6 USD) - 2016/09/24 15:23:58 ET
Table 'Ymir' 6-max Seat #1 is the button
Seat 1: Fabulous108 ($120.36 in chips)
Seat 4: Mr10P ($246.08 in chips)
Fabulous108: posts small blind $1
italianhero4: is sitting out
Mr10P: posts big blind $3
*** HOLE CARDS ***
italianhero4 leaves the table
Fabulous108: folds
Uncalled bet ($2) returned to Mr10P
Mr10P collected $2 from pot
Mr10P: doesn't show hand
*** SUMMARY ***
Total pot $2 | Rake $0
Seat 1: Fabulous108 (button) (small blind) folded before Flop
Seat 4: Mr10P (big blind) collected ($2)


PokerStars Hand #159039837573:  Hold'em Limit ($3/$6 USD) - 2016/09/24 15:24:04 ET
Table 'Ymir' 6-max Seat #4 is the button
Seat 1: Fabulous108 ($119.36 in chips)
Seat 4: Mr10P ($247.08 in chips)
Mr10P: posts small blind $1
Fabulous108: posts big blind $3
*** HOLE CARDS ***
Mr10P: raises $3 to $6
Fabulous108: calls $3
*** FLOP *** [6c 3h Ts]
Fabulous108: checks
Mr10P: bets $3
Fabulous108: raises $3 to $6
Mr10P: calls $3
*** TURN *** [6c 3h Ts] [Jd]
Fabulous108: checks
Mr10P: checks
*** RIVER *** [6c 3h Ts Jd] [3d]
Fabulous108: bets $6
Mr10P: folds
Uncalled bet ($6) returned to Fabulous108
Fabulous108 collected $23.52 from pot
Fabulous108: doesn't show hand
*** SUMMARY ***
Total pot $24 | Rake $0.48
Board [6c 3h Ts Jd 3d]
Seat 1: Fabulous108 (big blind) collected ($23.52)
Seat 4: Mr10P (button) (small blind) folded on the River


PokerStars Hand #159039851776:  Hold'em Limit ($3/$6 USD) - 2016/09/24 15:24:22 ET
Table 'Ymir' 6-max Seat #1 is the button
Seat 1: Fabulous108 ($130.88 in chips)
Seat 4: Mr10P ($235.08 in chips)
Fabulous108: posts small blind $1
DECAlpha was removed from the table for failing to post
Mr10P: posts big blind $3
*** HOLE CARDS ***
Fabulous108: folds
Uncalled bet ($2) returned to Mr10P
Mr10P collected $2 from pot
Mr10P: doesn't show hand
*** SUMMARY ***
Total pot $2 | Rake $0
Seat 1: Fabulous108 (button) (small blind) folded before Flop
Seat 4: Mr10P (big blind) collected ($2)


