PokerStars Hand #145466956150:  Hold'em Limit ($3/$6 USD) - 2015/12/17 0:05:18 ET
Table 'Ymir II' 2-max Seat #1 is the button
Seat 1: ct-650 ($150.76 in chips)
Seat 2: RAFAELO_440 ($63.72 in chips)
ct-650: posts small blind $1
RAFAELO_440: posts big blind $3
*** HOLE CARDS ***
ct-650: raises $3 to $6
RAFAELO_440: folds
Uncalled bet ($3) returned to ct-650
ct-650 collected $6 from pot
*** SUMMARY ***
Total pot $6 | Rake $0
Seat 1: ct-650 (button) (small blind) collected ($6)
Seat 2: RAFAELO_440 (big blind) folded before Flop


PokerStars Hand #145466954980:  Hold'em Limit ($3/$6 USD) - 2015/12/17 0:05:13 ET
Table 'Ymir II' 2-max Seat #2 is the button
Seat 1: ct-650 ($149.76 in chips)
Seat 2: RAFAELO_440 ($64.72 in chips)
RAFAELO_440: posts small blind $1
ct-650: posts big blind $3
*** HOLE CARDS ***
RAFAELO_440: folds
Uncalled bet ($2) returned to ct-650
ct-650 collected $2 from pot
*** SUMMARY ***
Total pot $2 | Rake $0
Seat 1: ct-650 (big blind) collected ($2)
Seat 2: RAFAELO_440 (button) (small blind) folded before Flop


PokerStars Hand #145466957535:  Hold'em Limit ($3/$6 USD) - 2015/12/17 0:05:23 ET
Table 'Ymir II' 2-max Seat #2 is the button
Seat 1: ct-650 ($153.76 in chips)
Seat 2: RAFAELO_440 ($60.72 in chips)
RAFAELO_440: posts small blind $1
ct-650: posts big blind $3
*** HOLE CARDS ***
RAFAELO_440: raises $3 to $6
ct-650: folds
Uncalled bet ($3) returned to RAFAELO_440
RAFAELO_440 collected $6 from pot
RAFAELO_440: doesn't show hand
*** SUMMARY ***
Total pot $6 | Rake $0
Seat 1: ct-650 (big blind) folded before Flop
Seat 2: RAFAELO_440 (button) (small blind) collected ($6)


PokerStars Hand #145466947109:  Hold'em Limit ($3/$6 USD) - 2015/12/17 0:04:44 ET
Table 'Ymir II' 2-max Seat #2 is the button
Seat 1: ct-650 ($150 in chips)
Seat 2: RAFAELO_440 ($64.96 in chips)
RAFAELO_440: posts small blind $1
ct-650: posts big blind $3
*** HOLE CARDS ***
RAFAELO_440: raises $3 to $6
ct-650: calls $3
*** FLOP *** [Ad Tc Td]
ct-650: checks
RAFAELO_440: bets $3
ct-650: folds
Uncalled bet ($3) returned to RAFAELO_440
RAFAELO_440 collected $11.76 from pot
RAFAELO_440: doesn't show hand
*** SUMMARY ***
Total pot $12 | Rake $0.24
Board [Ad Tc Td]
Seat 1: ct-650 (big blind) folded on the Flop
Seat 2: RAFAELO_440 (button) (small blind) collected ($11.76)


PokerStars Hand #145466951971:  Hold'em Limit ($3/$6 USD) - 2015/12/17 0:05:02 ET
Table 'Ymir II' 2-max Seat #1 is the button
Seat 1: ct-650 ($144 in chips)
Seat 2: RAFAELO_440 ($70.72 in chips)
ct-650: posts small blind $1
RAFAELO_440: posts big blind $3
*** HOLE CARDS ***
ct-650: raises $3 to $6
RAFAELO_440: calls $3
*** FLOP *** [Jd 8c Kd]
RAFAELO_440: checks
ct-650: bets $3
RAFAELO_440: folds
Uncalled bet ($3) returned to ct-650
ct-650 collected $11.76 from pot
*** SUMMARY ***
Total pot $12 | Rake $0.24
Board [Jd 8c Kd]
Seat 1: ct-650 (button) (small blind) collected ($11.76)
Seat 2: RAFAELO_440 (big blind) folded on the Flop


PokerStars Hand #145466972195:  Hold'em Limit ($3/$6 USD) - 2015/12/17 0:06:18 ET
Table 'Ymir II' 2-max Seat #2 is the button
Seat 1: ct-650 ($152.40 in chips)
Seat 2: RAFAELO_440 ($61.48 in chips)
RAFAELO_440: posts small blind $1
ct-650: posts big blind $3
*** HOLE CARDS ***
RAFAELO_440: raises $3 to $6
ct-650: raises $3 to $9
RAFAELO_440: calls $3
*** FLOP *** [Qh 2c 9s]
ct-650: bets $3
RAFAELO_440: calls $3
*** TURN *** [Qh 2c 9s] [2s]
ct-650: checks
RAFAELO_440: checks
*** RIVER *** [Qh 2c 9s 2s] [Js]
ct-650: checks
RAFAELO_440: bets $6
ct-650: calls $6
*** SHOW DOWN ***
RAFAELO_440: shows [7h Th] (a pair of Deuces)
ct-650: shows [As Kc] (a pair of Deuces - Ace kicker)
ct-650 collected $35.50 from pot
*** SUMMARY ***
Total pot $36 | Rake $0.50
Board [Qh 2c 9s 2s Js]
Seat 1: ct-650 (big blind) showed [As Kc] and won ($35.50) with a pair of Deuces
Seat 2: RAFAELO_440 (button) (small blind) showed [7h Th] and lost with a pair of Deuces


PokerStars Hand #145466959404:  Hold'em Limit ($3/$6 USD) - 2015/12/17 0:05:30 ET
Table 'Ymir II' 2-max Seat #1 is the button
Seat 1: ct-650 ($150.76 in chips)
Seat 2: RAFAELO_440 ($63.72 in chips)
ct-650: posts small blind $1
RAFAELO_440: posts big blind $3
*** HOLE CARDS ***
ct-650: raises $3 to $6
RAFAELO_440: calls $3
*** FLOP *** [3d Td 6h]
RAFAELO_440: checks
ct-650: bets $3
RAFAELO_440: calls $3
*** TURN *** [3d Td 6h] [4s]
RAFAELO_440: checks
ct-650: bets $6
RAFAELO_440: folds
Uncalled bet ($6) returned to ct-650
ct-650 collected $17.64 from pot
*** SUMMARY ***
Total pot $18 | Rake $0.36
Board [3d Td 6h 4s]
Seat 1: ct-650 (button) (small blind) collected ($17.64)
Seat 2: RAFAELO_440 (big blind) folded on the Turn


PokerStars Hand #145466962302:  Hold'em Limit ($3/$6 USD) - 2015/12/17 0:05:41 ET
Table 'Ymir II' 2-max Seat #2 is the button
Seat 1: ct-650 ($159.40 in chips)
Seat 2: RAFAELO_440 ($54.72 in chips)
RAFAELO_440: posts small blind $1
ct-650: posts big blind $3
*** HOLE CARDS ***
RAFAELO_440: raises $3 to $6
ct-650: calls $3
*** FLOP *** [Kc 2s 8c]
ct-650: checks
RAFAELO_440: checks
*** TURN *** [Kc 2s 8c] [Th]
ct-650: checks
RAFAELO_440: bets $6
ct-650: folds
Uncalled bet ($6) returned to RAFAELO_440
RAFAELO_440 collected $11.76 from pot
RAFAELO_440: doesn't show hand
*** SUMMARY ***
Total pot $12 | Rake $0.24
Board [Kc 2s 8c Th]
Seat 1: ct-650 (big blind) folded on the Turn
Seat 2: RAFAELO_440 (button) (small blind) collected ($11.76)


PokerStars Hand #145466970629:  Hold'em Limit ($3/$6 USD) - 2015/12/17 0:06:12 ET
Table 'Ymir II' 2-max Seat #1 is the button
Seat 1: ct-650 ($153.40 in chips)
Seat 2: RAFAELO_440 ($60.48 in chips)
ct-650: posts small blind $1
RAFAELO_440: posts big blind $3
*** HOLE CARDS ***
ct-650: folds
Uncalled bet ($2) returned to RAFAELO_440
RAFAELO_440 collected $2 from pot
RAFAELO_440: doesn't show hand
*** SUMMARY ***
Total pot $2 | Rake $0
Seat 1: ct-650 (button) (small blind) folded before Flop
Seat 2: RAFAELO_440 (big blind) collected ($2)


PokerStars Hand #145466980231:  Hold'em Limit ($3/$6 USD) - 2015/12/17 0:06:48 ET
Table 'Ymir II' 2-max Seat #2 is the button
Seat 1: ct-650 ($160.90 in chips)
Seat 2: RAFAELO_440 ($52.12 in chips)
RAFAELO_440: posts small blind $1
ct-650: posts big blind $3
*** HOLE CARDS ***
RAFAELO_440: raises $3 to $6
ct-650: folds
Uncalled bet ($3) returned to RAFAELO_440
RAFAELO_440 collected $6 from pot
RAFAELO_440: doesn't show hand
*** SUMMARY ***
Total pot $6 | Rake $0
Seat 1: ct-650 (big blind) folded before Flop
Seat 2: RAFAELO_440 (button) (small blind) collected ($6)


PokerStars Hand #145466976992:  Hold'em Limit ($3/$6 USD) - 2015/12/17 0:06:36 ET
Table 'Ymir II' 2-max Seat #1 is the button
Seat 1: ct-650 ($169.90 in chips)
Seat 2: RAFAELO_440 ($43.48 in chips)
ct-650: posts small blind $1
RAFAELO_440: posts big blind $3
*** HOLE CARDS ***
ct-650: raises $3 to $6
RAFAELO_440: raises $3 to $9
ct-650: calls $3
*** FLOP *** [Jd Qd Kc]
RAFAELO_440: bets $3
ct-650: folds
Uncalled bet ($3) returned to RAFAELO_440
RAFAELO_440 collected $17.64 from pot
RAFAELO_440: doesn't show hand
*** SUMMARY ***
Total pot $18 | Rake $0.36
Board [Jd Qd Kc]
Seat 1: ct-650 (button) (small blind) folded on the Flop
Seat 2: RAFAELO_440 (big blind) collected ($17.64)


PokerStars Hand #145466981971:  Hold'em Limit ($3/$6 USD) - 2015/12/17 0:06:55 ET
Table 'Ymir II' 2-max Seat #1 is the button
Seat 1: ct-650 ($157.90 in chips)
Seat 2: RAFAELO_440 ($55.12 in chips)
ct-650: posts small blind $1
RAFAELO_440: posts big blind $3
*** HOLE CARDS ***
ct-650: folds
Uncalled bet ($2) returned to RAFAELO_440
RAFAELO_440 collected $2 from pot
RAFAELO_440: doesn't show hand
*** SUMMARY ***
Total pot $2 | Rake $0
Seat 1: ct-650 (button) (small blind) folded before Flop
Seat 2: RAFAELO_440 (big blind) collected ($2)


PokerStars Hand #145466983408:  Hold'em Limit ($3/$6 USD) - 2015/12/17 0:07:00 ET
Table 'Ymir II' 2-max Seat #2 is the button
Seat 1: ct-650 ($156.90 in chips)
Seat 2: RAFAELO_440 ($56.12 in chips)
RAFAELO_440: posts small blind $1
ct-650: posts big blind $3
*** HOLE CARDS ***
RAFAELO_440: raises $3 to $6
ct-650: calls $3
*** FLOP *** [6s 4s 6c]
ct-650: checks
RAFAELO_440: checks
*** TURN *** [6s 4s 6c] [9s]
ct-650: checks
RAFAELO_440: checks
*** RIVER *** [6s 4s 6c 9s] [Ts]
ct-650: bets $6
RAFAELO_440: folds
Uncalled bet ($6) returned to ct-650
ct-650 collected $11.76 from pot
*** SUMMARY ***
Total pot $12 | Rake $0.24
Board [6s 4s 6c 9s Ts]
Seat 1: ct-650 (big blind) collected ($11.76)
Seat 2: RAFAELO_440 (button) (small blind) folded on the River


PokerStars Hand #145466996577:  Hold'em Limit ($3/$6 USD) - 2015/12/17 0:07:50 ET
Table 'Ymir II' 2-max Seat #1 is the button
Seat 1: ct-650 ($141.66 in chips)
Seat 2: RAFAELO_440 ($70.38 in chips)
ct-650: posts small blind $1
RAFAELO_440: posts big blind $3
*** HOLE CARDS ***
ct-650: folds
Uncalled bet ($2) returned to RAFAELO_440
RAFAELO_440 collected $2 from pot
RAFAELO_440: doesn't show hand
*** SUMMARY ***
Total pot $2 | Rake $0
Seat 1: ct-650 (button) (small blind) folded before Flop
Seat 2: RAFAELO_440 (big blind) collected ($2)


PokerStars Hand #145466991575:  Hold'em Limit ($3/$6 USD) - 2015/12/17 0:07:31 ET
Table 'Ymir II' 2-max Seat #2 is the button
Seat 1: ct-650 ($147.66 in chips)
Seat 2: RAFAELO_440 ($64.62 in chips)
RAFAELO_440: posts small blind $1
ct-650: posts big blind $3
*** HOLE CARDS ***
RAFAELO_440: raises $3 to $6
ct-650: calls $3
*** FLOP *** [6h Ad 7d]
ct-650: checks
RAFAELO_440: checks
*** TURN *** [6h Ad 7d] [Th]
ct-650: checks
RAFAELO_440: bets $6
ct-650: folds
Uncalled bet ($6) returned to RAFAELO_440
RAFAELO_440 collected $11.76 from pot
RAFAELO_440: doesn't show hand
*** SUMMARY ***
Total pot $12 | Rake $0.24
Board [6h Ad 7d Th]
Seat 1: ct-650 (big blind) folded on the Turn
Seat 2: RAFAELO_440 (button) (small blind) collected ($11.76)


PokerStars Hand #145466997920:  Hold'em Limit ($3/$6 USD) - 2015/12/17 0:07:55 ET
Table 'Ymir II' 2-max Seat #2 is the button
Seat 1: ct-650 ($140.66 in chips)
Seat 2: RAFAELO_440 ($71.38 in chips)
RAFAELO_440: posts small blind $1
ct-650: posts big blind $3
*** HOLE CARDS ***
RAFAELO_440: raises $3 to $6
ct-650: folds
Uncalled bet ($3) returned to RAFAELO_440
RAFAELO_440 collected $6 from pot
RAFAELO_440: doesn't show hand
*** SUMMARY ***
Total pot $6 | Rake $0
Seat 1: ct-650 (big blind) folded before Flop
Seat 2: RAFAELO_440 (button) (small blind) collected ($6)


PokerStars Hand #145467000359:  Hold'em Limit ($3/$6 USD) - 2015/12/17 0:08:04 ET
Table 'Ymir II' 2-max Seat #1 is the button
Seat 1: ct-650 ($137.66 in chips)
Seat 2: RAFAELO_440 ($74.38 in chips)
ct-650: posts small blind $1
RAFAELO_440: posts big blind $3
*** HOLE CARDS ***
ct-650: raises $3 to $6
RAFAELO_440: folds
Uncalled bet ($3) returned to ct-650
ct-650 collected $6 from pot
*** SUMMARY ***
Total pot $6 | Rake $0
Seat 1: ct-650 (button) (small blind) collected ($6)
Seat 2: RAFAELO_440 (big blind) folded before Flop


PokerStars Hand #145467002350:  Hold'em Limit ($3/$6 USD) - 2015/12/17 0:08:12 ET
Table 'Ymir II' 2-max Seat #2 is the button
Seat 1: ct-650 ($140.66 in chips)
Seat 2: RAFAELO_440 ($71.38 in chips)
RAFAELO_440: posts small blind $1
ct-650: posts big blind $3
*** HOLE CARDS ***
RAFAELO_440: raises $3 to $6
ct-650: calls $3
*** FLOP *** [6d 2s Qd]
ct-650: checks
RAFAELO_440: checks
*** TURN *** [6d 2s Qd] [Qs]
ct-650: bets $6
RAFAELO_440: calls $6
*** RIVER *** [6d 2s Qd Qs] [Kc]
ct-650: bets $6
RAFAELO_440: calls $6
*** SHOW DOWN ***
ct-650: shows [2h Jh] (two pair, Queens and Deuces)
RAFAELO_440: shows [Jc Ks] (two pair, Kings and Queens)
RAFAELO_440 collected $35.50 from pot
*** SUMMARY ***
Total pot $36 | Rake $0.50
Board [6d 2s Qd Qs Kc]
Seat 1: ct-650 (big blind) showed [2h Jh] and lost with two pair, Queens and Deuces
Seat 2: RAFAELO_440 (button) (small blind) showed [Jc Ks] and won ($35.50) with two pair, Kings and Queens


PokerStars Hand #145467008743:  Hold'em Limit ($3/$6 USD) - 2015/12/17 0:08:35 ET
Table 'Ymir II' 2-max Seat #1 is the button
Seat 1: ct-650 ($122.66 in chips)
Seat 2: RAFAELO_440 ($88.88 in chips)
ct-650: posts small blind $1
RAFAELO_440: posts big blind $3
*** HOLE CARDS ***
ct-650: raises $3 to $6
RAFAELO_440: calls $3
*** FLOP *** [Qh 7d 4c]
RAFAELO_440 is disconnected
RAFAELO_440 has timed out while disconnected
RAFAELO_440: checks
ct-650: bets $3
RAFAELO_440 is connected
RAFAELO_440 has timed out
RAFAELO_440: folds
Uncalled bet ($3) returned to ct-650
ct-650 collected $11.76 from pot
*** SUMMARY ***
Total pot $12 | Rake $0.24
Board [Qh 7d 4c]
Seat 1: ct-650 (button) (small blind) collected ($11.76)
Seat 2: RAFAELO_440 (big blind) folded on the Flop


PokerStars Hand #145467068699:  Hold'em Limit ($3/$6 USD) - 2015/12/17 0:12:23 ET
Table 'Ymir II' 2-max Seat #1 is the button
Seat 1: ct-650 ($122.42 in chips)
Seat 2: RAFAELO_440 ($88.64 in chips)
ct-650: posts small blind $1
RAFAELO_440: posts big blind $3
*** HOLE CARDS ***
ct-650: raises $3 to $6
RAFAELO_440: calls $3
*** FLOP *** [8d 4d Qh]
RAFAELO_440: checks
ct-650: bets $3
RAFAELO_440: folds
Uncalled bet ($3) returned to ct-650
ct-650 collected $11.76 from pot
*** SUMMARY ***
Total pot $12 | Rake $0.24
Board [8d 4d Qh]
Seat 1: ct-650 (button) (small blind) collected ($11.76)
Seat 2: RAFAELO_440 (big blind) folded on the Flop


PokerStars Hand #145467065884:  Hold'em Limit ($3/$6 USD) - 2015/12/17 0:12:12 ET
Table 'Ymir II' 2-max Seat #2 is the button
Seat 1: ct-650 ($128.42 in chips)
Seat 2: RAFAELO_440 ($82.88 in chips)
RAFAELO_440: posts small blind $1
ct-650: posts big blind $3
*** HOLE CARDS ***
RAFAELO_440: raises $3 to $6
ct-650: calls $3
*** FLOP *** [9c Kh Ac]
ct-650: checks
RAFAELO_440: bets $3
ct-650: folds
Uncalled bet ($3) returned to RAFAELO_440
RAFAELO_440 collected $11.76 from pot
RAFAELO_440: doesn't show hand
*** SUMMARY ***
Total pot $12 | Rake $0.24
Board [9c Kh Ac]
Seat 1: ct-650 (big blind) folded on the Flop
Seat 2: RAFAELO_440 (button) (small blind) collected ($11.76)


PokerStars Hand #145467070622:  Hold'em Limit ($3/$6 USD) - 2015/12/17 0:12:30 ET
Table 'Ymir II' 2-max Seat #2 is the button
Seat 1: ct-650 ($128.18 in chips)
Seat 2: RAFAELO_440 ($82.64 in chips)
RAFAELO_440: posts small blind $1
ct-650: posts big blind $3
*** HOLE CARDS ***
RAFAELO_440: raises $3 to $6
ct-650: calls $3
*** FLOP *** [9c Th 4s]
ct-650: checks
RAFAELO_440: bets $3
ct-650: raises $3 to $6
RAFAELO_440: calls $3
*** TURN *** [9c Th 4s] [Js]
ct-650: bets $6
RAFAELO_440: calls $6
*** RIVER *** [9c Th 4s Js] [6h]
ct-650: bets $6
RAFAELO_440: calls $6
*** SHOW DOWN ***
ct-650: shows [As 4h] (a pair of Fours)
RAFAELO_440: shows [9h Kh] (a pair of Nines)
RAFAELO_440 collected $47.50 from pot
*** SUMMARY ***
Total pot $48 | Rake $0.50
Board [9c Th 4s Js 6h]
Seat 1: ct-650 (big blind) showed [As 4h] and lost with a pair of Fours
Seat 2: RAFAELO_440 (button) (small blind) showed [9h Kh] and won ($47.50) with a pair of Nines


PokerStars Hand #145467084286:  Hold'em Limit ($3/$6 USD) - 2015/12/17 0:13:22 ET
Table 'Ymir II' 2-max Seat #2 is the button
Seat 1: ct-650 ($97.82 in chips)
Seat 2: RAFAELO_440 ($111.54 in chips)
RAFAELO_440: posts small blind $1
ct-650: posts big blind $3
*** HOLE CARDS ***
RAFAELO_440: calls $2
ct-650: raises $3 to $6
RAFAELO_440: calls $3
*** FLOP *** [2s Jd 6h]
ct-650: bets $3
RAFAELO_440: calls $3
*** TURN *** [2s Jd 6h] [2h]
ct-650: bets $6
RAFAELO_440: calls $6
*** RIVER *** [2s Jd 6h 2h] [3c]
ct-650: bets $6
RAFAELO_440: calls $6
*** SHOW DOWN ***
ct-650: shows [Qd Jc] (two pair, Jacks and Deuces)
RAFAELO_440: mucks hand
ct-650 collected $41.50 from pot
*** SUMMARY ***
Total pot $42 | Rake $0.50
Board [2s Jd 6h 2h 3c]
Seat 1: ct-650 (big blind) showed [Qd Jc] and won ($41.50) with two pair, Jacks and Deuces
Seat 2: RAFAELO_440 (button) (small blind) mucked


PokerStars Hand #145467080718:  Hold'em Limit ($3/$6 USD) - 2015/12/17 0:13:08 ET
Table 'Ymir II' 2-max Seat #1 is the button
Seat 1: ct-650 ($106.82 in chips)
Seat 2: RAFAELO_440 ($102.90 in chips)
ct-650: posts small blind $1
RAFAELO_440: posts big blind $3
*** HOLE CARDS ***
ct-650: raises $3 to $6
RAFAELO_440: calls $3
*** FLOP *** [9d Ah 8d]
RAFAELO_440: checks
ct-650: bets $3
RAFAELO_440: calls $3
*** TURN *** [9d Ah 8d] [5h]
RAFAELO_440: checks
ct-650: checks
*** RIVER *** [9d Ah 8d 5h] [2d]
RAFAELO_440: checks
ct-650: checks
*** SHOW DOWN ***
RAFAELO_440: shows [9c Th] (a pair of Nines)
ct-650: mucks hand
RAFAELO_440 collected $17.64 from pot
*** SUMMARY ***
Total pot $18 | Rake $0.36
Board [9d Ah 8d 5h 2d]
Seat 1: ct-650 (button) (small blind) mucked
Seat 2: RAFAELO_440 (big blind) showed [9c Th] and won ($17.64) with a pair of Nines


PokerStars Hand #145467077652:  Hold'em Limit ($3/$6 USD) - 2015/12/17 0:12:57 ET
Table 'Ymir II' 2-max Seat #2 is the button
Seat 1: ct-650 ($112.82 in chips)
Seat 2: RAFAELO_440 ($97.14 in chips)
RAFAELO_440: posts small blind $1
ct-650: posts big blind $3
*** HOLE CARDS ***
RAFAELO_440: raises $3 to $6
ct-650: calls $3
*** FLOP *** [Jc 5d 6c]
ct-650: checks
RAFAELO_440: bets $3
ct-650: folds
Uncalled bet ($3) returned to RAFAELO_440
RAFAELO_440 collected $11.76 from pot
RAFAELO_440: doesn't show hand
*** SUMMARY ***
Total pot $12 | Rake $0.24
Board [Jc 5d 6c]
Seat 1: ct-650 (big blind) folded on the Flop
Seat 2: RAFAELO_440 (button) (small blind) collected ($11.76)


PokerStars Hand #145467074468:  Hold'em Limit ($3/$6 USD) - 2015/12/17 0:12:45 ET
Table 'Ymir II' 2-max Seat #1 is the button
Seat 1: ct-650 ($104.18 in chips)
Seat 2: RAFAELO_440 ($106.14 in chips)
ct-650: posts small blind $1
RAFAELO_440: posts big blind $3
*** HOLE CARDS ***
ct-650: raises $3 to $6
RAFAELO_440: calls $3
*** FLOP *** [5c As Js]
RAFAELO_440: checks
ct-650: bets $3
RAFAELO_440: calls $3
*** TURN *** [5c As Js] [8d]
RAFAELO_440: checks
ct-650: bets $6
RAFAELO_440: folds
Uncalled bet ($6) returned to ct-650
ct-650 collected $17.64 from pot
*** SUMMARY ***
Total pot $18 | Rake $0.36
Board [5c As Js 8d]
Seat 1: ct-650 (button) (small blind) collected ($17.64)
Seat 2: RAFAELO_440 (big blind) folded on the Turn


PokerStars Hand #145467102313:  Hold'em Limit ($3/$6 USD) - 2015/12/17 0:14:31 ET
Table 'Ymir II' 2-max Seat #2 is the button
Seat 1: ct-650 ($139.34 in chips)
Seat 2: RAFAELO_440 ($68.06 in chips)
RAFAELO_440: posts small blind $1
ct-650: posts big blind $3
*** HOLE CARDS ***
RAFAELO_440: folds
Uncalled bet ($2) returned to ct-650
ct-650 collected $2 from pot
*** SUMMARY ***
Total pot $2 | Rake $0
Seat 1: ct-650 (big blind) collected ($2)
Seat 2: RAFAELO_440 (button) (small blind) folded before Flop


PokerStars Hand #145467098144:  Hold'em Limit ($3/$6 USD) - 2015/12/17 0:14:14 ET
Table 'Ymir II' 2-max Seat #1 is the button
Seat 1: ct-650 ($118.84 in chips)
Seat 2: RAFAELO_440 ($89.06 in chips)
ct-650: posts small blind $1
RAFAELO_440: posts big blind $3
*** HOLE CARDS ***
ct-650: raises $3 to $6
RAFAELO_440: calls $3
*** FLOP *** [2c 4c 7s]
RAFAELO_440: checks
ct-650: bets $3
RAFAELO_440: calls $3
*** TURN *** [2c 4c 7s] [Ks]
RAFAELO_440: checks
ct-650: bets $6
RAFAELO_440: raises $6 to $12
ct-650: calls $6
*** RIVER *** [2c 4c 7s Ks] [9c]
RAFAELO_440: checks
ct-650: bets $6
RAFAELO_440: folds
Uncalled bet ($6) returned to ct-650
ct-650 collected $41.50 from pot
*** SUMMARY ***
Total pot $42 | Rake $0.50
Board [2c 4c 7s Ks 9c]
Seat 1: ct-650 (button) (small blind) collected ($41.50)
Seat 2: RAFAELO_440 (big blind) folded on the River


PokerStars Hand #145467096949:  Hold'em Limit ($3/$6 USD) - 2015/12/17 0:14:10 ET
Table 'Ymir II' 2-max Seat #2 is the button
Seat 1: ct-650 ($117.84 in chips)
Seat 2: RAFAELO_440 ($90.06 in chips)
RAFAELO_440: posts small blind $1
ct-650: posts big blind $3
*** HOLE CARDS ***
RAFAELO_440: folds
Uncalled bet ($2) returned to ct-650
ct-650 collected $2 from pot
*** SUMMARY ***
Total pot $2 | Rake $0
Seat 1: ct-650 (big blind) collected ($2)
Seat 2: RAFAELO_440 (button) (small blind) folded before Flop


PokerStars Hand #145467095136:  Hold'em Limit ($3/$6 USD) - 2015/12/17 0:14:03 ET
Table 'Ymir II' 2-max Seat #1 is the button
Seat 1: ct-650 ($112.08 in chips)
Seat 2: RAFAELO_440 ($96.06 in chips)
ct-650: posts small blind $1
RAFAELO_440: posts big blind $3
*** HOLE CARDS ***
ct-650: raises $3 to $6
RAFAELO_440: calls $3
*** FLOP *** [2h Kh 8d]
RAFAELO_440: checks
ct-650: bets $3
RAFAELO_440: folds
Uncalled bet ($3) returned to ct-650
ct-650 collected $11.76 from pot
*** SUMMARY ***
Total pot $12 | Rake $0.24
Board [2h Kh 8d]
Seat 1: ct-650 (button) (small blind) collected ($11.76)
Seat 2: RAFAELO_440 (big blind) folded on the Flop


PokerStars Hand #145467088380:  Hold'em Limit ($3/$6 USD) - 2015/12/17 0:13:37 ET
Table 'Ymir II' 2-max Seat #1 is the button
Seat 1: ct-650 ($118.32 in chips)
Seat 2: RAFAELO_440 ($90.54 in chips)
ct-650: posts small blind $1
RAFAELO_440: posts big blind $3
*** HOLE CARDS ***
ct-650: raises $3 to $6
RAFAELO_440: raises $3 to $9
ct-650: calls $3
*** FLOP *** [6d 3c Ad]
RAFAELO_440: bets $3
ct-650: calls $3
*** TURN *** [6d 3c Ad] [Jc]
RAFAELO_440: checks
ct-650: checks
*** RIVER *** [6d 3c Ad Jc] [9d]
RAFAELO_440: bets $6
ct-650: folds
Uncalled bet ($6) returned to RAFAELO_440
RAFAELO_440 collected $23.52 from pot
RAFAELO_440: doesn't show hand
*** SUMMARY ***
Total pot $24 | Rake $0.48
Board [6d 3c Ad Jc 9d]
Seat 1: ct-650 (button) (small blind) folded on the River
Seat 2: RAFAELO_440 (big blind) collected ($23.52)


PokerStars Hand #145467109994:  Hold'em Limit ($3/$6 USD) - 2015/12/17 0:14:59 ET
Table 'Ymir II' 2-max Seat #2 is the button
Seat 1: ct-650 ($150.84 in chips)
Seat 2: RAFAELO_440 ($56.06 in chips)
RAFAELO_440: posts small blind $1
ct-650: posts big blind $3
*** HOLE CARDS ***
RAFAELO_440: raises $3 to $6
ct-650: calls $3
*** FLOP *** [Ah 3d 5h]
ct-650: checks
RAFAELO_440: bets $3
ct-650: raises $3 to $6
RAFAELO_440: calls $3
*** TURN *** [Ah 3d 5h] [5c]
ct-650: bets $6
RAFAELO_440: calls $6
*** RIVER *** [Ah 3d 5h 5c] [3s]
ct-650: bets $6
RAFAELO_440: calls $6
*** SHOW DOWN ***
ct-650: shows [Ac 4d] (two pair, Aces and Fives)
RAFAELO_440: mucks hand
ct-650 collected $47.50 from pot
*** SUMMARY ***
Total pot $48 | Rake $0.50
Board [Ah 3d 5h 5c 3s]
Seat 1: ct-650 (big blind) showed [Ac 4d] and won ($47.50) with two pair, Aces and Fives
Seat 2: RAFAELO_440 (button) (small blind) mucked


PokerStars Hand #145467108445:  Hold'em Limit ($3/$6 USD) - 2015/12/17 0:14:54 ET
Table 'Ymir II' 2-max Seat #1 is the button
Seat 1: ct-650 ($151.84 in chips)
Seat 2: RAFAELO_440 ($55.06 in chips)
ct-650: posts small blind $1
RAFAELO_440: posts big blind $3
*** HOLE CARDS ***
ct-650: folds
Uncalled bet ($2) returned to RAFAELO_440
RAFAELO_440 collected $2 from pot
RAFAELO_440: doesn't show hand
*** SUMMARY ***
Total pot $2 | Rake $0
Seat 1: ct-650 (button) (small blind) folded before Flop
Seat 2: RAFAELO_440 (big blind) collected ($2)


PokerStars Hand #145467106729:  Hold'em Limit ($3/$6 USD) - 2015/12/17 0:14:47 ET
Table 'Ymir II' 2-max Seat #2 is the button
Seat 1: ct-650 ($154.84 in chips)
Seat 2: RAFAELO_440 ($52.06 in chips)
RAFAELO_440: posts small blind $1
ct-650: posts big blind $3
*** HOLE CARDS ***
RAFAELO_440: raises $3 to $6
ct-650: folds
Uncalled bet ($3) returned to RAFAELO_440
RAFAELO_440 collected $6 from pot
RAFAELO_440: doesn't show hand
*** SUMMARY ***
Total pot $6 | Rake $0
Seat 1: ct-650 (big blind) folded before Flop
Seat 2: RAFAELO_440 (button) (small blind) collected ($6)


PokerStars Hand #145467103490:  Hold'em Limit ($3/$6 USD) - 2015/12/17 0:14:35 ET
Table 'Ymir II' 2-max Seat #1 is the button
Seat 1: ct-650 ($140.34 in chips)
Seat 2: RAFAELO_440 ($67.06 in chips)
ct-650: posts small blind $1
RAFAELO_440: posts big blind $3
*** HOLE CARDS ***
ct-650: raises $3 to $6
RAFAELO_440: calls $3
*** FLOP *** [9c 5s Kc]
RAFAELO_440: checks
ct-650: bets $3
RAFAELO_440: calls $3
*** TURN *** [9c 5s Kc] [Ts]
RAFAELO_440: checks
ct-650: checks
*** RIVER *** [9c 5s Kc Ts] [8s]
RAFAELO_440: checks
ct-650: bets $6
RAFAELO_440: calls $6
*** SHOW DOWN ***
ct-650: shows [Qs 3s] (a flush, Queen high)
RAFAELO_440: mucks hand
ct-650 collected $29.50 from pot
*** SUMMARY ***
Total pot $30 | Rake $0.50
Board [9c 5s Kc Ts 8s]
Seat 1: ct-650 (button) (small blind) showed [Qs 3s] and won ($29.50) with a flush, Queen high
Seat 2: RAFAELO_440 (big blind) mucked


PokerStars Hand #145467130386:  Hold'em Limit ($3/$6 USD) - 2015/12/17 0:16:18 ET
Table 'Ymir II' 2-max Seat #1 is the button
Seat 1: ct-650 ($176.86 in chips)
Seat 2: RAFAELO_440 ($28.70 in chips)
ct-650: posts small blind $1
RAFAELO_440: posts big blind $3
*** HOLE CARDS ***
ct-650: folds
Uncalled bet ($2) returned to RAFAELO_440
RAFAELO_440 collected $2 from pot
RAFAELO_440: doesn't show hand
*** SUMMARY ***
Total pot $2 | Rake $0
Seat 1: ct-650 (button) (small blind) folded before Flop
Seat 2: RAFAELO_440 (big blind) collected ($2)


PokerStars Hand #145467124810:  Hold'em Limit ($3/$6 USD) - 2015/12/17 0:15:56 ET
Table 'Ymir II' 2-max Seat #2 is the button
Seat 1: ct-650 ($165.34 in chips)
Seat 2: RAFAELO_440 ($40.70 in chips)
RAFAELO_440: posts small blind $1
ct-650: posts big blind $3
*** HOLE CARDS ***
RAFAELO_440: raises $3 to $6
ct-650: calls $3
*** FLOP *** [Kc 9d 8d]
ct-650: checks
RAFAELO_440: checks
*** TURN *** [Kc 9d 8d] [4c]
ct-650: bets $6
RAFAELO_440: calls $6
*** RIVER *** [Kc 9d 8d 4c] [Ks]
ct-650: bets $6
RAFAELO_440: folds
Uncalled bet ($6) returned to ct-650
ct-650 collected $23.52 from pot
*** SUMMARY ***
Total pot $24 | Rake $0.48
Board [Kc 9d 8d 4c Ks]
Seat 1: ct-650 (big blind) collected ($23.52)
Seat 2: RAFAELO_440 (button) (small blind) folded on the River


PokerStars Hand #145467115781:  Hold'em Limit ($3/$6 USD) - 2015/12/17 0:15:22 ET
Table 'Ymir II' 2-max Seat #1 is the button
Seat 1: ct-650 ($174.34 in chips)
Seat 2: RAFAELO_440 ($32.06 in chips)
ct-650: posts small blind $1
RAFAELO_440: posts big blind $3
*** HOLE CARDS ***
ct-650: raises $3 to $6
RAFAELO_440: calls $3
*** FLOP *** [Kd 7d 2c]
RAFAELO_440: checks
ct-650: bets $3
RAFAELO_440: raises $3 to $6
ct-650: folds
Uncalled bet ($3) returned to RAFAELO_440
RAFAELO_440 collected $17.64 from pot
RAFAELO_440: doesn't show hand
*** SUMMARY ***
Total pot $18 | Rake $0.36
Board [Kd 7d 2c]
Seat 1: ct-650 (button) (small blind) folded on the Flop
Seat 2: RAFAELO_440 (big blind) collected ($17.64)


PokerStars Hand #145467149720:  Hold'em Limit ($3/$6 USD) - 2015/12/17 0:17:31 ET
Table 'Ymir II' 2-max Seat #2 is the button
Seat 1: ct-650 ($186.52 in chips)
Seat 2: RAFAELO_440 ($16.72 in chips)
RAFAELO_440: posts small blind $1
ct-650: posts big blind $3
*** HOLE CARDS ***
RAFAELO_440: raises $3 to $6
ct-650: calls $3
*** FLOP *** [8d Jd Tc]
ct-650: checks
RAFAELO_440: bets $3
ct-650: folds
Uncalled bet ($3) returned to RAFAELO_440
RAFAELO_440 collected $11.76 from pot
RAFAELO_440: doesn't show hand
*** SUMMARY ***
Total pot $12 | Rake $0.24
Board [8d Jd Tc]
Seat 1: ct-650 (big blind) folded on the Flop
Seat 2: RAFAELO_440 (button) (small blind) collected ($11.76)


PokerStars Hand #145467147849:  Hold'em Limit ($3/$6 USD) - 2015/12/17 0:17:24 ET
Table 'Ymir II' 2-max Seat #1 is the button
Seat 1: ct-650 ($180.76 in chips)
Seat 2: RAFAELO_440 ($22.72 in chips)
ct-650: posts small blind $1
RAFAELO_440: posts big blind $3
*** HOLE CARDS ***
ct-650: raises $3 to $6
RAFAELO_440: calls $3
*** FLOP *** [3c 2h As]
RAFAELO_440: checks
ct-650: bets $3
RAFAELO_440: folds
Uncalled bet ($3) returned to ct-650
ct-650 collected $11.76 from pot
*** SUMMARY ***
Total pot $12 | Rake $0.24
Board [3c 2h As]
Seat 1: ct-650 (button) (small blind) collected ($11.76)
Seat 2: RAFAELO_440 (big blind) folded on the Flop


PokerStars Hand #145467142560:  Hold'em Limit ($3/$6 USD) - 2015/12/17 0:17:04 ET
Table 'Ymir II' 2-max Seat #1 is the button
Seat 1: ct-650 ($172.36 in chips)
Seat 2: RAFAELO_440 ($31.96 in chips)
ct-650: posts small blind $1
RAFAELO_440: posts big blind $3
*** HOLE CARDS ***
ct-650: raises $3 to $6
RAFAELO_440: calls $3
*** FLOP *** [Ks Jd 8s]
RAFAELO_440: checks
ct-650: checks
*** TURN *** [Ks Jd 8s] [7d]
RAFAELO_440: checks
ct-650: checks
*** RIVER *** [Ks Jd 8s 7d] [Qh]
RAFAELO_440: bets $6
ct-650: calls $6
*** SHOW DOWN ***
RAFAELO_440: shows [5c Qs] (a pair of Queens)
ct-650: shows [Qc 6h] (a pair of Queens)
RAFAELO_440 collected $11.76 from pot
ct-650 collected $11.76 from pot
*** SUMMARY ***
Total pot $24 | Rake $0.48
Board [Ks Jd 8s 7d Qh]
Seat 1: ct-650 (button) (small blind) showed [Qc 6h] and won ($11.76) with a pair of Queens
Seat 2: RAFAELO_440 (big blind) showed [5c Qs] and won ($11.76) with a pair of Queens


PokerStars Hand #145467139812:  Hold'em Limit ($3/$6 USD) - 2015/12/17 0:16:54 ET
Table 'Ymir II' 2-max Seat #2 is the button
Seat 1: ct-650 ($178.36 in chips)
Seat 2: RAFAELO_440 ($26.20 in chips)
RAFAELO_440: posts small blind $1
ct-650: posts big blind $3
*** HOLE CARDS ***
RAFAELO_440: raises $3 to $6
ct-650: calls $3
*** FLOP *** [9c Ts Th]
ct-650: checks
RAFAELO_440: checks
*** TURN *** [9c Ts Th] [Kc]
ct-650: checks
RAFAELO_440: bets $6
ct-650: folds
Uncalled bet ($6) returned to RAFAELO_440
RAFAELO_440 collected $11.76 from pot
RAFAELO_440: doesn't show hand
*** SUMMARY ***
Total pot $12 | Rake $0.24
Board [9c Ts Th Kc]
Seat 1: ct-650 (big blind) folded on the Turn
Seat 2: RAFAELO_440 (button) (small blind) collected ($11.76)


PokerStars Hand #145467136561:  Hold'em Limit ($3/$6 USD) - 2015/12/17 0:16:41 ET
Table 'Ymir II' 2-max Seat #1 is the button
Seat 1: ct-650 ($157.86 in chips)
Seat 2: RAFAELO_440 ($47.20 in chips)
ct-650: posts small blind $1
RAFAELO_440: posts big blind $3
*** HOLE CARDS ***
ct-650: raises $3 to $6
RAFAELO_440: calls $3
*** FLOP *** [4d 8s 5d]
RAFAELO_440: checks
ct-650: bets $3
RAFAELO_440: calls $3
*** TURN *** [4d 8s 5d] [8c]
RAFAELO_440: checks
ct-650: bets $6
RAFAELO_440: calls $6
*** RIVER *** [4d 8s 5d 8c] [Ac]
RAFAELO_440: checks
ct-650: bets $6
RAFAELO_440: calls $6
*** SHOW DOWN ***
ct-650: shows [5c 5s] (a full house, Fives full of Eights)
RAFAELO_440: mucks hand
ct-650 collected $41.50 from pot
*** SUMMARY ***
Total pot $42 | Rake $0.50
Board [4d 8s 5d 8c Ac]
Seat 1: ct-650 (button) (small blind) showed [5c 5s] and won ($41.50) with a full house, Fives full of Eights
Seat 2: RAFAELO_440 (big blind) mucked


PokerStars Hand #145467131805:  Hold'em Limit ($3/$6 USD) - 2015/12/17 0:16:23 ET
Table 'Ymir II' 2-max Seat #2 is the button
Seat 1: ct-650 ($175.86 in chips)
Seat 2: RAFAELO_440 ($29.70 in chips)
RAFAELO_440: posts small blind $1
ct-650: posts big blind $3
*** HOLE CARDS ***
RAFAELO_440: raises $3 to $6
ct-650: calls $3
*** FLOP *** [4d Ad 8c]
ct-650: checks
RAFAELO_440: bets $3
ct-650: raises $3 to $6
RAFAELO_440: calls $3
*** TURN *** [4d Ad 8c] [Ah]
ct-650: checks
RAFAELO_440: bets $6
ct-650: calls $6
*** RIVER *** [4d Ad 8c Ah] [Tc]
ct-650: checks
RAFAELO_440: bets $6
ct-650: folds
Uncalled bet ($6) returned to RAFAELO_440
RAFAELO_440 collected $35.50 from pot
RAFAELO_440: doesn't show hand
*** SUMMARY ***
Total pot $36 | Rake $0.50
Board [4d Ad 8c Ah Tc]
Seat 1: ct-650 (big blind) folded on the River
Seat 2: RAFAELO_440 (button) (small blind) collected ($35.50)


PokerStars Hand #145467164215:  Hold'em Limit ($3/$6 USD) - 2015/12/17 0:18:26 ET
Table 'Ymir II' 2-max Seat #2 is the button
Seat 1: ct-650 ($168.80 in chips)
Seat 2: RAFAELO_440 ($33.46 in chips)
RAFAELO_440: posts small blind $1
ct-650: posts big blind $3
*** HOLE CARDS ***
RAFAELO_440: folds
Uncalled bet ($2) returned to ct-650
ct-650 collected $2 from pot
*** SUMMARY ***
Total pot $2 | Rake $0
Seat 1: ct-650 (big blind) collected ($2)
Seat 2: RAFAELO_440 (button) (small blind) folded before Flop


PokerStars Hand #145467163043:  Hold'em Limit ($3/$6 USD) - 2015/12/17 0:18:22 ET
Table 'Ymir II' 2-max Seat #1 is the button
Seat 1: ct-650 ($169.80 in chips)
Seat 2: RAFAELO_440 ($32.46 in chips)
ct-650: posts small blind $1
RAFAELO_440: posts big blind $3
*** HOLE CARDS ***
ct-650: folds
Uncalled bet ($2) returned to RAFAELO_440
RAFAELO_440 collected $2 from pot
RAFAELO_440: doesn't show hand
*** SUMMARY ***
Total pot $2 | Rake $0
Seat 1: ct-650 (button) (small blind) folded before Flop
Seat 2: RAFAELO_440 (big blind) collected ($2)


PokerStars Hand #145467156603:  Hold'em Limit ($3/$6 USD) - 2015/12/17 0:17:58 ET
Table 'Ymir II' 2-max Seat #2 is the button
Seat 1: ct-650 ($186.28 in chips)
Seat 2: RAFAELO_440 ($16.48 in chips)
RAFAELO_440: posts small blind $1
ct-650: posts big blind $3
*** HOLE CARDS ***
RAFAELO_440: raises $3 to $6
ct-650: calls $3
*** FLOP *** [8d 5s Ac]
ct-650: checks
RAFAELO_440: bets $3
ct-650: calls $3
*** TURN *** [8d 5s Ac] [9h]
ct-650: checks
RAFAELO_440: bets $6
ct-650: calls $6
*** RIVER *** [8d 5s Ac 9h] [2c]
ct-650: checks
RAFAELO_440: bets $1.48 and is all-in
ct-650: calls $1.48
*** SHOW DOWN ***
RAFAELO_440: shows [Qh Js] (high card Ace)
ct-650: shows [Tc Qd] (high card Ace - lower kicker)
RAFAELO_440 collected $32.46 from pot
*** SUMMARY ***
Total pot $32.96 | Rake $0.50
Board [8d 5s Ac 9h 2c]
Seat 1: ct-650 (big blind) showed [Tc Qd] and lost with high card Ace
Seat 2: RAFAELO_440 (button) (small blind) showed [Qh Js] and won ($32.46) with high card Ace


PokerStars Hand #145467155500:  Hold'em Limit ($3/$6 USD) - 2015/12/17 0:17:54 ET
Table 'Ymir II' 2-max Seat #1 is the button
Seat 1: ct-650 ($187.28 in chips)
Seat 2: RAFAELO_440 ($15.48 in chips)
ct-650: posts small blind $1
RAFAELO_440: posts big blind $3
*** HOLE CARDS ***
ct-650: folds
Uncalled bet ($2) returned to RAFAELO_440
RAFAELO_440 collected $2 from pot
RAFAELO_440: doesn't show hand
*** SUMMARY ***
Total pot $2 | Rake $0
Seat 1: ct-650 (button) (small blind) folded before Flop
Seat 2: RAFAELO_440 (big blind) collected ($2)


PokerStars Hand #145467154250:  Hold'em Limit ($3/$6 USD) - 2015/12/17 0:17:49 ET
Table 'Ymir II' 2-max Seat #2 is the button
Seat 1: ct-650 ($186.28 in chips)
Seat 2: RAFAELO_440 ($16.48 in chips)
RAFAELO_440: posts small blind $1
ct-650: posts big blind $3
*** HOLE CARDS ***
RAFAELO_440: folds
Uncalled bet ($2) returned to ct-650
ct-650 collected $2 from pot
*** SUMMARY ***
Total pot $2 | Rake $0
Seat 1: ct-650 (big blind) collected ($2)
Seat 2: RAFAELO_440 (button) (small blind) folded before Flop


PokerStars Hand #145467151942:  Hold'em Limit ($3/$6 USD) - 2015/12/17 0:17:40 ET
Table 'Ymir II' 2-max Seat #1 is the button
Seat 1: ct-650 ($180.52 in chips)
Seat 2: RAFAELO_440 ($22.48 in chips)
ct-650: posts small blind $1
RAFAELO_440: posts big blind $3
*** HOLE CARDS ***
ct-650: raises $3 to $6
RAFAELO_440: calls $3
*** FLOP *** [7d Kc 7s]
RAFAELO_440: checks
ct-650: checks
*** TURN *** [7d Kc 7s] [5s]
RAFAELO_440: checks
ct-650: bets $6
RAFAELO_440: folds
Uncalled bet ($6) returned to ct-650
ct-650 collected $11.76 from pot
*** SUMMARY ***
Total pot $12 | Rake $0.24
Board [7d Kc 7s 5s]
Seat 1: ct-650 (button) (small blind) collected ($11.76)
Seat 2: RAFAELO_440 (big blind) folded on the Turn


PokerStars Hand #145467180752:  Hold'em Limit ($3/$6 USD) - 2015/12/17 0:19:30 ET
Table 'Ymir II' 2-max Seat #2 is the button
Seat 1: ct-650 ($181.36 in chips)
Seat 2: RAFAELO_440 ($19.46 in chips)
RAFAELO_440: posts small blind $1
ct-650: posts big blind $3
*** HOLE CARDS ***
RAFAELO_440: raises $3 to $6
ct-650: calls $3
*** FLOP *** [6c 2c Th]
ct-650: checks
RAFAELO_440: bets $3
ct-650: calls $3
*** TURN *** [6c 2c Th] [Ad]
ct-650: checks
RAFAELO_440: bets $6
ct-650: folds
Uncalled bet ($6) returned to RAFAELO_440
RAFAELO_440 collected $17.64 from pot
RAFAELO_440: doesn't show hand
*** SUMMARY ***
Total pot $18 | Rake $0.36
Board [6c 2c Th Ad]
Seat 1: ct-650 (big blind) folded on the Turn
Seat 2: RAFAELO_440 (button) (small blind) collected ($17.64)


PokerStars Hand #145467178769:  Hold'em Limit ($3/$6 USD) - 2015/12/17 0:19:22 ET
Table 'Ymir II' 2-max Seat #1 is the button
Seat 1: ct-650 ($175.60 in chips)
Seat 2: RAFAELO_440 ($25.46 in chips)
ct-650: posts small blind $1
RAFAELO_440: posts big blind $3
*** HOLE CARDS ***
ct-650: raises $3 to $6
RAFAELO_440: calls $3
*** FLOP *** [9c 3c Kc]
RAFAELO_440: checks
ct-650: bets $3
RAFAELO_440: folds
Uncalled bet ($3) returned to ct-650
ct-650 collected $11.76 from pot
*** SUMMARY ***
Total pot $12 | Rake $0.24
Board [9c 3c Kc]
Seat 1: ct-650 (button) (small blind) collected ($11.76)
Seat 2: RAFAELO_440 (big blind) folded on the Flop


PokerStars Hand #145467177508:  Hold'em Limit ($3/$6 USD) - 2015/12/17 0:19:18 ET
Table 'Ymir II' 2-max Seat #2 is the button
Seat 1: ct-650 ($178.60 in chips)
Seat 2: RAFAELO_440 ($22.46 in chips)
RAFAELO_440: posts small blind $1
ct-650: posts big blind $3
*** HOLE CARDS ***
RAFAELO_440: raises $3 to $6
ct-650: folds
Uncalled bet ($3) returned to RAFAELO_440
RAFAELO_440 collected $6 from pot
RAFAELO_440: doesn't show hand
*** SUMMARY ***
Total pot $6 | Rake $0
Seat 1: ct-650 (big blind) folded before Flop
Seat 2: RAFAELO_440 (button) (small blind) collected ($6)


PokerStars Hand #145467173790:  Hold'em Limit ($3/$6 USD) - 2015/12/17 0:19:03 ET
Table 'Ymir II' 2-max Seat #1 is the button
Seat 1: ct-650 ($190.06 in chips)
Seat 2: RAFAELO_440 ($11.46 in chips)
ct-650: posts small blind $1
RAFAELO_440: posts big blind $3
*** HOLE CARDS ***
ct-650: raises $3 to $6
RAFAELO_440: raises $3 to $9
ct-650: calls $3
*** FLOP *** [5s Js 4d]
RAFAELO_440: bets $2.46 and is all-in
ct-650: calls $2.46
*** TURN *** [5s Js 4d] [7s]
*** RIVER *** [5s Js 4d 7s] [Kh]
*** SHOW DOWN ***
RAFAELO_440: shows [Ts 4s] (a flush, Jack high)
ct-650: shows [3h 3s] (a pair of Threes)
RAFAELO_440 collected $22.46 from pot
*** SUMMARY ***
Total pot $22.92 | Rake $0.46
Board [5s Js 4d 7s Kh]
Seat 1: ct-650 (button) (small blind) showed [3h 3s] and lost with a pair of Threes
Seat 2: RAFAELO_440 (big blind) showed [Ts 4s] and won ($22.46) with a flush, Jack high


PokerStars Hand #145467170897:  Hold'em Limit ($3/$6 USD) - 2015/12/17 0:18:52 ET
Table 'Ymir II' 2-max Seat #2 is the button
Seat 1: ct-650 ($184.30 in chips)
Seat 2: RAFAELO_440 ($17.46 in chips)
RAFAELO_440: posts small blind $1
ct-650: posts big blind $3
*** HOLE CARDS ***
RAFAELO_440: raises $3 to $6
ct-650: calls $3
*** FLOP *** [Qh 3c 2s]
ct-650: checks
RAFAELO_440: checks
*** TURN *** [Qh 3c 2s] [3s]
ct-650: bets $6
RAFAELO_440: folds
Uncalled bet ($6) returned to ct-650
ct-650 collected $11.76 from pot
*** SUMMARY ***
Total pot $12 | Rake $0.24
Board [Qh 3c 2s 3s]
Seat 1: ct-650 (big blind) collected ($11.76)
Seat 2: RAFAELO_440 (button) (small blind) folded on the Turn


PokerStars Hand #145467169569:  Hold'em Limit ($3/$6 USD) - 2015/12/17 0:18:47 ET
Table 'Ymir II' 2-max Seat #1 is the button
Seat 1: ct-650 ($185.30 in chips)
Seat 2: RAFAELO_440 ($16.46 in chips)
ct-650: posts small blind $1
RAFAELO_440: posts big blind $3
*** HOLE CARDS ***
ct-650: folds
Uncalled bet ($2) returned to RAFAELO_440
RAFAELO_440 collected $2 from pot
RAFAELO_440: doesn't show hand
*** SUMMARY ***
Total pot $2 | Rake $0
Seat 1: ct-650 (button) (small blind) folded before Flop
Seat 2: RAFAELO_440 (big blind) collected ($2)


PokerStars Hand #145467168356:  Hold'em Limit ($3/$6 USD) - 2015/12/17 0:18:42 ET
Table 'Ymir II' 2-max Seat #2 is the button
Seat 1: ct-650 ($184.30 in chips)
Seat 2: RAFAELO_440 ($17.46 in chips)
RAFAELO_440: posts small blind $1
ct-650: posts big blind $3
*** HOLE CARDS ***
RAFAELO_440: folds
Uncalled bet ($2) returned to ct-650
ct-650 collected $2 from pot
*** SUMMARY ***
Total pot $2 | Rake $0
Seat 1: ct-650 (big blind) collected ($2)
Seat 2: RAFAELO_440 (button) (small blind) folded before Flop


PokerStars Hand #145467165397:  Hold'em Limit ($3/$6 USD) - 2015/12/17 0:18:31 ET
Table 'Ymir II' 2-max Seat #1 is the button
Seat 1: ct-650 ($169.80 in chips)
Seat 2: RAFAELO_440 ($32.46 in chips)
ct-650: posts small blind $1
RAFAELO_440: posts big blind $3
*** HOLE CARDS ***
ct-650: raises $3 to $6
RAFAELO_440: calls $3
*** FLOP *** [Ks 4h 3d]
RAFAELO_440: checks
ct-650: bets $3
RAFAELO_440: calls $3
*** TURN *** [Ks 4h 3d] [8d]
RAFAELO_440: checks
ct-650: bets $6
RAFAELO_440: calls $6
*** RIVER *** [Ks 4h 3d 8d] [Kd]
RAFAELO_440: checks
ct-650: bets $6
RAFAELO_440: folds
Uncalled bet ($6) returned to ct-650
ct-650 collected $29.50 from pot
*** SUMMARY ***
Total pot $30 | Rake $0.50
Board [Ks 4h 3d 8d Kd]
Seat 1: ct-650 (button) (small blind) collected ($29.50)
Seat 2: RAFAELO_440 (big blind) folded on the River


PokerStars Hand #145467183784:  Hold'em Limit ($3/$6 USD) - 2015/12/17 0:19:42 ET
Table 'Ymir II' 2-max Seat #1 is the button
Seat 1: ct-650 ($172.36 in chips)
Seat 2: RAFAELO_440 ($28.10 in chips)
ct-650: posts small blind $1
RAFAELO_440: posts big blind $3
*** HOLE CARDS ***
ct-650: folds
Uncalled bet ($2) returned to RAFAELO_440
RAFAELO_440 collected $2 from pot
RAFAELO_440: doesn't show hand
*** SUMMARY ***
Total pot $2 | Rake $0
Seat 1: ct-650 (button) (small blind) folded before Flop
Seat 2: RAFAELO_440 (big blind) collected ($2)


PokerStars Hand #145467194473:  Hold'em Limit ($3/$6 USD) - 2015/12/17 0:20:23 ET
Table 'Ymir II' 2-max Seat #2 is the button
Seat 1: ct-650 ($177 in chips)
Seat 2: RAFAELO_440 ($22.98 in chips)
RAFAELO_440: posts small blind $1
ct-650: posts big blind $3
*** HOLE CARDS ***
RAFAELO_440: raises $3 to $6
ct-650: calls $3
*** FLOP *** [4s As Qd]
ct-650: checks
RAFAELO_440: checks
*** TURN *** [4s As Qd] [5d]
ct-650: bets $6
RAFAELO_440: folds
Uncalled bet ($6) returned to ct-650
ct-650 collected $11.76 from pot
*** SUMMARY ***
Total pot $12 | Rake $0.24
Board [4s As Qd 5d]
Seat 1: ct-650 (big blind) collected ($11.76)
Seat 2: RAFAELO_440 (button) (small blind) folded on the Turn


PokerStars Hand #145467189281:  Hold'em Limit ($3/$6 USD) - 2015/12/17 0:20:03 ET
Table 'Ymir II' 2-max Seat #1 is the button
Seat 1: ct-650 ($168.36 in chips)
Seat 2: RAFAELO_440 ($31.98 in chips)
ct-650: posts small blind $1
RAFAELO_440: posts big blind $3
*** HOLE CARDS ***
ct-650: raises $3 to $6
RAFAELO_440: calls $3
*** FLOP *** [6c 6h 3d]
RAFAELO_440: checks
ct-650: bets $3
RAFAELO_440: calls $3
*** TURN *** [6c 6h 3d] [9c]
RAFAELO_440: checks
ct-650: bets $6
RAFAELO_440: folds
Uncalled bet ($6) returned to ct-650
ct-650 collected $17.64 from pot
*** SUMMARY ***
Total pot $18 | Rake $0.36
Board [6c 6h 3d 9c]
Seat 1: ct-650 (button) (small blind) collected ($17.64)
Seat 2: RAFAELO_440 (big blind) folded on the Turn


PokerStars Hand #145467184910:  Hold'em Limit ($3/$6 USD) - 2015/12/17 0:19:46 ET
Table 'Ymir II' 2-max Seat #2 is the button
Seat 1: ct-650 ($171.36 in chips)
Seat 2: RAFAELO_440 ($29.10 in chips)
RAFAELO_440: posts small blind $1
ct-650: posts big blind $3
*** HOLE CARDS ***
RAFAELO_440: calls $2
ct-650: checks
*** FLOP *** [4h Tc 9c]
ct-650: checks
RAFAELO_440: checks
*** TURN *** [4h Tc 9c] [As]
ct-650: checks
RAFAELO_440: checks
*** RIVER *** [4h Tc 9c As] [6h]
ct-650: checks
RAFAELO_440: bets $6
ct-650: folds
Uncalled bet ($6) returned to RAFAELO_440
RAFAELO_440 collected $5.88 from pot
RAFAELO_440: doesn't show hand
*** SUMMARY ***
Total pot $6 | Rake $0.12
Board [4h Tc 9c As 6h]
Seat 1: ct-650 (big blind) folded on the River
Seat 2: RAFAELO_440 (button) (small blind) collected ($5.88)


PokerStars Hand #145467199542:  Hold'em Limit ($3/$6 USD) - 2015/12/17 0:20:43 ET
Table 'Ymir II' 2-max Seat #2 is the button
Seat 1: ct-650 ($185.76 in chips)
Seat 2: RAFAELO_440 ($13.98 in chips)
RAFAELO_440: posts small blind $1
ct-650: posts big blind $3
*** HOLE CARDS ***
RAFAELO_440: raises $3 to $6
ct-650: folds
Uncalled bet ($3) returned to RAFAELO_440
RAFAELO_440 collected $6 from pot
RAFAELO_440: doesn't show hand
*** SUMMARY ***
Total pot $6 | Rake $0
Seat 1: ct-650 (big blind) folded before Flop
Seat 2: RAFAELO_440 (button) (small blind) collected ($6)


PokerStars Hand #145467198047:  Hold'em Limit ($3/$6 USD) - 2015/12/17 0:20:37 ET
Table 'Ymir II' 2-max Seat #1 is the button
Seat 1: ct-650 ($182.76 in chips)
Seat 2: RAFAELO_440 ($16.98 in chips)
ct-650: posts small blind $1
RAFAELO_440: posts big blind $3
*** HOLE CARDS ***
ct-650: raises $3 to $6
RAFAELO_440: folds
Uncalled bet ($3) returned to ct-650
ct-650 collected $6 from pot
*** SUMMARY ***
Total pot $6 | Rake $0
Seat 1: ct-650 (button) (small blind) collected ($6)
Seat 2: RAFAELO_440 (big blind) folded before Flop


PokerStars Hand #145467210624:  Hold'em Limit ($3/$6 USD) - 2015/12/17 0:21:25 ET
Table 'Ymir II' 2-max Seat #2 is the button
Seat 1: ct-650 ($158.78 in chips)
Seat 2: RAFAELO_440 ($40.22 in chips)
RAFAELO_440: posts small blind $1
ct-650: posts big blind $3
*** HOLE CARDS ***
RAFAELO_440: raises $3 to $6
ct-650: calls $3
*** FLOP *** [7d Kh Td]
ct-650: checks
RAFAELO_440: checks
*** TURN *** [7d Kh Td] [5s]
ct-650: bets $6
RAFAELO_440: folds
Uncalled bet ($6) returned to ct-650
ct-650 collected $11.76 from pot
*** SUMMARY ***
Total pot $12 | Rake $0.24
Board [7d Kh Td 5s]
Seat 1: ct-650 (big blind) collected ($11.76)
Seat 2: RAFAELO_440 (button) (small blind) folded on the Turn


PokerStars Hand #145467208801:  Hold'em Limit ($3/$6 USD) - 2015/12/17 0:21:18 ET
Table 'Ymir II' 2-max Seat #1 is the button
Seat 1: ct-650 ($159.78 in chips)
Seat 2: RAFAELO_440 ($39.22 in chips)
ct-650: posts small blind $1
RAFAELO_440: posts big blind $3
*** HOLE CARDS ***
ct-650: folds
Uncalled bet ($2) returned to RAFAELO_440
RAFAELO_440 collected $2 from pot
RAFAELO_440: doesn't show hand
*** SUMMARY ***
Total pot $2 | Rake $0
Seat 1: ct-650 (button) (small blind) folded before Flop
Seat 2: RAFAELO_440 (big blind) collected ($2)


PokerStars Hand #145467204334:  Hold'em Limit ($3/$6 USD) - 2015/12/17 0:21:01 ET
Table 'Ymir II' 2-max Seat #2 is the button
Seat 1: ct-650 ($165.78 in chips)
Seat 2: RAFAELO_440 ($33.46 in chips)
RAFAELO_440: posts small blind $1
ct-650: posts big blind $3
*** HOLE CARDS ***
RAFAELO_440: raises $3 to $6
ct-650: calls $3
*** FLOP *** [2c 4s 3c]
ct-650: checks
RAFAELO_440: checks
*** TURN *** [2c 4s 3c] [Kd]
ct-650: checks
RAFAELO_440: checks
*** RIVER *** [2c 4s 3c Kd] [3d]
ct-650: checks
RAFAELO_440: checks
*** SHOW DOWN ***
ct-650: shows [Ts Jd] (a pair of Threes)
RAFAELO_440: shows [Qd Jh] (a pair of Threes - King+Queen kicker)
RAFAELO_440 collected $11.76 from pot
*** SUMMARY ***
Total pot $12 | Rake $0.24
Board [2c 4s 3c Kd 3d]
Seat 1: ct-650 (big blind) showed [Ts Jd] and lost with a pair of Threes
Seat 2: RAFAELO_440 (button) (small blind) showed [Qd Jh] and won ($11.76) with a pair of Threes


PokerStars Hand #145467200642:  Hold'em Limit ($3/$6 USD) - 2015/12/17 0:20:47 ET
Table 'Ymir II' 2-max Seat #1 is the button
Seat 1: ct-650 ($182.76 in chips)
Seat 2: RAFAELO_440 ($16.98 in chips)
ct-650: posts small blind $1
RAFAELO_440: posts big blind $3
*** HOLE CARDS ***
ct-650: raises $3 to $6
RAFAELO_440: raises $3 to $9
ct-650: calls $3
*** FLOP *** [6d 3c Qd]
RAFAELO_440: bets $3
ct-650: calls $3
*** TURN *** [6d 3c Qd] [7h]
RAFAELO_440: bets $4.98 and is all-in
ct-650: calls $4.98
*** RIVER *** [6d 3c Qd 7h] [Td]
*** SHOW DOWN ***
RAFAELO_440: shows [Qh Ts] (two pair, Queens and Tens)
ct-650: shows [9s 7s] (a pair of Sevens)
RAFAELO_440 collected $33.46 from pot
*** SUMMARY ***
Total pot $33.96 | Rake $0.50
Board [6d 3c Qd 7h Td]
Seat 1: ct-650 (button) (small blind) showed [9s 7s] and lost with a pair of Sevens
Seat 2: RAFAELO_440 (big blind) showed [Qh Ts] and won ($33.46) with two pair, Queens and Tens


PokerStars Hand #145467217486:  Hold'em Limit ($3/$6 USD) - 2015/12/17 0:21:52 ET
Table 'Ymir II' 2-max Seat #1 is the button
Seat 1: ct-650 ($176.04 in chips)
Seat 2: RAFAELO_440 ($22.22 in chips)
ct-650: posts small blind $1
RAFAELO_440: posts big blind $3
*** HOLE CARDS ***
ct-650: raises $3 to $6
RAFAELO_440: raises $3 to $9
ct-650: calls $3
*** FLOP *** [5h 4h Tc]
RAFAELO_440: bets $3
ct-650: calls $3
*** TURN *** [5h 4h Tc] [Js]
RAFAELO_440: bets $6
ct-650: raises $6 to $12
RAFAELO_440: calls $4.22 and is all-in
Uncalled bet ($1.78) returned to ct-650
*** RIVER *** [5h 4h Tc Js] [Jh]
*** SHOW DOWN ***
RAFAELO_440: shows [Ad 3h] (a pair of Jacks)
ct-650: shows [5s 5d] (a full house, Fives full of Jacks)
ct-650 collected $43.94 from pot
*** SUMMARY ***
Total pot $44.44 | Rake $0.50
Board [5h 4h Tc Js Jh]
Seat 1: ct-650 (button) (small blind) showed [5s 5d] and won ($43.94) with a full house, Fives full of Jacks
Seat 2: RAFAELO_440 (big blind) showed [Ad 3h] and lost with a pair of Jacks


PokerStars Hand #145467216131:  Hold'em Limit ($3/$6 USD) - 2015/12/17 0:21:47 ET
Table 'Ymir II' 2-max Seat #2 is the button
Seat 1: ct-650 ($179.04 in chips)
Seat 2: RAFAELO_440 ($19.22 in chips)
RAFAELO_440: posts small blind $1
ct-650: posts big blind $3
*** HOLE CARDS ***
RAFAELO_440: raises $3 to $6
ct-650: folds
Uncalled bet ($3) returned to RAFAELO_440
RAFAELO_440 collected $6 from pot
RAFAELO_440: doesn't show hand
*** SUMMARY ***
Total pot $6 | Rake $0
Seat 1: ct-650 (big blind) folded before Flop
Seat 2: RAFAELO_440 (button) (small blind) collected ($6)


PokerStars Hand #145467212993:  Hold'em Limit ($3/$6 USD) - 2015/12/17 0:21:35 ET
Table 'Ymir II' 2-max Seat #1 is the button
Seat 1: ct-650 ($164.54 in chips)
Seat 2: RAFAELO_440 ($34.22 in chips)
ct-650: posts small blind $1
RAFAELO_440: posts big blind $3
*** HOLE CARDS ***
ct-650: raises $3 to $6
RAFAELO_440: calls $3
*** FLOP *** [Tc 4c 9d]
RAFAELO_440: checks
ct-650: bets $3
RAFAELO_440: calls $3
*** TURN *** [Tc 4c 9d] [Ad]
RAFAELO_440: checks
ct-650: bets $6
RAFAELO_440: calls $6
*** RIVER *** [Tc 4c 9d Ad] [7d]
RAFAELO_440: checks
ct-650: checks
*** SHOW DOWN ***
RAFAELO_440: shows [4d Qc] (a pair of Fours)
ct-650: shows [7h 8s] (a pair of Sevens)
ct-650 collected $29.50 from pot
*** SUMMARY ***
Total pot $30 | Rake $0.50
Board [Tc 4c 9d Ad 7d]
Seat 1: ct-650 (button) (small blind) showed [7h 8s] and won ($29.50) with a pair of Sevens
Seat 2: RAFAELO_440 (big blind) showed [4d Qc] and lost with a pair of Fours


