PokerStars Hand #165869711607:  Hold'em Limit ($3/$6 USD) - 2017/02/08 3:22:37 ET
Table 'Ymir II' 6-max Seat #1 is the button
Seat 1: LifeisagameX ($84 in chips)
Seat 4: nordschrott ($31.27 in chips)
LifeisagameX: posts small blind $1
nordschrott: posts big blind $3
*** HOLE CARDS ***
LifeisagameX: raises $3 to $6
nordschrott: calls $3
*** FLOP *** [Ts 8d Jc]
nordschrott: checks
LifeisagameX: bets $3
nordschrott: calls $3
*** TURN *** [Ts 8d Jc] [6h]
nordschrott: checks
nordschrott said, "zzzzzzzzzzzzzzzzz"
LifeisagameX: bets $6
nordschrott: calls $6
*** RIVER *** [Ts 8d Jc 6h] [9c]
nordschrott: checks
LifeisagameX: bets $6
nordschrott: calls $6
*** SHOW DOWN ***
LifeisagameX: shows [5s 4d] (high card Jack)
nordschrott: shows [7d 8s] (a straight, Seven to Jack)
nordschrott collected $41.50 from pot
*** SUMMARY ***
Total pot $42 | Rake $0.50
Board [Ts 8d Jc 6h 9c]
Seat 1: LifeisagameX (button) (small blind) showed [5s 4d] and lost with high card Jack
Seat 4: nordschrott (big blind) showed [7d 8s] and won ($41.50) with a straight, Seven to Jack


PokerStars Hand #165869732966:  Hold'em Limit ($3/$6 USD) - 2017/02/08 3:23:40 ET
Table 'Ymir II' 6-max Seat #4 is the button
Seat 1: LifeisagameX ($84 in chips)
Seat 4: nordschrott ($51.77 in chips)
nordschrott: posts small blind $1
LifeisagameX: posts big blind $3
*** HOLE CARDS ***
nordschrott: calls $2
LifeisagameX: raises $3 to $6
nordschrott: calls $3
*** FLOP *** [8c 7d 5h]
LifeisagameX: bets $3
nordschrott: calls $3
*** TURN *** [8c 7d 5h] [Ts]
LifeisagameX: bets $6
nordschrott: calls $6
*** RIVER *** [8c 7d 5h Ts] [Td]
LifeisagameX: bets $6
nordschrott: folds
Uncalled bet ($6) returned to LifeisagameX
LifeisagameX collected $29.50 from pot
LifeisagameX: doesn't show hand
*** SUMMARY ***
Total pot $30 | Rake $0.50
Board [8c 7d 5h Ts Td]
Seat 1: LifeisagameX (big blind) collected ($29.50)
Seat 4: nordschrott (button) (small blind) folded on the River


PokerStars Hand #165869760188:  Hold'em Limit ($3/$6 USD) - 2017/02/08 3:25:01 ET
Table 'Ymir II' 6-max Seat #4 is the button
Seat 1: LifeisagameX ($107.14 in chips)
Seat 4: nordschrott ($27.77 in chips)
nordschrott: posts small blind $1
LifeisagameX: posts big blind $3
*** HOLE CARDS ***
nordschrott: raises $3 to $6
LifeisagameX: calls $3
*** FLOP *** [9c 8h 7h]
LifeisagameX: checks
nordschrott: bets $3
LifeisagameX: calls $3
*** TURN *** [9c 8h 7h] [3d]
LifeisagameX: checks
nordschrott: checks
*** RIVER *** [9c 8h 7h 3d] [Jh]
LifeisagameX: bets $6
nordschrott: folds
Uncalled bet ($6) returned to LifeisagameX
LifeisagameX collected $17.64 from pot
LifeisagameX: doesn't show hand
*** SUMMARY ***
Total pot $18 | Rake $0.36
Board [9c 8h 7h 3d Jh]
Seat 1: LifeisagameX (big blind) collected ($17.64)
Seat 4: nordschrott (button) (small blind) folded on the River


PokerStars Hand #165869751301:  Hold'em Limit ($3/$6 USD) - 2017/02/08 3:24:35 ET
Table 'Ymir II' 6-max Seat #1 is the button
Seat 1: LifeisagameX ($98.50 in chips)
Seat 4: nordschrott ($36.77 in chips)
LifeisagameX: posts small blind $1
nordschrott: posts big blind $3
*** HOLE CARDS ***
LifeisagameX: raises $3 to $6
nordschrott: calls $3
*** FLOP *** [4h 7h 5c]
nordschrott: checks
LifeisagameX: bets $3
nordschrott: calls $3
*** TURN *** [4h 7h 5c] [Ah]
nordschrott: checks
LifeisagameX: bets $6
nordschrott: folds
Uncalled bet ($6) returned to LifeisagameX
LifeisagameX collected $17.64 from pot
LifeisagameX: doesn't show hand
*** SUMMARY ***
Total pot $18 | Rake $0.36
Board [4h 7h 5c Ah]
Seat 1: LifeisagameX (button) (small blind) collected ($17.64)
Seat 4: nordschrott (big blind) folded on the Turn


PokerStars Hand #165869768637:  Hold'em Limit ($3/$6 USD) - 2017/02/08 3:25:27 ET
Table 'Ymir II' 6-max Seat #1 is the button
Seat 1: LifeisagameX ($115.78 in chips)
Seat 4: nordschrott ($18.77 in chips)
LifeisagameX: posts small blind $1
nordschrott: posts big blind $3
*** HOLE CARDS ***
LifeisagameX: raises $3 to $6
nordschrott: calls $3
*** FLOP *** [2s 4h 2h]
nordschrott: checks
LifeisagameX: bets $3
nordschrott: calls $3
*** TURN *** [2s 4h 2h] [9h]
nordschrott: checks
LifeisagameX: bets $6
nordschrott: folds
Uncalled bet ($6) returned to LifeisagameX
LifeisagameX collected $17.64 from pot
LifeisagameX: doesn't show hand
*** SUMMARY ***
Total pot $18 | Rake $0.36
Board [2s 4h 2h 9h]
Seat 1: LifeisagameX (button) (small blind) collected ($17.64)
Seat 4: nordschrott (big blind) folded on the Turn


