PokerStars Hand #168998328685:  Hold'em Limit ($3/$6 USD) - 2017/04/13 17:40:38 ET
Table 'Ymir II' 6-max Seat #4 is the button
Seat 4: ToDaFelt ($89 in chips)
Seat 5: GoliafUa ($203.60 in chips)
ToDaFelt: posts small blind $1
GoliafUa: posts big blind $3
*** HOLE CARDS ***
ToDaFelt: raises $3 to $6
GoliafUa: folds
Uncalled bet ($3) returned to ToDaFelt
ToDaFelt collected $6 from pot
ToDaFelt: doesn't show hand
*** SUMMARY ***
Total pot $6 | Rake $0
Seat 4: ToDaFelt (button) (small blind) collected ($6)
Seat 5: GoliafUa (big blind) folded before Flop


PokerStars Hand #168998307257:  Hold'em Limit ($3/$6 USD) - 2017/04/13 17:40:11 ET
Table 'Ymir II' 6-max Seat #5 is the button
Seat 4: ToDaFelt ($113 in chips)
Seat 5: GoliafUa ($180.10 in chips)
GoliafUa: posts small blind $1
Kristine222: is sitting out
ToDaFelt: posts big blind $3
*** HOLE CARDS ***
Kristine222 leaves the table
GoliafUa: raises $3 to $6
ToDaFelt: raises $3 to $9
GoliafUa: calls $3
*** FLOP *** [Qc 3s 7h]
ToDaFelt: bets $3
GoliafUa: calls $3
*** TURN *** [Qc 3s 7h] [Ts]
ToDaFelt: checks
GoliafUa: bets $6
ToDaFelt: calls $6
*** RIVER *** [Qc 3s 7h Ts] [8c]
ToDaFelt: checks
GoliafUa: bets $6
ToDaFelt: calls $6
*** SHOW DOWN ***
GoliafUa: shows [Qd 8d] (two pair, Queens and Eights)
ToDaFelt: mucks hand
GoliafUa collected $47.50 from pot
*** SUMMARY ***
Total pot $48 | Rake $0.50
Board [Qc 3s 7h Ts 8c]
Seat 4: ToDaFelt (big blind) mucked
Seat 5: GoliafUa (button) (small blind) showed [Qd 8d] and won ($47.50) with two pair, Queens and Eights


