PokerStars Hand #161755539856:  Hold'em Limit ($3/$6 USD) - 2016/11/21 15:15:11 ET
Table 'Yoyoma II' 6-max Seat #5 is the button
Seat 5: ToDaFelt ($103.60 in chips)
Seat 6: denn69 ($92.98 in chips)
ToDaFelt: posts small blind $1
denn69: posts big blind $3
*** HOLE CARDS ***
wobetting leaves the table
ToDaFelt: raises $3 to $6
denn69: folds
Uncalled bet ($3) returned to ToDaFelt
ToDaFelt collected $6 from pot
ToDaFelt: doesn't show hand
*** SUMMARY ***
Total pot $6 | Rake $0
Seat 5: ToDaFelt (button) (small blind) collected ($6)
Seat 6: denn69 (big blind) folded before Flop


PokerStars Hand #161755534366:  Hold'em Limit ($3/$6 USD) - 2016/11/21 15:15:06 ET
Table 'Yoyoma II' 6-max Seat #6 is the button
Seat 5: ToDaFelt ($102.60 in chips)
Seat 6: denn69 ($93.98 in chips)
denn69: posts small blind $1
wobetting: is sitting out
ToDaFelt: posts big blind $3
*** HOLE CARDS ***
denn69: folds
Uncalled bet ($2) returned to ToDaFelt
ToDaFelt collected $2 from pot
ToDaFelt: doesn't show hand
*** SUMMARY ***
Total pot $2 | Rake $0
Seat 5: ToDaFelt (big blind) collected ($2)
Seat 6: denn69 (button) (small blind) folded before Flop


PokerStars Hand #161755606688:  Hold'em Limit ($3/$6 USD) - 2016/11/21 15:16:19 ET
Table 'Yoyoma II' 6-max Seat #6 is the button
Seat 5: ToDaFelt ($141.10 in chips)
Seat 6: denn69 ($84.98 in chips)
denn69: posts small blind $1
ToDaFelt: posts big blind $3
*** HOLE CARDS ***
denn69: folds
Uncalled bet ($2) returned to ToDaFelt
ToDaFelt collected $2 from pot
*** SUMMARY ***
Total pot $2 | Rake $0
Seat 5: ToDaFelt (big blind) collected ($2)
Seat 6: denn69 (button) (small blind) folded before Flop


PokerStars Hand #161755600927:  Hold'em Limit ($3/$6 USD) - 2016/11/21 15:16:13 ET
Table 'Yoyoma II' 6-max Seat #5 is the button
Seat 5: ToDaFelt ($138.10 in chips)
Seat 6: denn69 ($57.98 in chips)
ToDaFelt: posts small blind $1
denn69: posts big blind $3
*** HOLE CARDS ***
ToDaFelt: raises $3 to $6
denn69: folds
Uncalled bet ($3) returned to ToDaFelt
ToDaFelt collected $6 from pot
*** SUMMARY ***
Total pot $6 | Rake $0
Seat 5: ToDaFelt (button) (small blind) collected ($6)
Seat 6: denn69 (big blind) folded before Flop


PokerStars Hand #161755595960:  Hold'em Limit ($3/$6 USD) - 2016/11/21 15:16:08 ET
Table 'Yoyoma II' 6-max Seat #6 is the button
Seat 5: ToDaFelt ($137.10 in chips)
Seat 6: denn69 ($58.98 in chips)
denn69: posts small blind $1
ToDaFelt: posts big blind $3
*** HOLE CARDS ***
denn69: folds
Uncalled bet ($2) returned to ToDaFelt
ToDaFelt collected $2 from pot
ToDaFelt: doesn't show hand
*** SUMMARY ***
Total pot $2 | Rake $0
Seat 5: ToDaFelt (big blind) collected ($2)
Seat 6: denn69 (button) (small blind) folded before Flop


PokerStars Hand #161755560205:  Hold'em Limit ($3/$6 USD) - 2016/11/21 15:15:32 ET
Table 'Yoyoma II' 6-max Seat #5 is the button
Seat 5: ToDaFelt ($107.60 in chips)
Seat 6: denn69 ($88.98 in chips)
ToDaFelt: posts small blind $1
denn69: posts big blind $3
*** HOLE CARDS ***
ToDaFelt: raises $3 to $6
denn69: raises $3 to $9
ToDaFelt: calls $3
*** FLOP *** [8d Td Qh]
denn69: bets $3
ToDaFelt: calls $3
*** TURN *** [8d Td Qh] [4d]
denn69: bets $6
ToDaFelt: raises $6 to $12
denn69: calls $6
*** RIVER *** [8d Td Qh 4d] [Qd]
denn69: checks
ToDaFelt: bets $6
denn69: calls $6
*** SHOW DOWN ***
ToDaFelt: shows [7d Qc] (a flush, Queen high)
denn69: mucks hand
ToDaFelt collected $59.50 from pot
*** SUMMARY ***
Total pot $60 | Rake $0.50
Board [8d Td Qh 4d Qd]
Seat 5: ToDaFelt (button) (small blind) showed [7d Qc] and won ($59.50) with a flush, Queen high
Seat 6: denn69 (big blind) mucked


PokerStars Hand #161755547363:  Hold'em Limit ($3/$6 USD) - 2016/11/21 15:15:19 ET
Table 'Yoyoma II' 6-max Seat #6 is the button
Seat 5: ToDaFelt ($106.60 in chips)
Seat 6: denn69 ($89.98 in chips)
denn69: posts small blind $1
ToDaFelt: posts big blind $3
*** HOLE CARDS ***
denn69: folds
Uncalled bet ($2) returned to ToDaFelt
ToDaFelt collected $2 from pot
ToDaFelt: doesn't show hand
*** SUMMARY ***
Total pot $2 | Rake $0
Seat 5: ToDaFelt (big blind) collected ($2)
Seat 6: denn69 (button) (small blind) folded before Flop


PokerStars Hand #161755635284:  Hold'em Limit ($3/$6 USD) - 2016/11/21 15:16:48 ET
Table 'Yoyoma II' 6-max Seat #6 is the button
Seat 5: ToDaFelt ($159.60 in chips)
Seat 6: denn69 ($65.98 in chips)
denn69: posts small blind $1
ToDaFelt: posts big blind $3
*** HOLE CARDS ***
denn69: raises $3 to $6
ToDaFelt: raises $3 to $9
denn69: calls $3
*** FLOP *** [6s 4h 9d]
ToDaFelt: bets $3
denn69: calls $3
*** TURN *** [6s 4h 9d] [8d]
ToDaFelt: bets $6
denn69: calls $6
*** RIVER *** [6s 4h 9d 8d] [6c]
ToDaFelt: checks
denn69: checks
*** SHOW DOWN ***
ToDaFelt: shows [7d As] (a pair of Sixes)
denn69: mucks hand
ToDaFelt collected $35.50 from pot
*** SUMMARY ***
Total pot $36 | Rake $0.50
Board [6s 4h 9d 8d 6c]
Seat 5: ToDaFelt (big blind) showed [7d As] and won ($35.50) with a pair of Sixes
Seat 6: denn69 (button) (small blind) mucked


PokerStars Hand #161755611632:  Hold'em Limit ($3/$6 USD) - 2016/11/21 15:16:24 ET
Table 'Yoyoma II' 6-max Seat #5 is the button
Seat 5: ToDaFelt ($142.10 in chips)
Seat 6: denn69 ($83.98 in chips)
ToDaFelt: posts small blind $1
denn69: posts big blind $3
*** HOLE CARDS ***
ToDaFelt: raises $3 to $6
denn69: raises $3 to $9
ToDaFelt: calls $3
*** FLOP *** [3h 5c Td]
denn69: bets $3
ToDaFelt: calls $3
*** TURN *** [3h 5c Td] [6s]
denn69: checks
ToDaFelt: bets $6
denn69: calls $6
*** RIVER *** [3h 5c Td 6s] [5d]
denn69: checks
ToDaFelt: bets $6
denn69: folds
Uncalled bet ($6) returned to ToDaFelt
ToDaFelt collected $35.50 from pot
ToDaFelt: doesn't show hand
*** SUMMARY ***
Total pot $36 | Rake $0.50
Board [3h 5c Td 6s 5d]
Seat 5: ToDaFelt (button) (small blind) collected ($35.50)
Seat 6: denn69 (big blind) folded on the River


PokerStars Hand #161755692122:  Hold'em Limit ($3/$6 USD) - 2016/11/21 15:17:46 ET
Table 'Yoyoma II' 6-max Seat #6 is the button
Seat 5: ToDaFelt ($141.10 in chips)
Seat 6: denn69 ($83.48 in chips)
denn69: posts small blind $1
ToDaFelt: posts big blind $3
*** HOLE CARDS ***
denn69: raises $3 to $6
ToDaFelt: raises $3 to $9
denn69: calls $3
*** FLOP *** [9s Ac 8h]
ToDaFelt: bets $3
denn69: raises $3 to $6
ToDaFelt: calls $3
*** TURN *** [9s Ac 8h] [9d]
ToDaFelt: checks
denn69: bets $6
ToDaFelt: calls $6
*** RIVER *** [9s Ac 8h 9d] [Ah]
ToDaFelt: bets $6
denn69: calls $6
*** SHOW DOWN ***
ToDaFelt: shows [6c As] (a full house, Aces full of Nines)
denn69: mucks hand
ToDaFelt collected $53.50 from pot
*** SUMMARY ***
Total pot $54 | Rake $0.50
Board [9s Ac 8h 9d Ah]
Seat 5: ToDaFelt (big blind) showed [6c As] and won ($53.50) with a full house, Aces full of Nines
Seat 6: denn69 (button) (small blind) mucked


PokerStars Hand #161755671059:  Hold'em Limit ($3/$6 USD) - 2016/11/21 15:17:25 ET
Table 'Yoyoma II' 6-max Seat #5 is the button
Seat 5: ToDaFelt ($177.10 in chips)
Seat 6: denn69 ($47.98 in chips)
ToDaFelt: posts small blind $1
denn69: posts big blind $3
*** HOLE CARDS ***
ToDaFelt: raises $3 to $6
denn69: raises $3 to $9
ToDaFelt: calls $3
*** FLOP *** [2s 4d 2c]
denn69: bets $3
ToDaFelt: calls $3
*** TURN *** [2s 4d 2c] [5c]
denn69: bets $6
ToDaFelt: raises $6 to $12
denn69: calls $6
*** RIVER *** [2s 4d 2c 5c] [Qs]
denn69: checks
ToDaFelt: bets $6
denn69: raises $6 to $12
ToDaFelt: calls $6
*** SHOW DOWN ***
denn69: shows [Jh Qc] (two pair, Queens and Deuces)
ToDaFelt: mucks hand
denn69 collected $71.50 from pot
*** SUMMARY ***
Total pot $72 | Rake $0.50
Board [2s 4d 2c 5c Qs]
Seat 5: ToDaFelt (button) (small blind) mucked
Seat 6: denn69 (big blind) showed [Jh Qc] and won ($71.50) with two pair, Queens and Deuces


PokerStars Hand #161755783723:  Hold'em Limit ($3/$6 USD) - 2016/11/21 15:19:19 ET
Table 'Yoyoma II' 6-max Seat #5 is the button
Seat 5: ToDaFelt ($196.85 in chips)
Seat 6: denn69 ($26.23 in chips)
ToDaFelt: posts small blind $1
denn69: posts big blind $3
*** HOLE CARDS ***
ToDaFelt: raises $3 to $6
denn69: folds
Uncalled bet ($3) returned to ToDaFelt
ToDaFelt collected $6 from pot
ToDaFelt: doesn't show hand
*** SUMMARY ***
Total pot $6 | Rake $0
Seat 5: ToDaFelt (button) (small blind) collected ($6)
Seat 6: denn69 (big blind) folded before Flop


PokerStars Hand #161755746839:  Hold'em Limit ($3/$6 USD) - 2016/11/21 15:18:42 ET
Table 'Yoyoma II' 6-max Seat #6 is the button
Seat 5: ToDaFelt ($167.35 in chips)
Seat 6: denn69 ($56.23 in chips)
denn69: posts small blind $1
ToDaFelt: posts big blind $3
*** HOLE CARDS ***
denn69: raises $3 to $6
ToDaFelt: raises $3 to $9
denn69: raises $3 to $12
Betting is capped
ToDaFelt: calls $3
*** FLOP *** [2h Jh Qs]
ToDaFelt: checks
denn69: bets $3
ToDaFelt: raises $3 to $6
denn69: calls $3
*** TURN *** [2h Jh Qs] [7c]
ToDaFelt: bets $6
denn69: calls $6
*** RIVER *** [2h Jh Qs 7c] [Js]
ToDaFelt: bets $6
denn69: calls $6
*** SHOW DOWN ***
ToDaFelt: shows [Jc Tc] (three of a kind, Jacks)
denn69: mucks hand
ToDaFelt collected $59.50 from pot
*** SUMMARY ***
Total pot $60 | Rake $0.50
Board [2h Jh Qs 7c Js]
Seat 5: ToDaFelt (big blind) showed [Jc Tc] and won ($59.50) with three of a kind, Jacks
Seat 6: denn69 (button) (small blind) mucked


PokerStars Hand #161755722465:  Hold'em Limit ($3/$6 USD) - 2016/11/21 15:18:17 ET
Table 'Yoyoma II' 6-max Seat #5 is the button
Seat 5: ToDaFelt ($167.60 in chips)
Seat 6: denn69 ($56.48 in chips)
ToDaFelt: posts small blind $1
denn69: posts big blind $3
*** HOLE CARDS ***
ToDaFelt: raises $3 to $6
denn69: raises $3 to $9
ToDaFelt: calls $3
*** FLOP *** [3d Qh Td]
denn69: bets $3
ToDaFelt: calls $3
*** TURN *** [3d Qh Td] [3h]
denn69: checks
ToDaFelt: bets $6
denn69: calls $6
*** RIVER *** [3d Qh Td 3h] [3s]
denn69: checks
ToDaFelt: checks
*** SHOW DOWN ***
denn69: shows [Ah 9s] (three of a kind, Threes)
ToDaFelt: shows [4d Ad] (three of a kind, Threes)
denn69 collected $17.75 from pot
ToDaFelt collected $17.75 from pot
*** SUMMARY ***
Total pot $36 | Rake $0.50
Board [3d Qh Td 3h 3s]
Seat 5: ToDaFelt (button) (small blind) showed [4d Ad] and won ($17.75) with three of a kind, Threes
Seat 6: denn69 (big blind) showed [Ah 9s] and won ($17.75) with three of a kind, Threes


PokerStars Hand #161755846079:  Hold'em Limit ($3/$6 USD) - 2016/11/21 15:20:23 ET
Table 'Yoyoma II' 6-max Seat #5 is the button
Seat 5: ToDaFelt ($190.85 in chips)
Seat 6: denn69 ($31.75 in chips)
ToDaFelt: posts small blind $1
denn69: posts big blind $3
*** HOLE CARDS ***
ToDaFelt: folds
Uncalled bet ($2) returned to denn69
denn69 collected $2 from pot
denn69: doesn't show hand
*** SUMMARY ***
Total pot $2 | Rake $0
Seat 5: ToDaFelt (button) (small blind) folded before Flop
Seat 6: denn69 (big blind) collected ($2)


PokerStars Hand #161755841054:  Hold'em Limit ($3/$6 USD) - 2016/11/21 15:20:18 ET
Table 'Yoyoma II' 6-max Seat #6 is the button
Seat 5: ToDaFelt ($189.85 in chips)
Seat 6: denn69 ($32.75 in chips)
denn69: posts small blind $1
ToDaFelt: posts big blind $3
*** HOLE CARDS ***
denn69: folds
Uncalled bet ($2) returned to ToDaFelt
ToDaFelt collected $2 from pot
ToDaFelt: doesn't show hand
*** SUMMARY ***
Total pot $2 | Rake $0
Seat 5: ToDaFelt (big blind) collected ($2)
Seat 6: denn69 (button) (small blind) folded before Flop


PokerStars Hand #161755835616:  Hold'em Limit ($3/$6 USD) - 2016/11/21 15:20:12 ET
Table 'Yoyoma II' 6-max Seat #5 is the button
Seat 5: ToDaFelt ($190.85 in chips)
Seat 6: denn69 ($31.75 in chips)
ToDaFelt: posts small blind $1
denn69: posts big blind $3
*** HOLE CARDS ***
ToDaFelt: folds
Uncalled bet ($2) returned to denn69
denn69 collected $2 from pot
denn69: doesn't show hand
*** SUMMARY ***
Total pot $2 | Rake $0
Seat 5: ToDaFelt (button) (small blind) folded before Flop
Seat 6: denn69 (big blind) collected ($2)


PokerStars Hand #161755817714:  Hold'em Limit ($3/$6 USD) - 2016/11/21 15:19:54 ET
Table 'Yoyoma II' 6-max Seat #6 is the button
Seat 5: ToDaFelt ($196.85 in chips)
Seat 6: denn69 ($25.99 in chips)
denn69: posts small blind $1
ToDaFelt: posts big blind $3
*** HOLE CARDS ***
denn69: raises $3 to $6
ToDaFelt: calls $3
*** FLOP *** [3d 8h Td]
ToDaFelt: checks
denn69: bets $3
ToDaFelt: folds
Uncalled bet ($3) returned to denn69
denn69 collected $11.76 from pot
denn69: doesn't show hand
*** SUMMARY ***
Total pot $12 | Rake $0.24
Board [3d 8h Td]
Seat 5: ToDaFelt (big blind) folded on the Flop
Seat 6: denn69 (button) (small blind) collected ($11.76)


PokerStars Hand #161755810602:  Hold'em Limit ($3/$6 USD) - 2016/11/21 15:19:47 ET
Table 'Yoyoma II' 6-max Seat #5 is the button
Seat 5: ToDaFelt ($193.85 in chips)
Seat 6: denn69 ($28.99 in chips)
ToDaFelt: posts small blind $1
denn69: posts big blind $3
*** HOLE CARDS ***
ToDaFelt: raises $3 to $6
denn69: folds
Uncalled bet ($3) returned to ToDaFelt
ToDaFelt collected $6 from pot
ToDaFelt: doesn't show hand
*** SUMMARY ***
Total pot $6 | Rake $0
Seat 5: ToDaFelt (button) (small blind) collected ($6)
Seat 6: denn69 (big blind) folded before Flop


PokerStars Hand #161755788347:  Hold'em Limit ($3/$6 USD) - 2016/11/21 15:19:24 ET
Table 'Yoyoma II' 6-max Seat #6 is the button
Seat 5: ToDaFelt ($199.85 in chips)
Seat 6: denn69 ($23.23 in chips)
denn69: posts small blind $1
ToDaFelt: posts big blind $3
*** HOLE CARDS ***
denn69: raises $3 to $6
ToDaFelt: calls $3
*** FLOP *** [Td Kh 4s]
ToDaFelt: checks
denn69: bets $3
ToDaFelt: folds
Uncalled bet ($3) returned to denn69
denn69 collected $11.76 from pot
denn69: doesn't show hand
*** SUMMARY ***
Total pot $12 | Rake $0.24
Board [Td Kh 4s]
Seat 5: ToDaFelt (big blind) folded on the Flop
Seat 6: denn69 (button) (small blind) collected ($11.76)


PokerStars Hand #161755895536:  Hold'em Limit ($3/$6 USD) - 2016/11/21 15:21:13 ET
Table 'Yoyoma II' 6-max Seat #5 is the button
Seat 5: ToDaFelt ($172.85 in chips)
Seat 6: denn69 ($49.03 in chips)
ToDaFelt: posts small blind $1
denn69: posts big blind $3
*** HOLE CARDS ***
ToDaFelt: raises $3 to $6
denn69: calls $3
*** FLOP *** [2c 8d Ac]
denn69: checks
ToDaFelt: bets $3
denn69: calls $3
*** TURN *** [2c 8d Ac] [As]
denn69: checks
ToDaFelt: checks
*** RIVER *** [2c 8d Ac As] [3d]
denn69: bets $6
ToDaFelt: calls $6
*** SHOW DOWN ***
denn69: shows [2d Th] (two pair, Aces and Deuces)
ToDaFelt: shows [Jd 3h] (two pair, Aces and Threes)
ToDaFelt collected $29.50 from pot
*** SUMMARY ***
Total pot $30 | Rake $0.50
Board [2c 8d Ac As 3d]
Seat 5: ToDaFelt (button) (small blind) showed [Jd 3h] and won ($29.50) with two pair, Aces and Threes
Seat 6: denn69 (big blind) showed [2d Th] and lost with two pair, Aces and Deuces


PokerStars Hand #161755891251:  Hold'em Limit ($3/$6 USD) - 2016/11/21 15:21:09 ET
Table 'Yoyoma II' 6-max Seat #6 is the button
Seat 5: ToDaFelt ($171.85 in chips)
Seat 6: denn69 ($50.03 in chips)
denn69: posts small blind $1
ToDaFelt: posts big blind $3
*** HOLE CARDS ***
denn69: folds
Uncalled bet ($2) returned to ToDaFelt
ToDaFelt collected $2 from pot
ToDaFelt: doesn't show hand
*** SUMMARY ***
Total pot $2 | Rake $0
Seat 5: ToDaFelt (big blind) collected ($2)
Seat 6: denn69 (button) (small blind) folded before Flop


PokerStars Hand #161755868000:  Hold'em Limit ($3/$6 USD) - 2016/11/21 15:20:45 ET
Table 'Yoyoma II' 6-max Seat #5 is the button
Seat 5: ToDaFelt ($183.85 in chips)
Seat 6: denn69 ($38.51 in chips)
ToDaFelt: posts small blind $1
denn69: posts big blind $3
*** HOLE CARDS ***
ToDaFelt: raises $3 to $6
denn69: raises $3 to $9
ToDaFelt: calls $3
*** FLOP *** [Td Jc 3c]
denn69: bets $3
ToDaFelt: calls $3
*** TURN *** [Td Jc 3c] [5d]
denn69: bets $6
ToDaFelt: folds
Uncalled bet ($6) returned to denn69
denn69 collected $23.52 from pot
denn69: doesn't show hand
*** SUMMARY ***
Total pot $24 | Rake $0.48
Board [Td Jc 3c 5d]
Seat 5: ToDaFelt (button) (small blind) folded on the Turn
Seat 6: denn69 (big blind) collected ($23.52)


PokerStars Hand #161755850482:  Hold'em Limit ($3/$6 USD) - 2016/11/21 15:20:27 ET
Table 'Yoyoma II' 6-max Seat #6 is the button
Seat 5: ToDaFelt ($189.85 in chips)
Seat 6: denn69 ($32.75 in chips)
denn69: posts small blind $1
ToDaFelt: posts big blind $3
*** HOLE CARDS ***
denn69: raises $3 to $6
ToDaFelt: calls $3
*** FLOP *** [Ah 2s 7h]
ToDaFelt: checks
denn69: bets $3
ToDaFelt: folds
Uncalled bet ($3) returned to denn69
denn69 collected $11.76 from pot
denn69: doesn't show hand
*** SUMMARY ***
Total pot $12 | Rake $0.24
Board [Ah 2s 7h]
Seat 5: ToDaFelt (big blind) folded on the Flop
Seat 6: denn69 (button) (small blind) collected ($11.76)


PokerStars Hand #161755920876:  Hold'em Limit ($3/$6 USD) - 2016/11/21 15:21:39 ET
Table 'Yoyoma II' 6-max Seat #5 is the button
Seat 5: ToDaFelt ($188.35 in chips)
Seat 6: denn69 ($33.03 in chips)
ToDaFelt: posts small blind $1
denn69: posts big blind $3
*** HOLE CARDS ***
denn69 said, "how"
noda_ace joins the table at seat #3
ToDaFelt: raises $3 to $6
denn69: calls $3
*** FLOP *** [Kd 8s 5s]
denn69: checks
ToDaFelt: checks
*** TURN *** [Kd 8s 5s] [7h]
denn69: bets $6
ToDaFelt: raises $6 to $12
denn69: calls $6
*** RIVER *** [Kd 8s 5s 7h] [Qs]
vestimokrec joins the table at seat #4
denn69: checks
ToDaFelt: bets $6
denn69: calls $6
*** SHOW DOWN ***
ToDaFelt: shows [7c 7s] (three of a kind, Sevens)
denn69: mucks hand
ToDaFelt collected $47.50 from pot
*** SUMMARY ***
Total pot $48 | Rake $0.50
Board [Kd 8s 5s 7h Qs]
Seat 5: ToDaFelt (button) (small blind) showed [7c 7s] and won ($47.50) with three of a kind, Sevens
Seat 6: denn69 (big blind) mucked


PokerStars Hand #161755912283:  Hold'em Limit ($3/$6 USD) - 2016/11/21 15:21:30 ET
Table 'Yoyoma II' 6-max Seat #6 is the button
Seat 5: ToDaFelt ($187.35 in chips)
Seat 6: denn69 ($34.03 in chips)
denn69: posts small blind $1
ToDaFelt: posts big blind $3
*** HOLE CARDS ***
denn69: folds
Uncalled bet ($2) returned to ToDaFelt
ToDaFelt collected $2 from pot
ToDaFelt: doesn't show hand
*** SUMMARY ***
Total pot $2 | Rake $0
Seat 5: ToDaFelt (big blind) collected ($2)
Seat 6: denn69 (button) (small blind) folded before Flop


PokerStars Hand #161761492398:  Hold'em Limit ($3/$6 USD) - 2016/11/21 17:00:08 ET
Table 'Yoyoma II' 6-max Seat #1 is the button
Seat 1: gaojunlin28 ($240.95 in chips)
Seat 5: ToDaFelt ($263.46 in chips)
italianhero4 will be allowed to play after the button
gaojunlin28: posts small blind $1
Apanage: is sitting out
vestimokrec: is sitting out
grabaz: is sitting out
ToDaFelt: posts big blind $3
*** HOLE CARDS ***
gaojunlin28: folds
Uncalled bet ($2) returned to ToDaFelt
ToDaFelt collected $2 from pot
ToDaFelt: doesn't show hand
*** SUMMARY ***
Total pot $2 | Rake $0
Seat 1: gaojunlin28 (button) (small blind) folded before Flop
Seat 5: ToDaFelt (big blind) collected ($2)


