PokerStars Hand #166667923601:  Hold'em Limit ($3/$6 USD) - 2017/02/23 16:10:00 ET
Table 'Yrsa' 10-max Seat #5 is the button
Seat 5: @92gara42@ ($35.95 in chips)
Seat 6: belik555 ($95.76 in chips)
@92gara42@: posts small blind $1
belik555: posts big blind $3
*** HOLE CARDS ***
@92gara42@: raises $3 to $6
belik555: folds
Uncalled bet ($3) returned to @92gara42@
@92gara42@ collected $6 from pot
@92gara42@: doesn't show hand
*** SUMMARY ***
Total pot $6 | Rake $0
Seat 5: @92gara42@ (button) (small blind) collected ($6)
Seat 6: belik555 (big blind) folded before Flop


PokerStars Hand #166667894531:  Hold'em Limit ($3/$6 USD) - 2017/02/23 16:09:28 ET
Table 'Yrsa' 10-max Seat #6 is the button
Seat 5: @92gara42@ ($41.95 in chips)
Seat 6: belik555 ($90 in chips)
belik555: posts small blind $1
GoliafUa: is sitting out
@92gara42@: posts big blind $3
*** HOLE CARDS ***
B_loJkl joins the table at seat #7
belik555: raises $3 to $6
@92gara42@: calls $3
*** FLOP *** [8h 5s Td]
@92gara42@: checks
belik555: bets $3
@92gara42@: folds
Uncalled bet ($3) returned to belik555
belik555 collected $11.76 from pot
belik555: doesn't show hand
*** SUMMARY ***
Total pot $12 | Rake $0.24
Board [8h 5s Td]
Seat 5: @92gara42@ (big blind) folded on the Flop
Seat 6: belik555 (button) (small blind) collected ($11.76)


PokerStars Hand #166668174256:  Hold'em Limit ($3/$6 USD) - 2017/02/23 16:14:37 ET
Table 'Yrsa' 10-max Seat #5 is the button
Seat 5: @92gara42@ ($8.54 in chips)
Seat 6: belik555 ($122.04 in chips)
@92gara42@: posts small blind $1
belik555: posts big blind $3
*** HOLE CARDS ***
@92gara42@: raises $3 to $6
belik555: calls $3
*** FLOP *** [5h Qs 5c]
belik555: checks
@92gara42@: bets $2.54 and is all-in
belik555: calls $2.54
*** TURN *** [5h Qs 5c] [3c]
*** RIVER *** [5h Qs 5c 3c] [5d]
*** SHOW DOWN ***
belik555: shows [4d Jh] (three of a kind, Fives)
@92gara42@: shows [9h Qd] (a full house, Fives full of Queens)
@92gara42@ collected $16.74 from pot
*** SUMMARY ***
Total pot $17.08 | Rake $0.34
Board [5h Qs 5c 3c 5d]
Seat 5: @92gara42@ (button) (small blind) showed [9h Qd] and won ($16.74) with a full house, Fives full of Queens
Seat 6: belik555 (big blind) showed [4d Jh] and lost with three of a kind, Fives


PokerStars Hand #166668167683:  Hold'em Limit ($3/$6 USD) - 2017/02/23 16:14:29 ET
Table 'Yrsa' 10-max Seat #6 is the button
Seat 5: @92gara42@ ($11.54 in chips)
Seat 6: belik555 ($119.04 in chips)
belik555: posts small blind $1
B_loJkl: is sitting out
@92gara42@: posts big blind $3
*** HOLE CARDS ***
belik555: raises $3 to $6
@92gara42@: folds
Uncalled bet ($3) returned to belik555
belik555 collected $6 from pot
belik555: doesn't show hand
*** SUMMARY ***
Total pot $6 | Rake $0
Seat 5: @92gara42@ (big blind) folded before Flop
Seat 6: belik555 (button) (small blind) collected ($6)


PokerStars Hand #166668224131:  Hold'em Limit ($3/$6 USD) - 2017/02/23 16:15:31 ET
Table 'Yrsa' 10-max Seat #5 is the button
Seat 5: @92gara42@ ($6.74 in chips)
Seat 6: belik555 ($123.26 in chips)
@92gara42@: posts small blind $1
belik555: posts big blind $3
*** HOLE CARDS ***
@92gara42@: raises $3 to $6
belik555: raises $3 to $9
@92gara42@: calls $0.74 and is all-in
Uncalled bet ($2.26) returned to belik555
*** FLOP *** [Th 6h 8c]
*** TURN *** [Th 6h 8c] [Js]
*** RIVER *** [Th 6h 8c Js] [7s]
*** SHOW DOWN ***
belik555: shows [Tc Td] (three of a kind, Tens)
@92gara42@: shows [6s 2c] (a pair of Sixes)
belik555 collected $13.21 from pot
*** SUMMARY ***
Total pot $13.48 | Rake $0.27
Board [Th 6h 8c Js 7s]
Seat 5: @92gara42@ (button) (small blind) showed [6s 2c] and lost with a pair of Sixes
Seat 6: belik555 (big blind) showed [Tc Td] and won ($13.21) with three of a kind, Tens


PokerStars Hand #166668217572:  Hold'em Limit ($3/$6 USD) - 2017/02/23 16:15:23 ET
Table 'Yrsa' 10-max Seat #6 is the button
Seat 5: @92gara42@ ($9.74 in chips)
Seat 6: belik555 ($120.26 in chips)
belik555: posts small blind $1
@92gara42@: posts big blind $3
*** HOLE CARDS ***
belik555: raises $3 to $6
@92gara42@: folds
Uncalled bet ($3) returned to belik555
belik555 collected $6 from pot
belik555: doesn't show hand
*** SUMMARY ***
Total pot $6 | Rake $0
Seat 5: @92gara42@ (big blind) folded before Flop
Seat 6: belik555 (button) (small blind) collected ($6)


PokerStars Hand #166668213138:  Hold'em Limit ($3/$6 USD) - 2017/02/23 16:15:19 ET
Table 'Yrsa' 10-max Seat #5 is the button
Seat 5: @92gara42@ ($10.74 in chips)
Seat 6: belik555 ($119.26 in chips)
@92gara42@: posts small blind $1
belik555: posts big blind $3
*** HOLE CARDS ***
@92gara42@: folds
Uncalled bet ($2) returned to belik555
belik555 collected $2 from pot
belik555: doesn't show hand
*** SUMMARY ***
Total pot $2 | Rake $0
Seat 5: @92gara42@ (button) (small blind) folded before Flop
Seat 6: belik555 (big blind) collected ($2)


PokerStars Hand #166668195294:  Hold'em Limit ($3/$6 USD) - 2017/02/23 16:14:59 ET
Table 'Yrsa' 10-max Seat #6 is the button
Seat 5: @92gara42@ ($16.74 in chips)
Seat 6: belik555 ($113.50 in chips)
belik555: posts small blind $1
@92gara42@: posts big blind $3
*** HOLE CARDS ***
belik555: raises $3 to $6
@92gara42@: calls $3
*** FLOP *** [2d Ks 4d]
@92gara42@: checks
belik555: bets $3
@92gara42@: folds
Uncalled bet ($3) returned to belik555
belik555 collected $11.76 from pot
belik555: doesn't show hand
*** SUMMARY ***
Total pot $12 | Rake $0.24
Board [2d Ks 4d]
Seat 5: @92gara42@ (big blind) folded on the Flop
Seat 6: belik555 (button) (small blind) collected ($11.76)


