PokerStars Hand #159727212415:  Hold'em Limit ($3/$6 USD) - 2016/10/10 4:34:18 ET
Table 'Yrsa' 6-max Seat #4 is the button
Seat 3: knysi ($116.85 in chips)
Seat 4: Actionni13 ($150 in chips)
Actionni13: posts small blind $1
knysi: posts big blind $3
*** HOLE CARDS ***
swics1202 joins the table at seat #5
Actionni13: raises $3 to $6
knysi: calls $3
*** FLOP *** [9d 4h Ac]
knysi: checks
Actionni13: bets $3
knysi: calls $3
*** TURN *** [9d 4h Ac] [Kh]
knysi: checks
Actionni13: checks
*** RIVER *** [9d 4h Ac Kh] [Td]
knysi: bets $6
VolkovDmitri joins the table at seat #6
Actionni13: folds
Uncalled bet ($6) returned to knysi
knysi collected $17.64 from pot
knysi: doesn't show hand
*** SUMMARY ***
Total pot $18 | Rake $0.36
Board [9d 4h Ac Kh Td]
Seat 3: knysi (big blind) collected ($17.64)
Seat 4: Actionni13 (button) (small blind) folded on the River


PokerStars Hand #159727208249:  Hold'em Limit ($3/$6 USD) - 2016/10/10 4:34:05 ET
Table 'Yrsa' 6-max Seat #3 is the button
Seat 3: knysi ($111.09 in chips)
Seat 4: Actionni13 ($150 in chips)
knysi: posts small blind $1
Actionni13: posts big blind $3
*** HOLE CARDS ***
knysi: raises $3 to $6
Actionni13: calls $3
*** FLOP *** [9s 2s 7c]
Actionni13: checks
knysi: checks
*** TURN *** [9s 2s 7c] [Ts]
Actionni13: checks
knysi: bets $6
Actionni13: folds
Uncalled bet ($6) returned to knysi
knysi collected $11.76 from pot
knysi: doesn't show hand
*** SUMMARY ***
Total pot $12 | Rake $0.24
Board [9s 2s 7c Ts]
Seat 3: knysi (button) (small blind) collected ($11.76)
Seat 4: Actionni13 (big blind) folded on the Turn


PokerStars Hand #159727218148:  Hold'em Limit ($3/$6 USD) - 2016/10/10 4:34:36 ET
Table 'Yrsa' 6-max Seat #3 is the button
Seat 3: knysi ($125.49 in chips)
Seat 4: Actionni13 ($150 in chips)
knysi: posts small blind $1
Actionni13: posts big blind $3
*** HOLE CARDS ***
knysi: raises $3 to $6
Actionni13: calls $3
*** FLOP *** [6d 3h 8s]
Actionni13: checks
knysi: checks
*** TURN *** [6d 3h 8s] [2d]
Actionni13: bets $6
knysi: folds
Uncalled bet ($6) returned to Actionni13
Actionni13 collected $11.76 from pot
Actionni13: doesn't show hand
*** SUMMARY ***
Total pot $12 | Rake $0.24
Board [6d 3h 8s 2d]
Seat 3: knysi (button) (small blind) folded on the Turn
Seat 4: Actionni13 (big blind) collected ($11.76)


PokerStars Hand #159727195248:  Hold'em Limit ($3/$6 USD) - 2016/10/10 4:33:25 ET
Table 'Yrsa' 6-max Seat #3 is the button
Seat 3: knysi ($67.09 in chips)
Seat 4: Actionni13 ($150 in chips)
knysi: posts small blind $1
Actionni13: posts big blind $3
*** HOLE CARDS ***
knysi: raises $3 to $6
Actionni13: calls $3
*** FLOP *** [5d Tc Jd]
Actionni13: checks
knysi: bets $3
Actionni13: raises $3 to $6
knysi: calls $3
*** TURN *** [5d Tc Jd] [4s]
Actionni13: bets $6
knysi: calls $6
*** RIVER *** [5d Tc Jd 4s] [3c]
Actionni13: checks
knysi: bets $6
Actionni13: calls $6
*** SHOW DOWN ***
knysi: shows [Ah 2s] (a straight, Ace to Five)
Actionni13: mucks hand
knysi collected $47.50 from pot
*** SUMMARY ***
Total pot $48 | Rake $0.50
Board [5d Tc Jd 4s 3c]
Seat 3: knysi (button) (small blind) showed [Ah 2s] and won ($47.50) with a straight, Ace to Five
Seat 4: Actionni13 (big blind) mucked


PokerStars Hand #159727451730:  Hold'em Limit ($3/$6 USD) - 2016/10/10 4:46:38 ET
Table 'Yrsa' 6-max Seat #5 is the button
Seat 4: Actionni13 ($150 in chips)
Seat 5: swics1202 ($65.07 in chips)
swics1202: posts small blind $1
iskambil: is sitting out
Actionni13: posts big blind $3
*** HOLE CARDS ***
swics1202: folds
Uncalled bet ($2) returned to Actionni13
Actionni13 collected $2 from pot
Actionni13: doesn't show hand
*** SUMMARY ***
Total pot $2 | Rake $0
Seat 4: Actionni13 (big blind) collected ($2)
Seat 5: swics1202 (button) (small blind) folded before Flop


