PokerStars Hand #146325536524:  Hold'em Limit ($3/$6 USD) - 2016/01/02 9:10:23 ET
Table 'Yunnan' 2-max Seat #2 is the button
Seat 1: BigYelloFish ($150.50 in chips)
Seat 2: _fayzulllo_ ($41 in chips)
_fayzulllo_: posts small blind $1
BigYelloFish: posts big blind $3
*** HOLE CARDS ***
_fayzulllo_: calls $2
BigYelloFish: checks
*** FLOP *** [Js 5h 2s]
BigYelloFish: checks
_fayzulllo_: checks
*** TURN *** [Js 5h 2s] [6s]
BigYelloFish: checks
_fayzulllo_: bets $6
BigYelloFish: raises $6 to $12
_fayzulllo_: calls $6
*** RIVER *** [Js 5h 2s 6s] [Jh]
BigYelloFish: bets $6
_fayzulllo_: calls $6
*** SHOW DOWN ***
BigYelloFish: shows [Ts 4s] (a flush, Jack high)
_fayzulllo_: mucks hand
BigYelloFish collected $41.50 from pot
*** SUMMARY ***
Total pot $42 | Rake $0.50
Board [Js 5h 2s 6s Jh]
Seat 1: BigYelloFish (big blind) showed [Ts 4s] and won ($41.50) with a flush, Jack high
Seat 2: _fayzulllo_ (button) (small blind) mucked


PokerStars Hand #146325499507:  Hold'em Limit ($3/$6 USD) - 2016/01/02 9:09:40 ET
Table 'Yunnan' 2-max Seat #1 is the button
Seat 1: BigYelloFish ($121 in chips)
Seat 2: _fayzulllo_ ($71 in chips)
BigYelloFish: posts small blind $1
_fayzulllo_: posts big blind $3
*** HOLE CARDS ***
BigYelloFish: raises $3 to $6
_fayzulllo_: raises $3 to $9
BigYelloFish: calls $3
*** FLOP *** [Tc Kh 9c]
_fayzulllo_: bets $3
BigYelloFish: calls $3
*** TURN *** [Tc Kh 9c] [Kc]
_fayzulllo_: bets $6
BigYelloFish: raises $6 to $12
_fayzulllo_: calls $6
*** RIVER *** [Tc Kh 9c Kc] [2d]
_fayzulllo_: bets $6
BigYelloFish: calls $6
*** SHOW DOWN ***
_fayzulllo_: shows [As Ah] (two pair, Aces and Kings)
BigYelloFish: shows [4c Ks] (three of a kind, Kings)
BigYelloFish collected $59.50 from pot
*** SUMMARY ***
Total pot $60 | Rake $0.50
Board [Tc Kh 9c Kc 2d]
Seat 1: BigYelloFish (button) (small blind) showed [4c Ks] and won ($59.50) with three of a kind, Kings
Seat 2: _fayzulllo_ (big blind) showed [As Ah] and lost with two pair, Aces and Kings


PokerStars Hand #146325554051:  Hold'em Limit ($3/$6 USD) - 2016/01/02 9:10:43 ET
Table 'Yunnan' 2-max Seat #1 is the button
Seat 1: BigYelloFish ($171 in chips)
Seat 2: _fayzulllo_ ($20 in chips)
BigYelloFish: posts small blind $1
_fayzulllo_: posts big blind $3
*** HOLE CARDS ***
BigYelloFish: calls $2
_fayzulllo_: raises $3 to $6
BigYelloFish: calls $3
*** FLOP *** [Qc 7s 5c]
_fayzulllo_: bets $3
BigYelloFish: raises $3 to $6
_fayzulllo_: raises $3 to $9
BigYelloFish: calls $3
*** TURN *** [Qc 7s 5c] [6s]
_fayzulllo_: bets $5 and is all-in
BigYelloFish: calls $5
*** RIVER *** [Qc 7s 5c 6s] [3c]
*** SHOW DOWN ***
_fayzulllo_: shows [Td Qd] (a pair of Queens)
BigYelloFish: shows [Qs 2h] (a pair of Queens - lower kicker)
_fayzulllo_ collected $39.50 from pot
*** SUMMARY ***
Total pot $40 | Rake $0.50
Board [Qc 7s 5c 6s 3c]
Seat 1: BigYelloFish (button) (small blind) showed [Qs 2h] and lost with a pair of Queens
Seat 2: _fayzulllo_ (big blind) showed [Td Qd] and won ($39.50) with a pair of Queens


PokerStars Hand #146325649587:  Hold'em Limit ($3/$6 USD) - 2016/01/02 9:12:33 ET
Table 'Yunnan' 2-max Seat #2 is the button
Seat 1: BigYelloFish ($150.50 in chips)
Seat 2: _fayzulllo_ ($39 in chips)
_fayzulllo_: posts small blind $1
BigYelloFish: posts big blind $3
*** HOLE CARDS ***
_fayzulllo_: calls $2
BigYelloFish: raises $3 to $6
_fayzulllo_: calls $3
*** FLOP *** [6h Qd As]
BigYelloFish: bets $3
_fayzulllo_: calls $3
*** TURN *** [6h Qd As] [Kc]
BigYelloFish: bets $6
_fayzulllo_: calls $6
*** RIVER *** [6h Qd As Kc] [4d]
BigYelloFish: bets $6
_fayzulllo_: folds
Uncalled bet ($6) returned to BigYelloFish
BigYelloFish collected $29.50 from pot
BigYelloFish: doesn't show hand
*** SUMMARY ***
Total pot $30 | Rake $0.50
Board [6h Qd As Kc 4d]
Seat 1: BigYelloFish (big blind) collected ($29.50)
Seat 2: _fayzulllo_ (button) (small blind) folded on the River


PokerStars Hand #146325627477:  Hold'em Limit ($3/$6 USD) - 2016/01/02 9:12:07 ET
Table 'Yunnan' 2-max Seat #1 is the button
Seat 1: BigYelloFish ($130 in chips)
Seat 2: _fayzulllo_ ($60 in chips)
BigYelloFish: posts small blind $1
_fayzulllo_: posts big blind $3
*** HOLE CARDS ***
BigYelloFish: calls $2
_fayzulllo_: checks
*** FLOP *** [Jc Ad 4c]
_fayzulllo_: checks
BigYelloFish: checks
*** TURN *** [Jc Ad 4c] [5h]
_fayzulllo_: bets $6
BigYelloFish: raises $6 to $12
_fayzulllo_: calls $6
*** RIVER *** [Jc Ad 4c 5h] [Td]
_fayzulllo_: checks
BigYelloFish: bets $6
_fayzulllo_: calls $6
*** SHOW DOWN ***
BigYelloFish: shows [2h 3h] (a straight, Ace to Five)
_fayzulllo_: mucks hand
BigYelloFish collected $41.50 from pot
*** SUMMARY ***
Total pot $42 | Rake $0.50
Board [Jc Ad 4c 5h Td]
Seat 1: BigYelloFish (button) (small blind) showed [2h 3h] and won ($41.50) with a straight, Ace to Five
Seat 2: _fayzulllo_ (big blind) mucked


PokerStars Hand #146325607369:  Hold'em Limit ($3/$6 USD) - 2016/01/02 9:11:44 ET
Table 'Yunnan' 2-max Seat #2 is the button
Seat 1: BigYelloFish ($151 in chips)
Seat 2: _fayzulllo_ ($39.50 in chips)
_fayzulllo_: posts small blind $1
BigYelloFish: posts big blind $3
*** HOLE CARDS ***
_fayzulllo_: calls $2
BigYelloFish: raises $3 to $6
_fayzulllo_: calls $3
*** FLOP *** [2h 3h 6h]
BigYelloFish: bets $3
_fayzulllo_: calls $3
*** TURN *** [2h 3h 6h] [2c]
BigYelloFish: bets $6
_fayzulllo_: calls $6
*** RIVER *** [2h 3h 6h 2c] [4c]
BigYelloFish: bets $6
_fayzulllo_: calls $6
*** SHOW DOWN ***
BigYelloFish: shows [9h 6s] (two pair, Sixes and Deuces)
_fayzulllo_: shows [9s 2s] (three of a kind, Deuces)
_fayzulllo_ collected $41.50 from pot
*** SUMMARY ***
Total pot $42 | Rake $0.50
Board [2h 3h 6h 2c 4c]
Seat 1: BigYelloFish (big blind) showed [9h 6s] and lost with two pair, Sixes and Deuces
Seat 2: _fayzulllo_ (button) (small blind) showed [9s 2s] and won ($41.50) with three of a kind, Deuces


PokerStars Hand #146325664826:  Hold'em Limit ($3/$6 USD) - 2016/01/02 9:12:51 ET
Table 'Yunnan' 2-max Seat #1 is the button
Seat 1: BigYelloFish ($165 in chips)
Seat 2: _fayzulllo_ ($24 in chips)
BigYelloFish: posts small blind $1
_fayzulllo_: posts big blind $3
*** HOLE CARDS ***
BigYelloFish: raises $3 to $6
_fayzulllo_: raises $3 to $9
BigYelloFish: calls $3
*** FLOP *** [7d 3c 3s]
_fayzulllo_: bets $3
BigYelloFish: calls $3
*** TURN *** [7d 3c 3s] [Qh]
_fayzulllo_: bets $6
BigYelloFish: raises $6 to $12
_fayzulllo_: calls $6 and is all-in
*** RIVER *** [7d 3c 3s Qh] [7c]
*** SHOW DOWN ***
_fayzulllo_: shows [Ac Ks] (two pair, Sevens and Threes)
BigYelloFish: shows [Qs 5d] (two pair, Queens and Sevens)
BigYelloFish collected $47.50 from pot
*** SUMMARY ***
Total pot $48 | Rake $0.50
Board [7d 3c 3s Qh 7c]
Seat 1: BigYelloFish (button) (small blind) showed [Qs 5d] and won ($47.50) with two pair, Queens and Sevens
Seat 2: _fayzulllo_ (big blind) showed [Ac Ks] and lost with two pair, Sevens and Threes


PokerStars Hand #146326302798:  Hold'em Limit ($3/$6 USD) - 2016/01/02 9:25:09 ET
Table 'Yunnan' 2-max Seat #2 is the button
Seat 1: BigYelloFish ($193.89 in chips)
Seat 2: _fayzulllo_ ($63.53 in chips)
_fayzulllo_: posts small blind $1
BigYelloFish: posts big blind $3
*** HOLE CARDS ***
_fayzulllo_: raises $3 to $6
BigYelloFish: calls $3
*** FLOP *** [8d As Ad]
BigYelloFish: bets $3
_fayzulllo_: raises $3 to $6
BigYelloFish: calls $3
*** TURN *** [8d As Ad] [Kc]
BigYelloFish: checks
_fayzulllo_: checks
*** RIVER *** [8d As Ad Kc] [Ah]
BigYelloFish: checks
_fayzulllo_: bets $6
BigYelloFish: calls $6
*** SHOW DOWN ***
_fayzulllo_: shows [Kd Th] (a full house, Aces full of Kings)
BigYelloFish: mucks hand
_fayzulllo_ collected $35.50 from pot
*** SUMMARY ***
Total pot $36 | Rake $0.50
Board [8d As Ad Kc Ah]
Seat 1: BigYelloFish (big blind) mucked
Seat 2: _fayzulllo_ (button) (small blind) showed [Kd Th] and won ($35.50) with a full house, Aces full of Kings


PokerStars Hand #146326324287:  Hold'em Limit ($3/$6 USD) - 2016/01/02 9:25:34 ET
Table 'Yunnan' 2-max Seat #1 is the button
Seat 1: BigYelloFish ($175.89 in chips)
Seat 2: _fayzulllo_ ($81.03 in chips)
BigYelloFish: posts small blind $1
_fayzulllo_: posts big blind $3
*** HOLE CARDS ***
BigYelloFish: raises $3 to $6
_fayzulllo_: calls $3
*** FLOP *** [Qs Kh 9d]
_fayzulllo_: checks
BigYelloFish: checks
*** TURN *** [Qs Kh 9d] [4c]
_fayzulllo_: bets $6
BigYelloFish: calls $6
*** RIVER *** [Qs Kh 9d 4c] [2c]
_fayzulllo_: checks
BigYelloFish: checks
*** SHOW DOWN ***
_fayzulllo_: shows [5h Ac] (high card Ace)
BigYelloFish: shows [Ah 4d] (a pair of Fours)
BigYelloFish collected $23.52 from pot
*** SUMMARY ***
Total pot $24 | Rake $0.48
Board [Qs Kh 9d 4c 2c]
Seat 1: BigYelloFish (button) (small blind) showed [Ah 4d] and won ($23.52) with a pair of Fours
Seat 2: _fayzulllo_ (big blind) showed [5h Ac] and lost with high card Ace


PokerStars Hand #146326343300:  Hold'em Limit ($3/$6 USD) - 2016/01/02 9:25:56 ET
Table 'Yunnan' 2-max Seat #2 is the button
Seat 1: BigYelloFish ($187.41 in chips)
Seat 2: _fayzulllo_ ($69.03 in chips)
_fayzulllo_: posts small blind $1
BigYelloFish: posts big blind $3
*** HOLE CARDS ***
_fayzulllo_: calls $2
BigYelloFish: raises $3 to $6
_fayzulllo_: calls $3
*** FLOP *** [2h 5h Th]
BigYelloFish: bets $3
_fayzulllo_: calls $3
*** TURN *** [2h 5h Th] [Qh]
BigYelloFish: checks
_fayzulllo_: bets $6
BigYelloFish: folds
Uncalled bet ($6) returned to _fayzulllo_
_fayzulllo_ collected $17.64 from pot
_fayzulllo_: doesn't show hand
*** SUMMARY ***
Total pot $18 | Rake $0.36
Board [2h 5h Th Qh]
Seat 1: BigYelloFish (big blind) folded on the Turn
Seat 2: _fayzulllo_ (button) (small blind) collected ($17.64)


PokerStars Hand #146326374534:  Hold'em Limit ($3/$6 USD) - 2016/01/02 9:26:32 ET
Table 'Yunnan' 2-max Seat #1 is the button
Seat 1: BigYelloFish ($178.41 in chips)
Seat 2: _fayzulllo_ ($77.67 in chips)
BigYelloFish: posts small blind $1
_fayzulllo_: posts big blind $3
*** HOLE CARDS ***
BigYelloFish: raises $3 to $6
_fayzulllo_: calls $3
*** FLOP *** [As Ad Jc]
_fayzulllo_: checks
BigYelloFish: bets $3
_fayzulllo_: calls $3
*** TURN *** [As Ad Jc] [3h]
_fayzulllo_: checks
BigYelloFish: checks
*** RIVER *** [As Ad Jc 3h] [6d]
_fayzulllo_: bets $6
BigYelloFish: folds
Uncalled bet ($6) returned to _fayzulllo_
_fayzulllo_ collected $17.64 from pot
_fayzulllo_: doesn't show hand
*** SUMMARY ***
Total pot $18 | Rake $0.36
Board [As Ad Jc 3h 6d]
Seat 1: BigYelloFish (button) (small blind) folded on the River
Seat 2: _fayzulllo_ (big blind) collected ($17.64)


PokerStars Hand #146326389764:  Hold'em Limit ($3/$6 USD) - 2016/01/02 9:26:49 ET
Table 'Yunnan' 2-max Seat #2 is the button
Seat 1: BigYelloFish ($169.41 in chips)
Seat 2: _fayzulllo_ ($86.31 in chips)
_fayzulllo_: posts small blind $1
BigYelloFish: posts big blind $3
*** HOLE CARDS ***
_fayzulllo_: raises $3 to $6
BigYelloFish: raises $3 to $9
_fayzulllo_: calls $3
*** FLOP *** [9s As 6d]
BigYelloFish: bets $3
_fayzulllo_: calls $3
*** TURN *** [9s As 6d] [7c]
BigYelloFish: bets $6
_fayzulllo_: calls $6
*** RIVER *** [9s As 6d 7c] [6c]
BigYelloFish: checks
_fayzulllo_: bets $6
BigYelloFish: calls $6
*** SHOW DOWN ***
_fayzulllo_: shows [Ah Jh] (two pair, Aces and Sixes)
BigYelloFish: mucks hand
_fayzulllo_ collected $47.50 from pot
*** SUMMARY ***
Total pot $48 | Rake $0.50
Board [9s As 6d 7c 6c]
Seat 1: BigYelloFish (big blind) mucked
Seat 2: _fayzulllo_ (button) (small blind) showed [Ah Jh] and won ($47.50) with two pair, Aces and Sixes


PokerStars Hand #146326415721:  Hold'em Limit ($3/$6 USD) - 2016/01/02 9:27:19 ET
Table 'Yunnan' 2-max Seat #1 is the button
Seat 1: BigYelloFish ($145.41 in chips)
Seat 2: _fayzulllo_ ($109.81 in chips)
BigYelloFish: posts small blind $1
_fayzulllo_: posts big blind $3
*** HOLE CARDS ***
BigYelloFish: raises $3 to $6
_fayzulllo_: calls $3
*** FLOP *** [8h 2c 7c]
_fayzulllo_: checks
BigYelloFish: checks
*** TURN *** [8h 2c 7c] [6s]
_fayzulllo_: bets $6
BigYelloFish: folds
Uncalled bet ($6) returned to _fayzulllo_
_fayzulllo_ collected $11.76 from pot
_fayzulllo_: doesn't show hand
*** SUMMARY ***
Total pot $12 | Rake $0.24
Board [8h 2c 7c 6s]
Seat 1: BigYelloFish (button) (small blind) folded on the Turn
Seat 2: _fayzulllo_ (big blind) collected ($11.76)


PokerStars Hand #146326446768:  Hold'em Limit ($3/$6 USD) - 2016/01/02 9:27:55 ET
Table 'Yunnan' 2-max Seat #2 is the button
Seat 1: BigYelloFish ($139.41 in chips)
Seat 2: _fayzulllo_ ($115.57 in chips)
_fayzulllo_: posts small blind $1
BigYelloFish: posts big blind $3
*** HOLE CARDS ***
_fayzulllo_: raises $3 to $6
BigYelloFish: calls $3
*** FLOP *** [2c 8d Jc]
BigYelloFish: checks
_fayzulllo_: bets $3
BigYelloFish: calls $3
*** TURN *** [2c 8d Jc] [2d]
BigYelloFish: checks
_fayzulllo_: bets $6
BigYelloFish: calls $6
*** RIVER *** [2c 8d Jc 2d] [5c]
BigYelloFish: checks
_fayzulllo_: bets $6
BigYelloFish: calls $6
*** SHOW DOWN ***
_fayzulllo_: shows [Qd Qs] (two pair, Queens and Deuces)
BigYelloFish: mucks hand
_fayzulllo_ collected $41.50 from pot
*** SUMMARY ***
Total pot $42 | Rake $0.50
Board [2c 8d Jc 2d 5c]
Seat 1: BigYelloFish (big blind) mucked
Seat 2: _fayzulllo_ (button) (small blind) showed [Qd Qs] and won ($41.50) with two pair, Queens and Deuces


PokerStars Hand #146326476800:  Hold'em Limit ($3/$6 USD) - 2016/01/02 9:28:30 ET
Table 'Yunnan' 2-max Seat #2 is the button
Seat 1: BigYelloFish ($103.41 in chips)
Seat 2: _fayzulllo_ ($150.57 in chips)
_fayzulllo_: posts small blind $1
BigYelloFish: posts big blind $3
*** HOLE CARDS ***
_fayzulllo_: folds
Uncalled bet ($2) returned to BigYelloFish
BigYelloFish collected $2 from pot
BigYelloFish: doesn't show hand
*** SUMMARY ***
Total pot $2 | Rake $0
Seat 1: BigYelloFish (big blind) collected ($2)
Seat 2: _fayzulllo_ (button) (small blind) folded before Flop


PokerStars Hand #146326461396:  Hold'em Limit ($3/$6 USD) - 2016/01/02 9:28:12 ET
Table 'Yunnan' 2-max Seat #1 is the button
Seat 1: BigYelloFish ($118.41 in chips)
Seat 2: _fayzulllo_ ($136.07 in chips)
BigYelloFish: posts small blind $1
_fayzulllo_: posts big blind $3
*** HOLE CARDS ***
BigYelloFish: raises $3 to $6
_fayzulllo_: calls $3
*** FLOP *** [2d 9c Js]
_fayzulllo_: checks
BigYelloFish: bets $3
_fayzulllo_: calls $3
*** TURN *** [2d 9c Js] [5h]
_fayzulllo_: checks
BigYelloFish: checks
*** RIVER *** [2d 9c Js 5h] [6d]
_fayzulllo_: bets $6
BigYelloFish: calls $6
*** SHOW DOWN ***
_fayzulllo_: shows [9d 3d] (a pair of Nines)
BigYelloFish: mucks hand
_fayzulllo_ collected $29.50 from pot
*** SUMMARY ***
Total pot $30 | Rake $0.50
Board [2d 9c Js 5h 6d]
Seat 1: BigYelloFish (button) (small blind) mucked
Seat 2: _fayzulllo_ (big blind) showed [9d 3d] and won ($29.50) with a pair of Nines


