PokerStars Hand #150460385417:  Hold'em Limit ($3/$6 USD) - 2016/03/16 17:22:37 ET
Table 'Zachia' 6-max Seat #4 is the button
Seat 3: mateuniooo30 ($495.08 in chips)
Seat 4: flush_entry ($84.08 in chips)
flush_entry: posts small blind $1
mateuniooo30: posts big blind $3
*** HOLE CARDS ***
flush_entry: raises $3 to $6
mateuniooo30: folds
Uncalled bet ($3) returned to flush_entry
flush_entry collected $6 from pot
flush_entry: doesn't show hand
*** SUMMARY ***
Total pot $6 | Rake $0
Seat 3: mateuniooo30 (big blind) folded before Flop
Seat 4: flush_entry (button) (small blind) collected ($6)


PokerStars Hand #150460376161:  Hold'em Limit ($3/$6 USD) - 2016/03/16 17:22:28 ET
Table 'Zachia' 6-max Seat #3 is the button
Seat 3: mateuniooo30 ($492.20 in chips)
Seat 4: flush_entry ($87.08 in chips)
mateuniooo30: posts small blind $1
flush_entry: posts big blind $3
*** HOLE CARDS ***
mateuniooo30: calls $2
flush_entry: checks
*** FLOP *** [Kh 7h 9s]
flush_entry: checks
mateuniooo30: bets $3
flush_entry: folds
Uncalled bet ($3) returned to mateuniooo30
mateuniooo30 collected $5.88 from pot
mateuniooo30: doesn't show hand
*** SUMMARY ***
Total pot $6 | Rake $0.12
Board [Kh 7h 9s]
Seat 3: mateuniooo30 (button) (small blind) collected ($5.88)
Seat 4: flush_entry (big blind) folded on the Flop


PokerStars Hand #150460371160:  Hold'em Limit ($3/$6 USD) - 2016/03/16 17:22:23 ET
Table 'Zachia' 6-max Seat #4 is the button
Seat 3: mateuniooo30 ($491.20 in chips)
Seat 4: flush_entry ($88.08 in chips)
flush_entry: posts small blind $1
mateuniooo30: posts big blind $3
*** HOLE CARDS ***
flush_entry: folds
Uncalled bet ($2) returned to mateuniooo30
mateuniooo30 collected $2 from pot
mateuniooo30: doesn't show hand
*** SUMMARY ***
Total pot $2 | Rake $0
Seat 3: mateuniooo30 (big blind) collected ($2)
Seat 4: flush_entry (button) (small blind) folded before Flop


PokerStars Hand #150460362665:  Hold'em Limit ($3/$6 USD) - 2016/03/16 17:22:15 ET
Table 'Zachia' 6-max Seat #3 is the button
Seat 3: mateuniooo30 ($485.44 in chips)
Seat 4: flush_entry ($94.08 in chips)
mateuniooo30: posts small blind $1
flush_entry: posts big blind $3
*** HOLE CARDS ***
mateuniooo30: raises $3 to $6
flush_entry: calls $3
*** FLOP *** [Ac Ts 5d]
flush_entry: checks
mateuniooo30: bets $3
flush_entry: folds
Uncalled bet ($3) returned to mateuniooo30
mateuniooo30 collected $11.76 from pot
mateuniooo30: doesn't show hand
*** SUMMARY ***
Total pot $12 | Rake $0.24
Board [Ac Ts 5d]
Seat 3: mateuniooo30 (button) (small blind) collected ($11.76)
Seat 4: flush_entry (big blind) folded on the Flop


PokerStars Hand #150460390959:  Hold'em Limit ($3/$6 USD) - 2016/03/16 17:22:42 ET
Table 'Zachia' 6-max Seat #3 is the button
Seat 3: mateuniooo30 ($492.08 in chips)
Seat 4: flush_entry ($87.08 in chips)
mateuniooo30: posts small blind $1
flush_entry: posts big blind $3
*** HOLE CARDS ***
mateuniooo30: raises $3 to $6
flush_entry: folds
Uncalled bet ($3) returned to mateuniooo30
mateuniooo30 collected $6 from pot
mateuniooo30: doesn't show hand
*** SUMMARY ***
Total pot $6 | Rake $0
Seat 3: mateuniooo30 (button) (small blind) collected ($6)
Seat 4: flush_entry (big blind) folded before Flop


PokerStars Hand #150460413161:  Hold'em Limit ($3/$6 USD) - 2016/03/16 17:23:02 ET
Table 'Zachia' 6-max Seat #3 is the button
Seat 3: mateuniooo30 ($483.08 in chips)
Seat 4: flush_entry ($95.60 in chips)
mateuniooo30: posts small blind $1
flush_entry: posts big blind $3
*** HOLE CARDS ***
mateuniooo30: raises $3 to $6
flush_entry: calls $3
*** FLOP *** [Ad 8c 9c]
flush_entry: checks
mateuniooo30: bets $3
flush_entry: raises $3 to $6
mateuniooo30: calls $3
*** TURN *** [Ad 8c 9c] [6d]
flush_entry: checks
mateuniooo30: bets $6
flush_entry: calls $6
*** RIVER *** [Ad 8c 9c 6d] [Qc]
JayEm82 joins the table at seat #5
flush_entry: checks
mateuniooo30: bets $6
flush_entry: calls $6
*** SHOW DOWN ***
mateuniooo30: shows [Kc 2c] (a flush, King high)
flush_entry: mucks hand
mateuniooo30 collected $47.50 from pot
*** SUMMARY ***
Total pot $48 | Rake $0.50
Board [Ad 8c 9c 6d Qc]
Seat 3: mateuniooo30 (button) (small blind) showed [Kc 2c] and won ($47.50) with a flush, King high
Seat 4: flush_entry (big blind) mucked


PokerStars Hand #150460396726:  Hold'em Limit ($3/$6 USD) - 2016/03/16 17:22:47 ET
Table 'Zachia' 6-max Seat #4 is the button
Seat 3: mateuniooo30 ($495.08 in chips)
Seat 4: flush_entry ($84.08 in chips)
flush_entry: posts small blind $1
mateuniooo30: posts big blind $3
*** HOLE CARDS ***
flush_entry: raises $3 to $6
Paulllchen joins the table at seat #2
mateuniooo30: raises $3 to $9
flush_entry: calls $3
*** FLOP *** [Qc 2c 8h]
mateuniooo30: checks
flush_entry: bets $3
mateuniooo30: calls $3
*** TURN *** [Qc 2c 8h] [9s]
mateuniooo30: checks
flush_entry: bets $6
mateuniooo30: folds
Uncalled bet ($6) returned to flush_entry
flush_entry collected $23.52 from pot
flush_entry: doesn't show hand
*** SUMMARY ***
Total pot $24 | Rake $0.48
Board [Qc 2c 8h 9s]
Seat 3: mateuniooo30 (big blind) folded on the Turn
Seat 4: flush_entry (button) (small blind) collected ($23.52)


PokerStars Hand #150464581294:  Hold'em Limit ($3/$6 USD) - 2016/03/16 18:42:28 ET
Table 'Zachia' 6-max Seat #6 is the button
Seat 4: flush_entry ($170.97 in chips)
Seat 6: Chessnok ($60 in chips)
Chessnok: posts small blind $1
flush_entry: posts big blind $3
*** HOLE CARDS ***
Chessnok: raises $3 to $6
flush_entry: raises $3 to $9
Chessnok: calls $3
*** FLOP *** [7c Jd 6h]
flush_entry: bets $3
Chessnok: calls $3
*** TURN *** [7c Jd 6h] [9d]
flush_entry: checks
perten leaves the table
Chessnok: checks
*** RIVER *** [7c Jd 6h 9d] [5c]
flush_entry: bets $6
Chessnok: raises $6 to $12
flush_entry: calls $6
*** SHOW DOWN ***
Chessnok: shows [4c Kc] (high card King)
flush_entry: shows [Jh 8h] (a straight, Five to Nine)
flush_entry collected $47.50 from pot
*** SUMMARY ***
Total pot $48 | Rake $0.50
Board [7c Jd 6h 9d 5c]
Seat 4: flush_entry (big blind) showed [Jh 8h] and won ($47.50) with a straight, Five to Nine
Seat 6: Chessnok (button) (small blind) showed [4c Kc] and lost with high card King


PokerStars Hand #150464563418:  Hold'em Limit ($3/$6 USD) - 2016/03/16 18:42:10 ET
Table 'Zachia' 6-max Seat #4 is the button
Seat 4: flush_entry ($156.47 in chips)
Seat 6: Chessnok ($72.83 in chips)
flush_entry: posts small blind $1
perten: is sitting out
Chessnok: posts big blind $3
*** HOLE CARDS ***
flush_entry: raises $3 to $6
Chessnok: calls $3
*** FLOP *** [Td 2s 8d]
Chessnok: checks
flush_entry: bets $3
Chessnok: calls $3
*** TURN *** [Td 2s 8d] [Kd]
Chessnok: checks
flush_entry: checks
*** RIVER *** [Td 2s 8d Kd] [Ad]
Chessnok: bets $6
flush_entry: calls $6
*** SHOW DOWN ***
Chessnok: shows [3d 3s] (a flush, Ace high)
flush_entry: shows [8c 7d] (a flush, Ace high - Seven higher)
flush_entry collected $29.50 from pot
*** SUMMARY ***
Total pot $30 | Rake $0.50
Board [Td 2s 8d Kd Ad]
Seat 4: flush_entry (button) (small blind) showed [8c 7d] and won ($29.50) with a flush, Ace high
Seat 6: Chessnok (big blind) showed [3d 3s] and lost with a flush, Ace high


PokerStars Hand #150464640841:  Hold'em Limit ($3/$6 USD) - 2016/03/16 18:43:40 ET
Table 'Zachia' 6-max Seat #4 is the button
Seat 4: flush_entry ($195.29 in chips)
Seat 6: Chessnok ($60 in chips)
flush_entry: posts small blind $1
Chessnok: posts big blind $3
*** HOLE CARDS ***
flush_entry: raises $3 to $6
Chessnok: folds
Uncalled bet ($3) returned to flush_entry
flush_entry collected $6 from pot
flush_entry: doesn't show hand
*** SUMMARY ***
Total pot $6 | Rake $0
Seat 4: flush_entry (button) (small blind) collected ($6)
Seat 6: Chessnok (big blind) folded before Flop


PokerStars Hand #150464633484:  Hold'em Limit ($3/$6 USD) - 2016/03/16 18:43:31 ET
Table 'Zachia' 6-max Seat #6 is the button
Seat 4: flush_entry ($194.29 in chips)
Seat 6: Chessnok ($60 in chips)
Chessnok: posts small blind $1
flush_entry: posts big blind $3
*** HOLE CARDS ***
Chessnok: folds
Uncalled bet ($2) returned to flush_entry
flush_entry collected $2 from pot
flush_entry: doesn't show hand
*** SUMMARY ***
Total pot $2 | Rake $0
Seat 4: flush_entry (big blind) collected ($2)
Seat 6: Chessnok (button) (small blind) folded before Flop


PokerStars Hand #150464646294:  Hold'em Limit ($3/$6 USD) - 2016/03/16 18:43:47 ET
Table 'Zachia' 6-max Seat #6 is the button
Seat 4: flush_entry ($198.29 in chips)
Seat 6: Chessnok ($60 in chips)
Chessnok: posts small blind $1
flush_entry: posts big blind $3
*** HOLE CARDS ***
Chessnok: raises $3 to $6
flush_entry: folds
Uncalled bet ($3) returned to Chessnok
Chessnok collected $6 from pot
*** SUMMARY ***
Total pot $6 | Rake $0
Seat 4: flush_entry (big blind) folded before Flop
Seat 6: Chessnok (button) (small blind) collected ($6)


PokerStars Hand #150464606726:  Hold'em Limit ($3/$6 USD) - 2016/03/16 18:42:59 ET
Table 'Zachia' 6-max Seat #4 is the button
Seat 4: flush_entry ($194.47 in chips)
Seat 6: Chessnok ($60 in chips)
flush_entry: posts small blind $1
Chessnok: posts big blind $3
*** HOLE CARDS ***
flush_entry: raises $3 to $6
Chessnok: calls $3
*** FLOP *** [2h 5s 4c]
Chessnok: checks
flush_entry: bets $3
Chessnok: calls $3
*** TURN *** [2h 5s 4c] [6c]
Chessnok: checks
flush_entry: checks
*** RIVER *** [2h 5s 4c 6c] [3c]
Chessnok: checks
flush_entry: checks
*** SHOW DOWN ***
Chessnok: shows [Qd 2s] (a straight, Deuce to Six)
flush_entry: shows [Ks 5h] (a straight, Deuce to Six)
Chessnok collected $8.82 from pot
flush_entry collected $8.82 from pot
*** SUMMARY ***
Total pot $18 | Rake $0.36
Board [2h 5s 4c 6c 3c]
Seat 4: flush_entry (button) (small blind) showed [Ks 5h] and won ($8.82) with a straight, Deuce to Six
Seat 6: Chessnok (big blind) showed [Qd 2s] and won ($8.82) with a straight, Deuce to Six


PokerStars Hand #150464695151:  Hold'em Limit ($3/$6 USD) - 2016/03/16 18:44:44 ET
Table 'Zachia' 6-max Seat #6 is the button
Seat 4: flush_entry ($199.79 in chips)
Seat 6: Chessnok ($61 in chips)
Chessnok: posts small blind $1
flush_entry: posts big blind $3
*** HOLE CARDS ***
Chessnok: folds
Uncalled bet ($2) returned to flush_entry
flush_entry collected $2 from pot
flush_entry: doesn't show hand
*** SUMMARY ***
Total pot $2 | Rake $0
Seat 4: flush_entry (big blind) collected ($2)
Seat 6: Chessnok (button) (small blind) folded before Flop


PokerStars Hand #150464689109:  Hold'em Limit ($3/$6 USD) - 2016/03/16 18:44:37 ET
Table 'Zachia' 6-max Seat #4 is the button
Seat 4: flush_entry ($200.79 in chips)
Seat 6: Chessnok ($60 in chips)
flush_entry: posts small blind $1
Chessnok: posts big blind $3
*** HOLE CARDS ***
flush_entry: folds
Uncalled bet ($2) returned to Chessnok
Chessnok collected $2 from pot
Chessnok: doesn't show hand
*** SUMMARY ***
Total pot $2 | Rake $0
Seat 4: flush_entry (button) (small blind) folded before Flop
Seat 6: Chessnok (big blind) collected ($2)


PokerStars Hand #150464699107:  Hold'em Limit ($3/$6 USD) - 2016/03/16 18:44:49 ET
Table 'Zachia' 6-max Seat #4 is the button
Seat 4: flush_entry ($200.79 in chips)
Seat 6: Chessnok ($60 in chips)
flush_entry: posts small blind $1
Chessnok: posts big blind $3
*** HOLE CARDS ***
flush_entry: folds
Uncalled bet ($2) returned to Chessnok
Chessnok collected $2 from pot
Chessnok: doesn't show hand
*** SUMMARY ***
Total pot $2 | Rake $0
Seat 4: flush_entry (button) (small blind) folded before Flop
Seat 6: Chessnok (big blind) collected ($2)


PokerStars Hand #150464703618:  Hold'em Limit ($3/$6 USD) - 2016/03/16 18:44:54 ET
Table 'Zachia' 6-max Seat #6 is the button
Seat 4: flush_entry ($199.79 in chips)
Seat 6: Chessnok ($61 in chips)
Chessnok: posts small blind $1
flush_entry: posts big blind $3
*** HOLE CARDS ***
Chessnok: raises $3 to $6
flush_entry: folds
Uncalled bet ($3) returned to Chessnok
Chessnok collected $6 from pot
Chessnok: doesn't show hand
*** SUMMARY ***
Total pot $6 | Rake $0
Seat 4: flush_entry (big blind) folded before Flop
Seat 6: Chessnok (button) (small blind) collected ($6)


PokerStars Hand #150464670151:  Hold'em Limit ($3/$6 USD) - 2016/03/16 18:44:13 ET
Table 'Zachia' 6-max Seat #6 is the button
Seat 4: flush_entry ($186.29 in chips)
Seat 6: Chessnok ($71.64 in chips)
Chessnok: posts small blind $1
flush_entry: posts big blind $3
*** HOLE CARDS ***
Chessnok: raises $3 to $6
flush_entry: calls $3
*** FLOP *** [Qd 6s 8h]
flush_entry: checks
Chessnok: bets $3
flush_entry: calls $3
*** TURN *** [Qd 6s 8h] [2c]
flush_entry: checks
Chessnok: checks
*** RIVER *** [Qd 6s 8h 2c] [5c]
flush_entry: bets $6
Chessnok: calls $6
*** SHOW DOWN ***
flush_entry: shows [6d Kh] (a pair of Sixes)
Chessnok: mucks hand
flush_entry collected $29.50 from pot
*** SUMMARY ***
Total pot $30 | Rake $0.50
Board [Qd 6s 8h 2c 5c]
Seat 4: flush_entry (big blind) showed [6d Kh] and won ($29.50) with a pair of Sixes
Seat 6: Chessnok (button) (small blind) mucked


PokerStars Hand #150464653478:  Hold'em Limit ($3/$6 USD) - 2016/03/16 18:43:55 ET
Table 'Zachia' 6-max Seat #4 is the button
Seat 4: flush_entry ($195.29 in chips)
Seat 6: Chessnok ($63 in chips)
flush_entry: posts small blind $1
Chessnok: posts big blind $3
*** HOLE CARDS ***
flush_entry: raises $3 to $6
Chessnok: calls $3
*** FLOP *** [Ac 9d 3h]
Chessnok: checks
flush_entry: bets $3
Chessnok: raises $3 to $6
flush_entry: folds
Uncalled bet ($3) returned to Chessnok
Chessnok collected $17.64 from pot
Chessnok: doesn't show hand
*** SUMMARY ***
Total pot $18 | Rake $0.36
Board [Ac 9d 3h]
Seat 4: flush_entry (button) (small blind) folded on the Flop
Seat 6: Chessnok (big blind) collected ($17.64)


PokerStars Hand #150464730474:  Hold'em Limit ($3/$6 USD) - 2016/03/16 18:45:27 ET
Table 'Zachia' 6-max Seat #6 is the button
Seat 4: flush_entry ($214.29 in chips)
Seat 6: Chessnok ($60 in chips)
Chessnok: posts small blind $1
flush_entry: posts big blind $3
*** HOLE CARDS ***
Chessnok: raises $3 to $6
flush_entry: calls $3
*** FLOP *** [9s 4h 6s]
flush_entry: checks
Chessnok: bets $3
flush_entry: raises $3 to $6
Chessnok: calls $3
*** TURN *** [9s 4h 6s] [7c]
flush_entry: bets $6
Chessnok: calls $6
*** RIVER *** [9s 4h 6s 7c] [3s]
flush_entry: bets $6
Chessnok: raises $6 to $12
flush_entry: calls $6
*** SHOW DOWN ***
Chessnok: shows [5d Kd] (a straight, Three to Seven)
flush_entry: shows [3c 5c] (a straight, Three to Seven)
flush_entry collected $29.75 from pot
Chessnok collected $29.75 from pot
*** SUMMARY ***
Total pot $60 | Rake $0.50
Board [9s 4h 6s 7c 3s]
Seat 4: flush_entry (big blind) showed [3c 5c] and won ($29.75) with a straight, Three to Seven
Seat 6: Chessnok (button) (small blind) showed [5d Kd] and won ($29.75) with a straight, Three to Seven


PokerStars Hand #150464763953:  Hold'em Limit ($3/$6 USD) - 2016/03/16 18:46:01 ET
Table 'Zachia' 6-max Seat #6 is the button
Seat 4: flush_entry ($202.04 in chips)
Seat 6: Chessnok ($71.52 in chips)
Chessnok: posts small blind $1
flush_entry: posts big blind $3
*** HOLE CARDS ***
Chessnok: folds
Uncalled bet ($2) returned to flush_entry
flush_entry collected $2 from pot
flush_entry: doesn't show hand
*** SUMMARY ***
Total pot $2 | Rake $0
Seat 4: flush_entry (big blind) collected ($2)
Seat 6: Chessnok (button) (small blind) folded before Flop


PokerStars Hand #150464714303:  Hold'em Limit ($3/$6 USD) - 2016/03/16 18:45:07 ET
Table 'Zachia' 6-max Seat #4 is the button
Seat 4: flush_entry ($196.79 in chips)
Seat 6: Chessnok ($64 in chips)
flush_entry: posts small blind $1
Chessnok: posts big blind $3
*** HOLE CARDS ***
flush_entry: raises $3 to $6
Chessnok: calls $3
*** FLOP *** [Jh Ts Tc]
Chessnok: checks
flush_entry: bets $3
Chessnok: raises $3 to $6
flush_entry: calls $3
*** TURN *** [Jh Ts Tc] [Qd]
Chessnok: bets $6
flush_entry: calls $6
*** RIVER *** [Jh Ts Tc Qd] [9d]
Chessnok: checks
flush_entry: checks
*** SHOW DOWN ***
Chessnok: shows [As 3h] (a pair of Tens)
flush_entry: shows [6d Jd] (two pair, Jacks and Tens)
flush_entry collected $35.50 from pot
*** SUMMARY ***
Total pot $36 | Rake $0.50
Board [Jh Ts Tc Qd 9d]
Seat 4: flush_entry (button) (small blind) showed [6d Jd] and won ($35.50) with two pair, Jacks and Tens
Seat 6: Chessnok (big blind) showed [As 3h] and lost with a pair of Tens


PokerStars Hand #150464799057:  Hold'em Limit ($3/$6 USD) - 2016/03/16 18:46:44 ET
Table 'Zachia' 6-max Seat #6 is the button
Seat 4: flush_entry ($169.04 in chips)
Seat 6: Chessnok ($104.02 in chips)
Chessnok: posts small blind $1
flush_entry: posts big blind $3
*** HOLE CARDS ***
Chessnok: raises $3 to $6
flush_entry: folds
Uncalled bet ($3) returned to Chessnok
Chessnok collected $6 from pot
Chessnok: doesn't show hand
*** SUMMARY ***
Total pot $6 | Rake $0
Seat 4: flush_entry (big blind) folded before Flop
Seat 6: Chessnok (button) (small blind) collected ($6)


PokerStars Hand #150464791464:  Hold'em Limit ($3/$6 USD) - 2016/03/16 18:46:35 ET
Table 'Zachia' 6-max Seat #4 is the button
Seat 4: flush_entry ($170.04 in chips)
Seat 6: Chessnok ($103.02 in chips)
flush_entry: posts small blind $1
Chessnok: posts big blind $3
*** HOLE CARDS ***
flush_entry: folds
Uncalled bet ($2) returned to Chessnok
Chessnok collected $2 from pot
Chessnok: doesn't show hand
*** SUMMARY ***
Total pot $2 | Rake $0
Seat 4: flush_entry (button) (small blind) folded before Flop
Seat 6: Chessnok (big blind) collected ($2)


PokerStars Hand #150464787074:  Hold'em Limit ($3/$6 USD) - 2016/03/16 18:46:29 ET
Table 'Zachia' 6-max Seat #6 is the button
Seat 4: flush_entry ($173.04 in chips)
Seat 6: Chessnok ($100.02 in chips)
Chessnok: posts small blind $1
flush_entry: posts big blind $3
*** HOLE CARDS ***
Chessnok: raises $3 to $6
flush_entry: folds
Uncalled bet ($3) returned to Chessnok
Chessnok collected $6 from pot
Chessnok: doesn't show hand
*** SUMMARY ***
Total pot $6 | Rake $0
Seat 4: flush_entry (big blind) folded before Flop
Seat 6: Chessnok (button) (small blind) collected ($6)


PokerStars Hand #150464855120:  Hold'em Limit ($3/$6 USD) - 2016/03/16 18:47:51 ET
Table 'Zachia' 6-max Seat #6 is the button
Seat 4: flush_entry ($167.68 in chips)
Seat 6: Chessnok ($104.78 in chips)
Chessnok: posts small blind $1
flush_entry: posts big blind $3
*** HOLE CARDS ***
Chessnok: raises $3 to $6
flush_entry: folds
Uncalled bet ($3) returned to Chessnok
Chessnok collected $6 from pot
Chessnok: doesn't show hand
belik555 joins the table at seat #5
*** SUMMARY ***
Total pot $6 | Rake $0
Seat 4: flush_entry (big blind) folded before Flop
Seat 6: Chessnok (button) (small blind) collected ($6)


PokerStars Hand #150464845669:  Hold'em Limit ($3/$6 USD) - 2016/03/16 18:47:40 ET
Table 'Zachia' 6-max Seat #4 is the button
Seat 4: flush_entry ($164.68 in chips)
Seat 6: Chessnok ($107.78 in chips)
flush_entry: posts small blind $1
Chessnok: posts big blind $3
*** HOLE CARDS ***
flush_entry: raises $3 to $6
Chessnok: folds
Uncalled bet ($3) returned to flush_entry
flush_entry collected $6 from pot
flush_entry: doesn't show hand
*** SUMMARY ***
Total pot $6 | Rake $0
Seat 4: flush_entry (button) (small blind) collected ($6)
Seat 6: Chessnok (big blind) folded before Flop


PokerStars Hand #150464838359:  Hold'em Limit ($3/$6 USD) - 2016/03/16 18:47:30 ET
Table 'Zachia' 6-max Seat #6 is the button
Seat 4: flush_entry ($170.68 in chips)
Seat 6: Chessnok ($102.02 in chips)
Chessnok: posts small blind $1
flush_entry: posts big blind $3
*** HOLE CARDS ***
Chessnok: raises $3 to $6
flush_entry: calls $3
*** FLOP *** [9h 3h Qc]
flush_entry: checks
Chessnok: bets $3
flush_entry: folds
Uncalled bet ($3) returned to Chessnok
Chessnok collected $11.76 from pot
Chessnok: doesn't show hand
*** SUMMARY ***
Total pot $12 | Rake $0.24
Board [9h 3h Qc]
Seat 4: flush_entry (big blind) folded on the Flop
Seat 6: Chessnok (button) (small blind) collected ($11.76)


PokerStars Hand #150464834730:  Hold'em Limit ($3/$6 USD) - 2016/03/16 18:47:26 ET
Table 'Zachia' 6-max Seat #4 is the button
Seat 4: flush_entry ($171.68 in chips)
Seat 6: Chessnok ($101.02 in chips)
flush_entry: posts small blind $1
Chessnok: posts big blind $3
*** HOLE CARDS ***
flush_entry: folds
Uncalled bet ($2) returned to Chessnok
Chessnok collected $2 from pot
Chessnok: doesn't show hand
*** SUMMARY ***
Total pot $2 | Rake $0
Seat 4: flush_entry (button) (small blind) folded before Flop
Seat 6: Chessnok (big blind) collected ($2)


PokerStars Hand #150464831243:  Hold'em Limit ($3/$6 USD) - 2016/03/16 18:47:21 ET
Table 'Zachia' 6-max Seat #6 is the button
Seat 4: flush_entry ($170.68 in chips)
Seat 6: Chessnok ($102.02 in chips)
Chessnok: posts small blind $1
flush_entry: posts big blind $3
*** HOLE CARDS ***
Chessnok: folds
Uncalled bet ($2) returned to flush_entry
flush_entry collected $2 from pot
flush_entry: doesn't show hand
*** SUMMARY ***
Total pot $2 | Rake $0
Seat 4: flush_entry (big blind) collected ($2)
Seat 6: Chessnok (button) (small blind) folded before Flop


PokerStars Hand #150464827441:  Hold'em Limit ($3/$6 USD) - 2016/03/16 18:47:17 ET
Table 'Zachia' 6-max Seat #4 is the button
Seat 4: flush_entry ($171.68 in chips)
Seat 6: Chessnok ($101.02 in chips)
flush_entry: posts small blind $1
Chessnok: posts big blind $3
*** HOLE CARDS ***
flush_entry: folds
Uncalled bet ($2) returned to Chessnok
Chessnok collected $2 from pot
Chessnok: doesn't show hand
*** SUMMARY ***
Total pot $2 | Rake $0
Seat 4: flush_entry (button) (small blind) folded before Flop
Seat 6: Chessnok (big blind) collected ($2)


PokerStars Hand #150464823119:  Hold'em Limit ($3/$6 USD) - 2016/03/16 18:47:11 ET
Table 'Zachia' 6-max Seat #6 is the button
Seat 4: flush_entry ($174.68 in chips)
Seat 6: Chessnok ($98.02 in chips)
Chessnok: posts small blind $1
flush_entry: posts big blind $3
*** HOLE CARDS ***
Chessnok: raises $3 to $6
flush_entry: folds
Uncalled bet ($3) returned to Chessnok
Chessnok collected $6 from pot
Chessnok: doesn't show hand
*** SUMMARY ***
Total pot $6 | Rake $0
Seat 4: flush_entry (big blind) folded before Flop
Seat 6: Chessnok (button) (small blind) collected ($6)


PokerStars Hand #150464807641:  Hold'em Limit ($3/$6 USD) - 2016/03/16 18:46:55 ET
Table 'Zachia' 6-max Seat #4 is the button
Seat 4: flush_entry ($166.04 in chips)
Seat 6: Chessnok ($107.02 in chips)
flush_entry: posts small blind $1
Chessnok: posts big blind $3
*** HOLE CARDS ***
flush_entry: raises $3 to $6
Chessnok: calls $3
*** FLOP *** [3c Jc 7d]
Chessnok: checks
flush_entry: bets $3
Chessnok: calls $3
*** TURN *** [3c Jc 7d] [9s]
Chessnok: checks
flush_entry: checks
*** RIVER *** [3c Jc 7d 9s] [Td]
Chessnok: checks
flush_entry: checks
*** SHOW DOWN ***
Chessnok: shows [5h Ks] (high card King)
flush_entry: shows [Kh 3s] (a pair of Threes)
flush_entry collected $17.64 from pot
*** SUMMARY ***
Total pot $18 | Rake $0.36
Board [3c Jc 7d 9s Td]
Seat 4: flush_entry (button) (small blind) showed [Kh 3s] and won ($17.64) with a pair of Threes
Seat 6: Chessnok (big blind) showed [5h Ks] and lost with high card King


PokerStars Hand #150465179203:  Hold'em Limit ($3/$6 USD) - 2016/03/16 18:54:01 ET
Table 'Zachia' 6-max Seat #5 is the button
Seat 5: belik555 ($72.61 in chips)
Seat 6: Chessnok ($95.45 in chips)
belik555: posts small blind $1
Chessnok: posts big blind $3
*** HOLE CARDS ***
belik555: raises $3 to $6
Chessnok: calls $3
*** FLOP *** [6c 7s 5d]
Chessnok: checks
belik555: bets $3
Chessnok: raises $3 to $6
belik555: calls $3
*** TURN *** [6c 7s 5d] [2d]
Chessnok: bets $6
belik555: calls $6
*** RIVER *** [6c 7s 5d 2d] [2s]
Chessnok: bets $6
belik555: calls $6
*** SHOW DOWN ***
Chessnok: shows [8d Js] (a pair of Deuces)
belik555: shows [7c 4s] (two pair, Sevens and Deuces)
belik555 collected $47.50 from pot
*** SUMMARY ***
Total pot $48 | Rake $0.50
Board [6c 7s 5d 2d 2s]
Seat 5: belik555 (button) (small blind) showed [7c 4s] and won ($47.50) with two pair, Sevens and Deuces
Seat 6: Chessnok (big blind) showed [8d Js] and lost with a pair of Deuces


