PokerStars Hand #154150356634:  Hold'em Limit ($3/$6 USD) - 2016/06/01 14:57:45 ET
Table 'Zachia' 6-max Seat #4 is the button
Seat 1: Siwy56 ($90.80 in chips)
Seat 4: Actionni13 ($151 in chips)
Actionni13: posts small blind $1
Siwy56: posts big blind $3
*** HOLE CARDS ***
Actionni13: folds
Uncalled bet ($2) returned to Siwy56
Siwy56 collected $2 from pot
Siwy56: doesn't show hand
*** SUMMARY ***
Total pot $2 | Rake $0
Seat 1: Siwy56 (big blind) collected ($2)
Seat 4: Actionni13 (button) (small blind) folded before Flop


PokerStars Hand #154157944887:  Hold'em Limit ($3/$6 USD) - 2016/06/01 17:20:51 ET
Table 'Zachia' 6-max Seat #4 is the button
Seat 3: tomte999 ($100.04 in chips)
Seat 4: poker111141 ($97.38 in chips)
poker111141: posts small blind $1
7moneymaster: is sitting out
tomte999: posts big blind $3
*** HOLE CARDS ***
poker111141: raises $3 to $6
tomte999: calls $3
*** FLOP *** [Ad Th 3s]
tomte999: checks
7moneymaster leaves the table
poker111141: bets $3
tomte999: folds
Uncalled bet ($3) returned to poker111141
poker111141 collected $11.76 from pot
poker111141: doesn't show hand
*** SUMMARY ***
Total pot $12 | Rake $0.24
Board [Ad Th 3s]
Seat 3: tomte999 (big blind) folded on the Flop
Seat 4: poker111141 (button) (small blind) collected ($11.76)


