PokerStars Hand #166109986478:  Hold'em Limit ($3/$6 USD) - 2017/02/12 14:46:24 ET
Table 'Zachia II' 6-max Seat #3 is the button
Seat 3: sienvan ($30 in chips)
Seat 4: MTails ($120 in chips)
sienvan: posts small blind $1
MTails: posts big blind $3
*** HOLE CARDS ***
sienvan: calls $2
MTails: raises $3 to $6
sienvan: calls $3
*** FLOP *** [7h 9c Kh]
MTails: bets $3
sienvan: calls $3
*** TURN *** [7h 9c Kh] [Ah]
MTails: checks
sienvan: bets $6
MTails: calls $6
*** RIVER *** [7h 9c Kh Ah] [8c]
MTails: checks
sienvan: bets $6
MTails: raises $6 to $12
sienvan: folds
Uncalled bet ($6) returned to MTails
MTails collected $41.50 from pot
MTails: doesn't show hand
*** SUMMARY ***
Total pot $42 | Rake $0.50
Board [7h 9c Kh Ah 8c]
Seat 3: sienvan (button) (small blind) folded on the River
Seat 4: MTails (big blind) collected ($41.50)


PokerStars Hand #166110016310:  Hold'em Limit ($3/$6 USD) - 2017/02/12 14:46:50 ET
Table 'Zachia II' 6-max Seat #4 is the button
Seat 3: sienvan ($9 in chips)
Seat 4: MTails ($140.50 in chips)
MTails: posts small blind $1
sienvan: posts big blind $3
*** HOLE CARDS ***
MTails: raises $3 to $6
sienvan: folds
Uncalled bet ($3) returned to MTails
MTails collected $6 from pot
*** SUMMARY ***
Total pot $6 | Rake $0
Seat 3: sienvan (big blind) folded before Flop
Seat 4: MTails (button) (small blind) collected ($6)


PokerStars Hand #166110051734:  Hold'em Limit ($3/$6 USD) - 2017/02/12 14:47:13 ET
Table 'Zachia II' 6-max Seat #4 is the button
Seat 3: sienvan ($39 in chips)
Seat 4: MTails ($140.50 in chips)
MTails: posts small blind $1
sienvan: posts big blind $3
*** HOLE CARDS ***
MTails: raises $3 to $6
sienvan: folds
Uncalled bet ($3) returned to MTails
MTails collected $6 from pot
MTails: doesn't show hand
*** SUMMARY ***
Total pot $6 | Rake $0
Seat 3: sienvan (big blind) folded before Flop
Seat 4: MTails (button) (small blind) collected ($6)


PokerStars Hand #166110035015:  Hold'em Limit ($3/$6 USD) - 2017/02/12 14:47:07 ET
Table 'Zachia II' 6-max Seat #3 is the button
Seat 3: sienvan ($36 in chips)
Seat 4: MTails ($143.50 in chips)
sienvan: posts small blind $1
MTails: posts big blind $3
*** HOLE CARDS ***
sienvan: raises $3 to $6
MTails: folds
Uncalled bet ($3) returned to sienvan
sienvan collected $6 from pot
sienvan: doesn't show hand
*** SUMMARY ***
Total pot $6 | Rake $0
Seat 3: sienvan (button) (small blind) collected ($6)
Seat 4: MTails (big blind) folded before Flop


PokerStars Hand #166110058855:  Hold'em Limit ($3/$6 USD) - 2017/02/12 14:47:20 ET
Table 'Zachia II' 6-max Seat #3 is the button
Seat 3: sienvan ($36 in chips)
Seat 4: MTails ($143.50 in chips)
sienvan: posts small blind $1
MTails: posts big blind $3
*** HOLE CARDS ***
sienvan: folds
Uncalled bet ($2) returned to MTails
MTails collected $2 from pot
MTails: doesn't show hand
*** SUMMARY ***
Total pot $2 | Rake $0
Seat 3: sienvan (button) (small blind) folded before Flop
Seat 4: MTails (big blind) collected ($2)


PokerStars Hand #166110070555:  Hold'em Limit ($3/$6 USD) - 2017/02/12 14:47:30 ET
Table 'Zachia II' 6-max Seat #4 is the button
Seat 3: sienvan ($35 in chips)
Seat 4: MTails ($144.50 in chips)
MTails: posts small blind $1
sienvan: posts big blind $3
*** HOLE CARDS ***
MTails: raises $3 to $6
sienvan: raises $3 to $9
MTails: calls $3
*** FLOP *** [Jd 5c Kd]
sienvan: bets $3
MTails: calls $3
*** TURN *** [Jd 5c Kd] [Qh]
sienvan: bets $6
MTails: calls $6
*** RIVER *** [Jd 5c Kd Qh] [3h]
sienvan: bets $6
MTails: calls $6
*** SHOW DOWN ***
sienvan: shows [Qd 8c] (a pair of Queens)
MTails: mucks hand
sienvan collected $47.50 from pot
*** SUMMARY ***
Total pot $48 | Rake $0.50
Board [Jd 5c Kd Qh 3h]
Seat 3: sienvan (big blind) showed [Qd 8c] and won ($47.50) with a pair of Queens
Seat 4: MTails (button) (small blind) mucked


PokerStars Hand #166110111540:  Hold'em Limit ($3/$6 USD) - 2017/02/12 14:48:06 ET
Table 'Zachia II' 6-max Seat #4 is the button
Seat 3: sienvan ($31.50 in chips)
Seat 4: MTails ($147 in chips)
MTails: posts small blind $1
sienvan: posts big blind $3
*** HOLE CARDS ***
MTails: raises $3 to $6
sienvan: folds
Uncalled bet ($3) returned to MTails
MTails collected $6 from pot
*** SUMMARY ***
Total pot $6 | Rake $0
Seat 3: sienvan (big blind) folded before Flop
Seat 4: MTails (button) (small blind) collected ($6)


PokerStars Hand #166110089966:  Hold'em Limit ($3/$6 USD) - 2017/02/12 14:47:47 ET
Table 'Zachia II' 6-max Seat #3 is the button
Seat 3: sienvan ($58.50 in chips)
Seat 4: MTails ($120.50 in chips)
sienvan: posts small blind $1
MTails: posts big blind $3
*** HOLE CARDS ***
sienvan: raises $3 to $6
MTails: calls $3
*** FLOP *** [8d Ts 2d]
MTails: checks
sienvan: bets $3
MTails: calls $3
*** TURN *** [8d Ts 2d] [9d]
MTails: checks
sienvan: bets $6
MTails: raises $6 to $12
sienvan: calls $6
*** RIVER *** [8d Ts 2d 9d] [9h]
MTails: bets $6
sienvan: calls $6
*** SHOW DOWN ***
MTails: shows [Kd 3d] (a flush, King high)
sienvan: mucks hand
MTails collected $53.50 from pot
*** SUMMARY ***
Total pot $54 | Rake $0.50
Board [8d Ts 2d 9d 9h]
Seat 3: sienvan (button) (small blind) mucked
Seat 4: MTails (big blind) showed [Kd 3d] and won ($53.50) with a flush, King high


PokerStars Hand #166110118033:  Hold'em Limit ($3/$6 USD) - 2017/02/12 14:48:12 ET
Table 'Zachia II' 6-max Seat #3 is the button
Seat 3: sienvan ($28.50 in chips)
Seat 4: MTails ($150 in chips)
sienvan: posts small blind $1
MTails: posts big blind $3
*** HOLE CARDS ***
sienvan: folds
Uncalled bet ($2) returned to MTails
MTails collected $2 from pot
MTails: doesn't show hand
*** SUMMARY ***
Total pot $2 | Rake $0
Seat 3: sienvan (button) (small blind) folded before Flop
Seat 4: MTails (big blind) collected ($2)


PokerStars Hand #166110123123:  Hold'em Limit ($3/$6 USD) - 2017/02/12 14:48:17 ET
Table 'Zachia II' 6-max Seat #4 is the button
Seat 3: sienvan ($27.50 in chips)
Seat 4: MTails ($151 in chips)
MTails: posts small blind $1
sienvan: posts big blind $3
*** HOLE CARDS ***
MTails: raises $3 to $6
sienvan: calls $3
*** FLOP *** [5s Kc Ah]
sienvan: checks
MTails: bets $3
sienvan: folds
Uncalled bet ($3) returned to MTails
MTails collected $11.76 from pot
*** SUMMARY ***
Total pot $12 | Rake $0.24
Board [5s Kc Ah]
Seat 3: sienvan (big blind) folded on the Flop
Seat 4: MTails (button) (small blind) collected ($11.76)


PokerStars Hand #166110136577:  Hold'em Limit ($3/$6 USD) - 2017/02/12 14:48:29 ET
Table 'Zachia II' 6-max Seat #3 is the button
Seat 3: sienvan ($21.50 in chips)
Seat 4: MTails ($156.76 in chips)
sienvan: posts small blind $1
MTails: posts big blind $3
*** HOLE CARDS ***
sienvan: raises $3 to $6
MTails: calls $3
*** FLOP *** [6s Kd 7h]
MTails: checks
sienvan: bets $3
MTails: folds
Uncalled bet ($3) returned to sienvan
sienvan collected $11.76 from pot
sienvan: doesn't show hand
*** SUMMARY ***
Total pot $12 | Rake $0.24
Board [6s Kd 7h]
Seat 3: sienvan (button) (small blind) collected ($11.76)
Seat 4: MTails (big blind) folded on the Flop


PokerStars Hand #166110165907:  Hold'em Limit ($3/$6 USD) - 2017/02/12 14:48:55 ET
Table 'Zachia II' 6-max Seat #3 is the button
Seat 3: sienvan ($41.76 in chips)
Seat 4: MTails ($135.76 in chips)
sienvan: posts small blind $1
MTails: posts big blind $3
*** HOLE CARDS ***
sienvan: folds
Uncalled bet ($2) returned to MTails
MTails collected $2 from pot
*** SUMMARY ***
Total pot $2 | Rake $0
Seat 3: sienvan (button) (small blind) folded before Flop
Seat 4: MTails (big blind) collected ($2)


PokerStars Hand #166110147493:  Hold'em Limit ($3/$6 USD) - 2017/02/12 14:48:38 ET
Table 'Zachia II' 6-max Seat #4 is the button
Seat 3: sienvan ($27.26 in chips)
Seat 4: MTails ($150.76 in chips)
MTails: posts small blind $1
sienvan: posts big blind $3
*** HOLE CARDS ***
MTails: raises $3 to $6
sienvan: calls $3
*** FLOP *** [6c 2c 8d]
sienvan: checks
MTails: bets $3
sienvan: calls $3
*** TURN *** [6c 2c 8d] [Jc]
sienvan: checks
MTails: checks
*** RIVER *** [6c 2c 8d Jc] [5h]
sienvan: bets $6
MTails: calls $6
*** SHOW DOWN ***
sienvan: shows [5c 9d] (a pair of Fives)
MTails: mucks hand
sienvan collected $29.50 from pot
*** SUMMARY ***
Total pot $30 | Rake $0.50
Board [6c 2c 8d Jc 5h]
Seat 3: sienvan (big blind) showed [5c 9d] and won ($29.50) with a pair of Fives
Seat 4: MTails (button) (small blind) mucked


PokerStars Hand #166110171154:  Hold'em Limit ($3/$6 USD) - 2017/02/12 14:48:59 ET
Table 'Zachia II' 6-max Seat #4 is the button
Seat 3: sienvan ($40.76 in chips)
Seat 4: MTails ($136.76 in chips)
MTails: posts small blind $1
sienvan: posts big blind $3
*** HOLE CARDS ***
MTails: raises $3 to $6
sienvan: calls $3
*** FLOP *** [7h 7d As]
sienvan: checks
MTails: bets $3
sienvan: calls $3
*** TURN *** [7h 7d As] [7c]
sienvan: checks
MTails: bets $6
sienvan: calls $6
*** RIVER *** [7h 7d As 7c] [8s]
sienvan: checks
MTails: bets $6
sienvan: folds
Uncalled bet ($6) returned to MTails
MTails collected $29.50 from pot
*** SUMMARY ***
Total pot $30 | Rake $0.50
Board [7h 7d As 7c 8s]
Seat 3: sienvan (big blind) folded on the River
Seat 4: MTails (button) (small blind) collected ($29.50)


PokerStars Hand #166110193223:  Hold'em Limit ($3/$6 USD) - 2017/02/12 14:49:19 ET
Table 'Zachia II' 6-max Seat #3 is the button
Seat 3: sienvan ($25.76 in chips)
Seat 4: MTails ($151.26 in chips)
sienvan: posts small blind $1
MTails: posts big blind $3
*** HOLE CARDS ***
sienvan: folds
Uncalled bet ($2) returned to MTails
MTails collected $2 from pot
*** SUMMARY ***
Total pot $2 | Rake $0
Seat 3: sienvan (button) (small blind) folded before Flop
Seat 4: MTails (big blind) collected ($2)


PokerStars Hand #166110198047:  Hold'em Limit ($3/$6 USD) - 2017/02/12 14:49:23 ET
Table 'Zachia II' 6-max Seat #4 is the button
Seat 3: sienvan ($24.76 in chips)
Seat 4: MTails ($152.26 in chips)
MTails: posts small blind $1
sienvan: posts big blind $3
*** HOLE CARDS ***
mazael joins the table at seat #6
MTails: raises $3 to $6
sienvan: calls $3
*** FLOP *** [2d Kd 6c]
sienvan: checks
MTails: bets $3
sienvan: calls $3
*** TURN *** [2d Kd 6c] [Qs]
sienvan: checks
MTails: bets $6
sienvan: calls $6
*** RIVER *** [2d Kd 6c Qs] [Ac]
sienvan: bets $6
MTails: folds
Uncalled bet ($6) returned to sienvan
sienvan collected $29.50 from pot
sienvan: doesn't show hand
*** SUMMARY ***
Total pot $30 | Rake $0.50
Board [2d Kd 6c Qs Ac]
Seat 3: sienvan (big blind) collected ($29.50)
Seat 4: MTails (button) (small blind) folded on the River


PokerStars Hand #166110214729:  Hold'em Limit ($3/$6 USD) - 2017/02/12 14:49:38 ET
Table 'Zachia II' 6-max Seat #3 is the button
Seat 3: sienvan ($39.26 in chips)
Seat 4: MTails ($137.26 in chips)
sienvan: posts small blind $1
MTails: posts big blind $3
*** HOLE CARDS ***
sienvan: folds
Uncalled bet ($2) returned to MTails
MTails collected $2 from pot
*** SUMMARY ***
Total pot $2 | Rake $0
Seat 3: sienvan (button) (small blind) folded before Flop
Seat 4: MTails (big blind) collected ($2)


PokerStars Hand #166112397252:  Hold'em Limit ($3/$6 USD) - 2017/02/12 15:23:11 ET
Table 'Zachia II' 6-max Seat #1 is the button
Seat 1: belik555 ($212.51 in chips)
Seat 5: knas4 ($427.79 in chips)
belik555: posts small blind $1
jvc336: is sitting out
knas4: posts big blind $3
*** HOLE CARDS ***
Mr_IGING leaves the table
belik555: raises $3 to $6
jvc336 leaves the table
knas4: calls $3
*** FLOP *** [2c Tc Qd]
knas4: checks
belik555: bets $3
knas4: folds
Uncalled bet ($3) returned to belik555
knas4 leaves the table
belik555 collected $11.76 from pot
belik555: doesn't show hand
*** SUMMARY ***
Total pot $12 | Rake $0.24
Board [2c Tc Qd]
Seat 1: belik555 (button) (small blind) collected ($11.76)
Seat 5: knas4 (big blind) folded on the Flop


