PokerStars Hand #145651150843:  Hold'em Limit ($3/$6 USD) - 2015/12/20 15:04:53 ET
Table 'Zachia' 6-max Seat #6 is the button
Seat 4: Jannuh ($139.59 in chips)
Seat 6: BuzovaPro ($118.15 in chips)
BuzovaPro: posts small blind $1
MellivoraSto: is sitting out
SashaYuvelir: is sitting out
alexslep: is sitting out
Jannuh: posts big blind $3
*** HOLE CARDS ***
alexslep leaves the table
SashaYuvelir leaves the table
BuzovaPro: raises $3 to $6
Jannuh: calls $3
*** FLOP *** [Ad 5h 4s]
Jannuh: checks
BuzovaPro: bets $3
Jannuh: calls $3
*** TURN *** [Ad 5h 4s] [5d]
Jannuh: checks
BuzovaPro: bets $6
Jannuh: raises $6 to $12
BuzovaPro: calls $6
*** RIVER *** [Ad 5h 4s 5d] [Js]
Jannuh: bets $6
MellivoraSto leaves the table
BuzovaPro: raises $6 to $12
Jannuh: raises $6 to $18
BuzovaPro: calls $6
*** SHOW DOWN ***
Jannuh: shows [Jc 5c] (a full house, Fives full of Jacks)
BuzovaPro: mucks hand
Jannuh collected $77.50 from pot
*** SUMMARY ***
Total pot $78 | Rake $0.50
Board [Ad 5h 4s 5d Js]
Seat 4: Jannuh (big blind) showed [Jc 5c] and won ($77.50) with a full house, Fives full of Jacks
Seat 6: BuzovaPro (button) (small blind) mucked


PokerStars Hand #145651204301:  Hold'em Limit ($3/$6 USD) - 2015/12/20 15:05:42 ET
Table 'Zachia' 6-max Seat #4 is the button
Seat 4: Jannuh ($178.09 in chips)
Seat 6: BuzovaPro ($79.15 in chips)
Jannuh: posts small blind $1
BuzovaPro: posts big blind $3
*** HOLE CARDS ***
Jannuh: folds
Uncalled bet ($2) returned to BuzovaPro
BuzovaPro collected $2 from pot
BuzovaPro: doesn't show hand
*** SUMMARY ***
Total pot $2 | Rake $0
Seat 4: Jannuh (button) (small blind) folded before Flop
Seat 6: BuzovaPro (big blind) collected ($2)


PokerStars Hand #145651210491:  Hold'em Limit ($3/$6 USD) - 2015/12/20 15:05:47 ET
Table 'Zachia' 6-max Seat #6 is the button
Seat 4: Jannuh ($177.09 in chips)
Seat 6: BuzovaPro ($80.15 in chips)
BuzovaPro: posts small blind $1
Jannuh: posts big blind $3
*** HOLE CARDS ***
BuzovaPro: raises $3 to $6
Jannuh: calls $3
*** FLOP *** [4c Kh 2d]
Jannuh: checks
BuzovaPro: bets $3
Jannuh: folds
Uncalled bet ($3) returned to BuzovaPro
BuzovaPro collected $11.76 from pot
BuzovaPro: doesn't show hand
*** SUMMARY ***
Total pot $12 | Rake $0.24
Board [4c Kh 2d]
Seat 4: Jannuh (big blind) folded on the Flop
Seat 6: BuzovaPro (button) (small blind) collected ($11.76)


PokerStars Hand #145651223789:  Hold'em Limit ($3/$6 USD) - 2015/12/20 15:05:59 ET
Table 'Zachia' 6-max Seat #4 is the button
Seat 4: Jannuh ($171.09 in chips)
Seat 6: BuzovaPro ($85.91 in chips)
Jannuh: posts small blind $1
BuzovaPro: posts big blind $3
*** HOLE CARDS ***
Jannuh: raises $3 to $6
BuzovaPro: folds
Uncalled bet ($3) returned to Jannuh
Jannuh collected $6 from pot
*** SUMMARY ***
Total pot $6 | Rake $0
Seat 4: Jannuh (button) (small blind) collected ($6)
Seat 6: BuzovaPro (big blind) folded before Flop


PokerStars Hand #145651274413:  Hold'em Limit ($3/$6 USD) - 2015/12/20 15:06:44 ET
Table 'Zachia' 6-max Seat #4 is the button
Seat 4: Jannuh ($194.59 in chips)
Seat 6: BuzovaPro ($72 in chips)
Jannuh: posts small blind $1
BuzovaPro: posts big blind $3
*** HOLE CARDS ***
Jannuh: raises $3 to $6
BuzovaPro: folds
Uncalled bet ($3) returned to Jannuh
Jannuh collected $6 from pot
*** SUMMARY ***
Total pot $6 | Rake $0
Seat 4: Jannuh (button) (small blind) collected ($6)
Seat 6: BuzovaPro (big blind) folded before Flop


PokerStars Hand #145651267893:  Hold'em Limit ($3/$6 USD) - 2015/12/20 15:06:38 ET
Table 'Zachia' 6-max Seat #6 is the button
Seat 4: Jannuh ($193.59 in chips)
Seat 6: BuzovaPro ($73 in chips)
BuzovaPro: posts small blind $1
Jannuh: posts big blind $3
*** HOLE CARDS ***
BuzovaPro: folds
Uncalled bet ($2) returned to Jannuh
Jannuh collected $2 from pot
*** SUMMARY ***
Total pot $2 | Rake $0
Seat 4: Jannuh (big blind) collected ($2)
Seat 6: BuzovaPro (button) (small blind) folded before Flop


PokerStars Hand #145651262127:  Hold'em Limit ($3/$6 USD) - 2015/12/20 15:06:33 ET
Table 'Zachia' 6-max Seat #4 is the button
Seat 4: Jannuh ($194.59 in chips)
Seat 6: BuzovaPro ($72 in chips)
Jannuh: posts small blind $1
BuzovaPro: posts big blind $3
*** HOLE CARDS ***
Jannuh: folds
Uncalled bet ($2) returned to BuzovaPro
BuzovaPro collected $2 from pot
BuzovaPro: doesn't show hand
*** SUMMARY ***
Total pot $2 | Rake $0
Seat 4: Jannuh (button) (small blind) folded before Flop
Seat 6: BuzovaPro (big blind) collected ($2)


PokerStars Hand #145651232125:  Hold'em Limit ($3/$6 USD) - 2015/12/20 15:06:06 ET
Table 'Zachia' 6-max Seat #6 is the button
Seat 4: Jannuh ($174.09 in chips)
Seat 6: BuzovaPro ($82.91 in chips)
BuzovaPro: posts small blind $1
Jannuh: posts big blind $3
*** HOLE CARDS ***
BuzovaPro: raises $3 to $6
Jannuh: calls $3
*** FLOP *** [7h 9s 3h]
Jannuh: checks
BuzovaPro: bets $3
Jannuh: calls $3
*** TURN *** [7h 9s 3h] [2d]
Jannuh: checks
BuzovaPro: bets $6
Jannuh: calls $6
*** RIVER *** [7h 9s 3h 2d] [Ad]
Jannuh: checks
BuzovaPro: bets $6
Jannuh: raises $6 to $12
BuzovaPro: folds
Uncalled bet ($6) returned to Jannuh
Jannuh collected $41.50 from pot
*** SUMMARY ***
Total pot $42 | Rake $0.50
Board [7h 9s 3h 2d Ad]
Seat 4: Jannuh (big blind) collected ($41.50)
Seat 6: BuzovaPro (button) (small blind) folded on the River


PokerStars Hand #145651313109:  Hold'em Limit ($3/$6 USD) - 2015/12/20 15:07:18 ET
Table 'Zachia' 6-max Seat #4 is the button
Seat 4: Jannuh ($206.23 in chips)
Seat 6: BuzovaPro ($72 in chips)
Jannuh: posts small blind $1
BuzovaPro: posts big blind $3
*** HOLE CARDS ***
Jannuh: folds
Uncalled bet ($2) returned to BuzovaPro
BuzovaPro collected $2 from pot
BuzovaPro: doesn't show hand
*** SUMMARY ***
Total pot $2 | Rake $0
Seat 4: Jannuh (button) (small blind) folded before Flop
Seat 6: BuzovaPro (big blind) collected ($2)


PokerStars Hand #145651282976:  Hold'em Limit ($3/$6 USD) - 2015/12/20 15:06:51 ET
Table 'Zachia' 6-max Seat #6 is the button
Seat 4: Jannuh ($197.59 in chips)
Seat 6: BuzovaPro ($72 in chips)
BuzovaPro: posts small blind $1
Jannuh: posts big blind $3
*** HOLE CARDS ***
BuzovaPro: raises $3 to $6
Jannuh: calls $3
*** FLOP *** [6c Ah 7c]
a.v.kopli joins the table at seat #1
Jannuh: checks
BuzovaPro: bets $3
Jannuh: calls $3
*** TURN *** [6c Ah 7c] [6d]
Jannuh: checks
BuzovaPro: checks
*** RIVER *** [6c Ah 7c 6d] [2c]
Jannuh: bets $6
BuzovaPro: folds
Uncalled bet ($6) returned to Jannuh
Jannuh collected $17.64 from pot
*** SUMMARY ***
Total pot $18 | Rake $0.36
Board [6c Ah 7c 6d 2c]
Seat 4: Jannuh (big blind) collected ($17.64)
Seat 6: BuzovaPro (button) (small blind) folded on the River


