PokerStars Hand #171635621959:  Hold'em Limit ($3/$6 USD) - 2017/06/11 10:42:59 ET
Table 'Zambesia II' 6-max Seat #3 is the button
Seat 3: DENKON ($60 in chips)
Seat 4: TbIP-TbIP 88 ($72 in chips)
DENKON: posts small blind $1
GoliafUa joins the table at seat #5
TbIP-TbIP 88: posts big blind $3
*** HOLE CARDS ***
DENKON: folds
Uncalled bet ($2) returned to TbIP-TbIP 88
TbIP-TbIP 88 collected $2 from pot
TbIP-TbIP 88: doesn't show hand
*** SUMMARY ***
Total pot $2 | Rake $0
Seat 3: DENKON (button) (small blind) folded before Flop
Seat 4: TbIP-TbIP 88 (big blind) collected ($2)


PokerStars Hand #171636182950:  Hold'em Limit ($3/$6 USD) - 2017/06/11 10:57:43 ET
Table 'Zambesia II' 6-max Seat #2 is the button
Seat 2: HAL9QQQ ($138.59 in chips)
Seat 5: Bueffel ($11.23 in chips)
HAL9QQQ: posts small blind $1
Bueffel: posts big blind $3
*** HOLE CARDS ***
HAL9QQQ: folds
Uncalled bet ($2) returned to Bueffel
Bueffel collected $2 from pot
Bueffel: doesn't show hand
*** SUMMARY ***
Total pot $2 | Rake $0
Seat 2: HAL9QQQ (button) (small blind) folded before Flop
Seat 5: Bueffel (big blind) collected ($2)


