PokerStars Hand #161737973534:  Hold'em Limit ($3/$6 USD) - 2016/11/21 9:07:22 ET
Table 'Zambesia' 6-max Seat #3 is the button
Seat 3: kolaz03 ($72 in chips)
Seat 4: Mordnilap ($109.54 in chips)
popeluha will be allowed to play after the button
kolaz03: posts small blind $1
Mordnilap: posts big blind $3
*** HOLE CARDS ***
kolaz03: folds
Uncalled bet ($2) returned to Mordnilap
Mordnilap collected $2 from pot
Mordnilap: doesn't show hand
*** SUMMARY ***
Total pot $2 | Rake $0
Seat 3: kolaz03 (button) (small blind) folded before Flop
Seat 4: Mordnilap (big blind) collected ($2)


PokerStars Hand #161738013270:  Hold'em Limit ($3/$6 USD) - 2016/11/21 9:08:29 ET
Table 'Zambesia' 6-max Seat #4 is the button
Seat 3: kolaz03 ($78.61 in chips)
Seat 4: Mordnilap ($132.13 in chips)
Mordnilap: posts small blind $1
kolaz03: posts big blind $3
*** HOLE CARDS ***
Mordnilap: raises $3 to $6
kolaz03: folds
Uncalled bet ($3) returned to Mordnilap
Mordnilap collected $6 from pot
Mordnilap: doesn't show hand
*** SUMMARY ***
Total pot $6 | Rake $0
Seat 3: kolaz03 (big blind) folded before Flop
Seat 4: Mordnilap (button) (small blind) collected ($6)


PokerStars Hand #161738029291:  Hold'em Limit ($3/$6 USD) - 2016/11/21 9:08:56 ET
Table 'Zambesia' 6-max Seat #3 is the button
Seat 3: kolaz03 ($75.61 in chips)
Seat 4: Mordnilap ($135.13 in chips)
kolaz03: posts small blind $1
Mordnilap: posts big blind $3
*** HOLE CARDS ***
kolaz03: raises $3 to $6
Mordnilap: folds
Uncalled bet ($3) returned to kolaz03
kolaz03 collected $6 from pot
kolaz03: doesn't show hand
*** SUMMARY ***
Total pot $6 | Rake $0
Seat 3: kolaz03 (button) (small blind) collected ($6)
Seat 4: Mordnilap (big blind) folded before Flop


