PokerStars Hand #153888212409:  Hold'em Limit ($3/$6 USD) - 2016/05/26 18:33:25 ET
Table 'Zambesia' 6-max Seat #2 is the button
Seat 1: Zubasa07 ($491 in chips)
Seat 2: kdcl ($61.58 in chips)
kdcl: posts small blind $1
Zubasa07: posts big blind $3
*** HOLE CARDS ***
kdcl: folds
Uncalled bet ($2) returned to Zubasa07
Zubasa07 collected $2 from pot
Zubasa07: doesn't show hand
*** SUMMARY ***
Total pot $2 | Rake $0
Seat 1: Zubasa07 (big blind) collected ($2)
Seat 2: kdcl (button) (small blind) folded before Flop


PokerStars Hand #153888184097:  Hold'em Limit ($3/$6 USD) - 2016/05/26 18:32:44 ET
Table 'Zambesia' 6-max Seat #1 is the button
Seat 1: Zubasa07 ($500 in chips)
Seat 2: kdcl ($52.94 in chips)
Zubasa07: posts small blind $1
kdcl: posts big blind $3
*** HOLE CARDS ***
Zubasa07: raises $3 to $6
kdcl: calls $3
*** FLOP *** [Jh Kd Qh]
kdcl: checks
Zubasa07: bets $3
kdcl: calls $3
*** TURN *** [Jh Kd Qh] [8c]
kdcl: checks
Zubasa07: checks
*** RIVER *** [Jh Kd Qh 8c] [9s]
kdcl: bets $6
Zubasa07: folds
Uncalled bet ($6) returned to kdcl
kdcl collected $17.64 from pot
*** SUMMARY ***
Total pot $18 | Rake $0.36
Board [Jh Kd Qh 8c 9s]
Seat 1: Zubasa07 (button) (small blind) folded on the River
Seat 2: kdcl (big blind) collected ($17.64)


PokerStars Hand #153888215738:  Hold'em Limit ($3/$6 USD) - 2016/05/26 18:33:30 ET
Table 'Zambesia' 6-max Seat #1 is the button
Seat 1: Zubasa07 ($492 in chips)
Seat 2: kdcl ($60.58 in chips)
Zubasa07: posts small blind $1
kdcl: posts big blind $3
*** HOLE CARDS ***
Zubasa07: raises $3 to $6
moveoverover joins the table at seat #4
kdcl: calls $3
*** FLOP *** [Ks Kd 9s]
kdcl: checks
Zubasa07: bets $3
kdcl: calls $3
*** TURN *** [Ks Kd 9s] [9h]
kdcl: checks
Zubasa07: checks
*** RIVER *** [Ks Kd 9s 9h] [5d]
kdcl: checks
Zubasa07: bets $6
kdcl: calls $6
*** SHOW DOWN ***
Zubasa07: shows [As 2s] (two pair, Kings and Nines)
kdcl: mucks hand
Zubasa07 collected $29.50 from pot
*** SUMMARY ***
Total pot $30 | Rake $0.50
Board [Ks Kd 9s 9h 5d]
Seat 1: Zubasa07 (button) (small blind) showed [As 2s] and won ($29.50) with two pair, Kings and Nines
Seat 2: kdcl (big blind) mucked


PokerStars Hand #153888722651:  Hold'em Limit ($3/$6 USD) - 2016/05/26 18:45:34 ET
Table 'Zambesia' 6-max Seat #1 is the button
Seat 1: Zubasa07 ($490.94 in chips)
Seat 5: Chessnok ($116 in chips)
Zubasa07: posts small blind $1
Chessnok: posts big blind $3
*** HOLE CARDS ***
Zubasa07: folds
Uncalled bet ($2) returned to Chessnok
Chessnok collected $2 from pot
Chessnok: doesn't show hand
*** SUMMARY ***
Total pot $2 | Rake $0
Seat 1: Zubasa07 (button) (small blind) folded before Flop
Seat 5: Chessnok (big blind) collected ($2)


