PokerStars Hand #162386718852:  Hold'em Limit ($3/$6 USD) - 2016/12/04 5:41:45 ET
Table 'Zamenhof' 6-max Seat #2 is the button
Seat 1: Agrotait ($80.64 in chips)
Seat 2: Ilham7715 ($37.02 in chips)
Ilham7715: posts small blind $1
Agrotait: posts big blind $3
*** HOLE CARDS ***
Ilham7715: calls $2
Agrotait: checks
*** FLOP *** [8d Kc Td]
Agrotait: checks
Ilham7715: checks
*** TURN *** [8d Kc Td] [8h]
Agrotait: checks
Ilham7715: bets $6
Agrotait: folds
Uncalled bet ($6) returned to Ilham7715
Ilham7715 collected $5.88 from pot
*** SUMMARY ***
Total pot $6 | Rake $0.12
Board [8d Kc Td 8h]
Seat 1: Agrotait (big blind) folded on the Turn
Seat 2: Ilham7715 (button) (small blind) collected ($5.88)


PokerStars Hand #162386749679:  Hold'em Limit ($3/$6 USD) - 2016/12/04 5:42:45 ET
Table 'Zamenhof' 6-max Seat #1 is the button
Seat 1: Agrotait ($77.64 in chips)
Seat 2: Ilham7715 ($39.90 in chips)
Agrotait: posts small blind $1
Ilham7715: posts big blind $3
*** HOLE CARDS ***
Agrotait: raises $3 to $6
Ilham7715: calls $3
*** FLOP *** [5h Ad Qc]
Ilham7715: checks
Profitables joins the table at seat #3
Agrotait: bets $3
Ilham7715: raises $3 to $6
Agrotait: folds
Uncalled bet ($3) returned to Ilham7715
Ilham7715 collected $17.64 from pot
*** SUMMARY ***
Total pot $18 | Rake $0.36
Board [5h Ad Qc]
Seat 1: Agrotait (button) (small blind) folded on the Flop
Seat 2: Ilham7715 (big blind) collected ($17.64)


PokerStars Hand #162387762804:  Hold'em Limit ($3/$6 USD) - 2016/12/04 6:15:31 ET
Table 'Zamenhof' 6-max Seat #4 is the button
Seat 3: tje777 ($122.30 in chips)
Seat 4: VolkovDmitri ($152.75 in chips)
VolkovDmitri: posts small blind $1
tje777: posts big blind $3
*** HOLE CARDS ***
VolkovDmitri: raises $3 to $6
tje777: calls $3
*** FLOP *** [3h 2d Kh]
tje777: checks
VolkovDmitri: bets $3
tje777: calls $3
*** TURN *** [3h 2d Kh] [9c]
tje777: checks
VolkovDmitri: bets $6
tje777: folds
Uncalled bet ($6) returned to VolkovDmitri
VolkovDmitri collected $17.64 from pot
VolkovDmitri: doesn't show hand
*** SUMMARY ***
Total pot $18 | Rake $0.36
Board [3h 2d Kh 9c]
Seat 3: tje777 (big blind) folded on the Turn
Seat 4: VolkovDmitri (button) (small blind) collected ($17.64)


PokerStars Hand #162387752352:  Hold'em Limit ($3/$6 USD) - 2016/12/04 6:15:12 ET
Table 'Zamenhof' 6-max Seat #3 is the button
Seat 3: tje777 ($131.30 in chips)
Seat 4: VolkovDmitri ($144.11 in chips)
tje777: posts small blind $1
VolkovDmitri: posts big blind $3
*** HOLE CARDS ***
tje777: raises $3 to $6
VolkovDmitri: calls $3
*** FLOP *** [Ac Ts 2s]
VolkovDmitri: checks
tje777: bets $3
VolkovDmitri: raises $3 to $6
tje777: folds
Uncalled bet ($3) returned to VolkovDmitri
VolkovDmitri collected $17.64 from pot
VolkovDmitri: doesn't show hand
*** SUMMARY ***
Total pot $18 | Rake $0.36
Board [Ac Ts 2s]
Seat 3: tje777 (button) (small blind) folded on the Flop
Seat 4: VolkovDmitri (big blind) collected ($17.64)


PokerStars Hand #162387775247:  Hold'em Limit ($3/$6 USD) - 2016/12/04 6:15:54 ET
Table 'Zamenhof' 6-max Seat #3 is the button
Seat 3: tje777 ($113.30 in chips)
Seat 4: VolkovDmitri ($161.39 in chips)
tje777: posts small blind $1
VolkovDmitri: posts big blind $3
*** HOLE CARDS ***
tje777: raises $3 to $6
VolkovDmitri: folds
Uncalled bet ($3) returned to tje777
tje777 collected $6 from pot
tje777: doesn't show hand
*** SUMMARY ***
Total pot $6 | Rake $0
Seat 3: tje777 (button) (small blind) collected ($6)
Seat 4: VolkovDmitri (big blind) folded before Flop


PokerStars Hand #162387741568:  Hold'em Limit ($3/$6 USD) - 2016/12/04 6:14:52 ET
Table 'Zamenhof' 6-max Seat #4 is the button
Seat 3: tje777 ($137.30 in chips)
Seat 4: VolkovDmitri ($138.35 in chips)
VolkovDmitri: posts small blind $1
tje777: posts big blind $3
*** HOLE CARDS ***
VolkovDmitri: raises $3 to $6
tje777: calls $3
*** FLOP *** [Qc Ad Ah]
tje777: checks
VolkovDmitri: bets $3
tje777: folds
Uncalled bet ($3) returned to VolkovDmitri
VolkovDmitri collected $11.76 from pot
VolkovDmitri: doesn't show hand
*** SUMMARY ***
Total pot $12 | Rake $0.24
Board [Qc Ad Ah]
Seat 3: tje777 (big blind) folded on the Flop
Seat 4: VolkovDmitri (button) (small blind) collected ($11.76)


PokerStars Hand #162387779476:  Hold'em Limit ($3/$6 USD) - 2016/12/04 6:16:02 ET
Table 'Zamenhof' 6-max Seat #4 is the button
Seat 3: tje777 ($116.30 in chips)
Seat 4: VolkovDmitri ($158.39 in chips)
VolkovDmitri: posts small blind $1
tje777: posts big blind $3
*** HOLE CARDS ***
VolkovDmitri: raises $3 to $6
tje777: calls $3
*** FLOP *** [Jh 8d 9c]
tje777: checks
VolkovDmitri: bets $3
tje777: calls $3
*** TURN *** [Jh 8d 9c] [9d]
tje777: checks
VolkovDmitri: bets $6
tje777: folds
Uncalled bet ($6) returned to VolkovDmitri
VolkovDmitri collected $17.64 from pot
VolkovDmitri: doesn't show hand
*** SUMMARY ***
Total pot $18 | Rake $0.36
Board [Jh 8d 9c 9d]
Seat 3: tje777 (big blind) folded on the Turn
Seat 4: VolkovDmitri (button) (small blind) collected ($17.64)


PokerStars Hand #162387791311:  Hold'em Limit ($3/$6 USD) - 2016/12/04 6:16:23 ET
Table 'Zamenhof' 6-max Seat #3 is the button
Seat 3: tje777 ($107.30 in chips)
Seat 4: VolkovDmitri ($167.03 in chips)
tje777: posts small blind $1
VolkovDmitri: posts big blind $3
*** HOLE CARDS ***
tje777: folds
Uncalled bet ($2) returned to VolkovDmitri
VolkovDmitri collected $2 from pot
VolkovDmitri: doesn't show hand
*** SUMMARY ***
Total pot $2 | Rake $0
Seat 3: tje777 (button) (small blind) folded before Flop
Seat 4: VolkovDmitri (big blind) collected ($2)


PokerStars Hand #162387796985:  Hold'em Limit ($3/$6 USD) - 2016/12/04 6:16:34 ET
Table 'Zamenhof' 6-max Seat #3 is the button
Seat 3: tje777 ($107.30 in chips)
Seat 4: VolkovDmitri ($167.03 in chips)
tje777: posts small blind $1
VolkovDmitri: posts big blind $3
*** HOLE CARDS ***
tje777: folds
Uncalled bet ($2) returned to VolkovDmitri
VolkovDmitri collected $2 from pot
VolkovDmitri: doesn't show hand
*** SUMMARY ***
Total pot $2 | Rake $0
Seat 3: tje777 (button) (small blind) folded before Flop
Seat 4: VolkovDmitri (big blind) collected ($2)


PokerStars Hand #162387793830:  Hold'em Limit ($3/$6 USD) - 2016/12/04 6:16:28 ET
Table 'Zamenhof' 6-max Seat #4 is the button
Seat 3: tje777 ($106.30 in chips)
Seat 4: VolkovDmitri ($168.03 in chips)
VolkovDmitri: posts small blind $1
tje777: posts big blind $3
*** HOLE CARDS ***
VolkovDmitri: folds
Uncalled bet ($2) returned to tje777
tje777 collected $2 from pot
tje777: doesn't show hand
*** SUMMARY ***
Total pot $2 | Rake $0
Seat 3: tje777 (big blind) collected ($2)
Seat 4: VolkovDmitri (button) (small blind) folded before Flop


PokerStars Hand #162387818485:  Hold'em Limit ($3/$6 USD) - 2016/12/04 6:17:13 ET
Table 'Zamenhof' 6-max Seat #3 is the button
Seat 3: tje777 ($114.94 in chips)
Seat 4: VolkovDmitri ($159.03 in chips)
tje777: posts small blind $1
VolkovDmitri: posts big blind $3
*** HOLE CARDS ***
tje777: raises $3 to $6
VolkovDmitri: calls $3
*** FLOP *** [6c 4s 6d]
VolkovDmitri: checks
tje777: bets $3
VolkovDmitri: raises $3 to $6
tje777: calls $3
*** TURN *** [6c 4s 6d] [6h]
VolkovDmitri: bets $6
tje777: raises $6 to $12
VolkovDmitri: calls $6
*** RIVER *** [6c 4s 6d 6h] [Jc]
VolkovDmitri: bets $6
tje777: raises $6 to $12
VolkovDmitri: calls $6
*** SHOW DOWN ***
tje777: shows [Kc 6s] (four of a kind, Sixes)
VolkovDmitri: mucks hand
tje777 collected $71.50 from pot
*** SUMMARY ***
Total pot $72 | Rake $0.50
Board [6c 4s 6d 6h Jc]
Seat 3: tje777 (button) (small blind) showed [Kc 6s] and won ($71.50) with four of a kind, Sixes
Seat 4: VolkovDmitri (big blind) mucked


PokerStars Hand #162387800190:  Hold'em Limit ($3/$6 USD) - 2016/12/04 6:16:40 ET
Table 'Zamenhof' 6-max Seat #4 is the button
Seat 3: tje777 ($106.30 in chips)
Seat 4: VolkovDmitri ($168.03 in chips)
VolkovDmitri: posts small blind $1
tje777: posts big blind $3
*** HOLE CARDS ***
VolkovDmitri: raises $3 to $6
tje777: raises $3 to $9
VolkovDmitri: calls $3
*** FLOP *** [Ah 3c 4c]
tje777: bets $3
AliAbrahm joins the table at seat #5
VolkovDmitri: folds
Uncalled bet ($3) returned to tje777
tje777 collected $17.64 from pot
tje777: doesn't show hand
*** SUMMARY ***
Total pot $18 | Rake $0.36
Board [Ah 3c 4c]
Seat 3: tje777 (big blind) collected ($17.64)
Seat 4: VolkovDmitri (button) (small blind) folded on the Flop


PokerStars Hand #162389530080:  Hold'em Limit ($3/$6 USD) - 2016/12/04 7:08:38 ET
Table 'Zamenhof' 6-max Seat #6 is the button
Seat 4: cheeestar198 ($31.94 in chips)
Seat 6: Apanage ($163.85 in chips)
Apanage: posts small blind $1
cheeestar198: posts big blind $3
*** HOLE CARDS ***
Apanage: raises $3 to $6
cheeestar198: calls $3
*** FLOP *** [Td 9s 5c]
cheeestar198: bets $3
Apanage: folds
Uncalled bet ($3) returned to cheeestar198
cheeestar198 collected $11.76 from pot
cheeestar198: doesn't show hand
*** SUMMARY ***
Total pot $12 | Rake $0.24
Board [Td 9s 5c]
Seat 4: cheeestar198 (big blind) collected ($11.76)
Seat 6: Apanage (button) (small blind) folded on the Flop


PokerStars Hand #162389527220:  Hold'em Limit ($3/$6 USD) - 2016/12/04 7:08:34 ET
Table 'Zamenhof' 6-max Seat #4 is the button
Seat 4: cheeestar198 ($32.94 in chips)
Seat 6: Apanage ($162.85 in chips)
cheeestar198: posts small blind $1
Apanage: posts big blind $3
*** HOLE CARDS ***
cheeestar198: folds
Uncalled bet ($2) returned to Apanage
Apanage collected $2 from pot
Apanage: doesn't show hand
*** SUMMARY ***
Total pot $2 | Rake $0
Seat 4: cheeestar198 (button) (small blind) folded before Flop
Seat 6: Apanage (big blind) collected ($2)


PokerStars Hand #162389516728:  Hold'em Limit ($3/$6 USD) - 2016/12/04 7:08:16 ET
Table 'Zamenhof' 6-max Seat #6 is the button
Seat 4: cheeestar198 ($38.94 in chips)
Seat 6: Apanage ($157.09 in chips)
Apanage: posts small blind $1
cheeestar198: posts big blind $3
*** HOLE CARDS ***
Apanage: raises $3 to $6
cheeestar198: calls $3
*** FLOP *** [Jd Qh 7s]
cheeestar198: checks
Apanage: bets $3
cheeestar198: folds
Uncalled bet ($3) returned to Apanage
Apanage collected $11.76 from pot
Apanage: doesn't show hand
*** SUMMARY ***
Total pot $12 | Rake $0.24
Board [Jd Qh 7s]
Seat 4: cheeestar198 (big blind) folded on the Flop
Seat 6: Apanage (button) (small blind) collected ($11.76)


PokerStars Hand #162389553590:  Hold'em Limit ($3/$6 USD) - 2016/12/04 7:09:18 ET
Table 'Zamenhof' 6-max Seat #6 is the button
Seat 4: cheeestar198 ($22.70 in chips)
Seat 6: Apanage ($172.35 in chips)
Apanage: posts small blind $1
cheeestar198: posts big blind $3
*** HOLE CARDS ***
Apanage: raises $3 to $6
cheeestar198: calls $3
*** FLOP *** [6c 7d As]
cheeestar198: checks
Apanage: bets $3
cheeestar198: folds
Uncalled bet ($3) returned to Apanage
Apanage collected $11.76 from pot
Apanage: doesn't show hand
*** SUMMARY ***
Total pot $12 | Rake $0.24
Board [6c 7d As]
Seat 4: cheeestar198 (big blind) folded on the Flop
Seat 6: Apanage (button) (small blind) collected ($11.76)


PokerStars Hand #162389537217:  Hold'em Limit ($3/$6 USD) - 2016/12/04 7:08:50 ET
Table 'Zamenhof' 6-max Seat #4 is the button
Seat 4: cheeestar198 ($37.70 in chips)
Seat 6: Apanage ($157.85 in chips)
cheeestar198: posts small blind $1
Apanage: posts big blind $3
*** HOLE CARDS ***
cheeestar198: calls $2
Apanage: checks
*** FLOP *** [9c 6h 6c]
Apanage: checks
cheeestar198: bets $3
Apanage: raises $3 to $6
cheeestar198: calls $3
*** TURN *** [9c 6h 6c] [7c]
Apanage: bets $6
cheeestar198: calls $6
*** RIVER *** [9c 6h 6c 7c] [Qd]
Apanage: bets $6
cheeestar198: folds
Uncalled bet ($6) returned to Apanage
Apanage collected $29.50 from pot
Apanage: doesn't show hand
*** SUMMARY ***
Total pot $30 | Rake $0.50
Board [9c 6h 6c 7c Qd]
Seat 4: cheeestar198 (button) (small blind) folded on the River
Seat 6: Apanage (big blind) collected ($29.50)


PokerStars Hand #162389560500:  Hold'em Limit ($3/$6 USD) - 2016/12/04 7:09:30 ET
Table 'Zamenhof' 6-max Seat #4 is the button
Seat 4: cheeestar198 ($16.70 in chips)
Seat 6: Apanage ($178.11 in chips)
cheeestar198: posts small blind $1
Apanage: posts big blind $3
*** HOLE CARDS ***
cheeestar198: calls $2
Apanage: checks
*** FLOP *** [Ts 5h 7h]
Apanage: bets $3
cheeestar198: calls $3
*** TURN *** [Ts 5h 7h] [6s]
Apanage: bets $6
cheeestar198: calls $6
*** RIVER *** [Ts 5h 7h 6s] [2d]
Apanage: bets $6
cheeestar198: calls $4.70 and is all-in
Uncalled bet ($1.30) returned to Apanage
*** SHOW DOWN ***
Apanage: shows [6h 3d] (a pair of Sixes)
cheeestar198: shows [Jc 8d] (high card Jack)
Apanage collected $32.90 from pot
*** SUMMARY ***
Total pot $33.40 | Rake $0.50
Board [Ts 5h 7h 6s 2d]
Seat 4: cheeestar198 (button) (small blind) showed [Jc 8d] and lost with high card Jack
Seat 6: Apanage (big blind) showed [6h 3d] and won ($32.90) with a pair of Sixes


