PokerStars Hand #149979942353:  Hold'em Limit ($3/$6 USD) - 2016/03/07 9:23:19 ET
Table 'Zamenhof' 6-max Seat #6 is the button
Seat 5: carmello774 ($135.97 in chips)
Seat 6: JayEm82 ($117 in chips)
JayEm82: posts small blind $1
carmello774: posts big blind $3
*** HOLE CARDS ***
JayEm82: raises $3 to $6
carmello774: calls $3
*** FLOP *** [Ks 7c Qd]
carmello774: checks
JayEm82: bets $3
carmello774: folds
Uncalled bet ($3) returned to JayEm82
JayEm82 collected $11.76 from pot
JayEm82: doesn't show hand
*** SUMMARY ***
Total pot $12 | Rake $0.24
Board [Ks 7c Qd]
Seat 5: carmello774 (big blind) folded on the Flop
Seat 6: JayEm82 (button) (small blind) collected ($11.76)


PokerStars Hand #149979998294:  Hold'em Limit ($3/$6 USD) - 2016/03/07 9:24:44 ET
Table 'Zamenhof' 6-max Seat #3 is the button
Seat 3: miezemuis ($120 in chips)
Seat 4: carmello774 ($120 in chips)
miezemuis: posts small blind $1
carmello774: posts big blind $3
*** HOLE CARDS ***
miezemuis: raises $3 to $6
carmello774: calls $3
*** FLOP *** [9c Tc 4c]
carmello774: checks
miezemuis: bets $3
carmello774: raises $3 to $6
miezemuis: calls $3
*** TURN *** [9c Tc 4c] [5c]
carmello774: checks
miezemuis: bets $6
carmello774: calls $6
*** RIVER *** [9c Tc 4c 5c] [4s]
carmello774: checks
miezemuis: bets $6
carmello774: calls $6
*** SHOW DOWN ***
miezemuis: shows [4h 8s] (three of a kind, Fours)
carmello774: shows [9h 6c] (a flush, Ten high)
carmello774 collected $47.50 from pot
*** SUMMARY ***
Total pot $48 | Rake $0.50
Board [9c Tc 4c 5c 4s]
Seat 3: miezemuis (button) (small blind) showed [4h 8s] and lost with three of a kind, Fours
Seat 4: carmello774 (big blind) showed [9h 6c] and won ($47.50) with a flush, Ten high


PokerStars Hand #149980012144:  Hold'em Limit ($3/$6 USD) - 2016/03/07 9:25:05 ET
Table 'Zamenhof' 6-max Seat #4 is the button
Seat 3: miezemuis ($96 in chips)
Seat 4: carmello774 ($143.50 in chips)
carmello774: posts small blind $1
miezemuis: posts big blind $3
*** HOLE CARDS ***
carmello774: raises $3 to $6
miezemuis: raises $3 to $9
carmello774: calls $3
*** FLOP *** [2h 6h 9s]
miezemuis: bets $3
carmello774: calls $3
*** TURN *** [2h 6h 9s] [5d]
miezemuis: bets $6
carmello774: raises $6 to $12
miezemuis: calls $6
*** RIVER *** [2h 6h 9s 5d] [9c]
miezemuis: checks
carmello774: bets $6
miezemuis: raises $6 to $12
carmello774: raises $6 to $18
miezemuis: folds
Uncalled bet ($6) returned to carmello774
carmello774 collected $71.50 from pot
carmello774: doesn't show hand
*** SUMMARY ***
Total pot $72 | Rake $0.50
Board [2h 6h 9s 5d 9c]
Seat 3: miezemuis (big blind) folded on the River
Seat 4: carmello774 (button) (small blind) collected ($71.50)


PokerStars Hand #149980175815:  Hold'em Limit ($3/$6 USD) - 2016/03/07 9:29:13 ET
Table 'Zamenhof' 6-max Seat #3 is the button
Seat 3: carmello774 ($120 in chips)
Seat 5: Poo Chana ($120 in chips)
carmello774: posts small blind $1
Poo Chana: posts big blind $3
*** HOLE CARDS ***
carmello774: raises $3 to $6
Poo Chana: raises $3 to $9
carmello774: calls $3
*** FLOP *** [Ac 8h 5h]
Poo Chana: bets $3
carmello774: calls $3
*** TURN *** [Ac 8h 5h] [2c]
Poo Chana: bets $6
carmello774: calls $6
*** RIVER *** [Ac 8h 5h 2c] [6s]
Poo Chana: checks
carmello774: checks
*** SHOW DOWN ***
Poo Chana: shows [4d 8d] (a pair of Eights)
carmello774: mucks hand
Poo Chana collected $35.50 from pot
*** SUMMARY ***
Total pot $36 | Rake $0.50
Board [Ac 8h 5h 2c 6s]
Seat 3: carmello774 (button) (small blind) mucked
Seat 5: Poo Chana (big blind) showed [4d 8d] and won ($35.50) with a pair of Eights


PokerStars Hand #149980642336:  Hold'em Limit ($3/$6 USD) - 2016/03/07 9:40:59 ET
Table 'Zamenhof' 6-max Seat #1 is the button
Seat 1: SmellyToes4u ($118.32 in chips)
Seat 6: JayEm82 ($124 in chips)
SmellyToes4u: posts small blind $1
Poo Chana: is sitting out
JayEm82: posts big blind $3
*** HOLE CARDS ***
SmellyToes4u: folds
Uncalled bet ($2) returned to JayEm82
JayEm82 collected $2 from pot
JayEm82: doesn't show hand
*** SUMMARY ***
Total pot $2 | Rake $0
Seat 1: SmellyToes4u (button) (small blind) folded before Flop
Seat 6: JayEm82 (big blind) collected ($2)


PokerStars Hand #149980684707:  Hold'em Limit ($3/$6 USD) - 2016/03/07 9:42:02 ET
Table 'Zamenhof' 6-max Seat #3 is the button
Seat 3: missbleuf ($120 in chips)
Seat 4: kolaz03 ($72 in chips)
missbleuf: posts small blind $1
kolaz03: posts big blind $3
*** HOLE CARDS ***
missbleuf: folds
Uncalled bet ($2) returned to kolaz03
kolaz03 collected $2 from pot
kolaz03: doesn't show hand
*** SUMMARY ***
Total pot $2 | Rake $0
Seat 3: missbleuf (button) (small blind) folded before Flop
Seat 4: kolaz03 (big blind) collected ($2)


PokerStars Hand #149980691933:  Hold'em Limit ($3/$6 USD) - 2016/03/07 9:42:13 ET
Table 'Zamenhof' 6-max Seat #4 is the button
Seat 3: missbleuf ($119 in chips)
Seat 4: kolaz03 ($73 in chips)
kolaz03: posts small blind $1
missbleuf: posts big blind $3
*** HOLE CARDS ***
kolaz03: raises $3 to $6
missbleuf: calls $3
*** FLOP *** [7s Qd 5d]
missbleuf: checks
kolaz03: bets $3
missbleuf: raises $3 to $6
kolaz03: calls $3
*** TURN *** [7s Qd 5d] [2h]
missbleuf: checks
kolaz03: bets $6
missbleuf: calls $6
*** RIVER *** [7s Qd 5d 2h] [Ac]
missbleuf: checks
kolaz03: bets $6
missbleuf: calls $6
*** SHOW DOWN ***
kolaz03: shows [3d As] (a pair of Aces)
missbleuf: mucks hand
kolaz03 collected $47.50 from pot
*** SUMMARY ***
Total pot $48 | Rake $0.50
Board [7s Qd 5d 2h Ac]
Seat 3: missbleuf (big blind) mucked
Seat 4: kolaz03 (button) (small blind) showed [3d As] and won ($47.50) with a pair of Aces


