PokerStars Hand #171018136478:  Hold'em Limit ($3/$6 USD) - 2017/05/28 6:51:29 ET
Table 'Zamenhof' 6-max Seat #2 is the button
Seat 2: sim5sim5 ($80.64 in chips)
Seat 6: WebmasterXXL ($111 in chips)
sim5sim5: posts small blind $1
WebmasterXXL: posts big blind $3
*** HOLE CARDS ***
sim5sim5: raises $3 to $6
WebmasterXXL: raises $3 to $9
sim5sim5: calls $3
*** FLOP *** [Js 8h Ks]
WebmasterXXL: bets $3
sim5sim5: calls $3
*** TURN *** [Js 8h Ks] [6d]
WebmasterXXL: bets $6
sim5sim5: raises $6 to $12
WebmasterXXL: folds
Uncalled bet ($6) returned to sim5sim5
sim5sim5 collected $35.50 from pot
sim5sim5: doesn't show hand
*** SUMMARY ***
Total pot $36 | Rake $0.50
Board [Js 8h Ks 6d]
Seat 2: sim5sim5 (button) (small blind) collected ($35.50)
Seat 6: WebmasterXXL (big blind) folded on the Turn


PokerStars Hand #171018118515:  Hold'em Limit ($3/$6 USD) - 2017/05/28 6:50:49 ET
Table 'Zamenhof' 6-max Seat #6 is the button
Seat 2: sim5sim5 ($72 in chips)
Seat 6: WebmasterXXL ($120 in chips)
WebmasterXXL: posts small blind $1
sim5sim5: posts big blind $3
*** HOLE CARDS ***
WebmasterXXL: raises $3 to $6
sim5sim5: calls $3
*** FLOP *** [7d 2c Ac]
sim5sim5: checks
WebmasterXXL: bets $3
sim5sim5: raises $3 to $6
WebmasterXXL: folds
Uncalled bet ($3) returned to sim5sim5
sim5sim5 collected $17.64 from pot
sim5sim5: doesn't show hand
*** SUMMARY ***
Total pot $18 | Rake $0.36
Board [7d 2c Ac]
Seat 2: sim5sim5 (big blind) collected ($17.64)
Seat 6: WebmasterXXL (button) (small blind) folded on the Flop


PokerStars Hand #171018147390:  Hold'em Limit ($3/$6 USD) - 2017/05/28 6:51:54 ET
Table 'Zamenhof' 6-max Seat #6 is the button
Seat 2: sim5sim5 ($98.14 in chips)
Seat 6: WebmasterXXL ($93 in chips)
WebmasterXXL: posts small blind $1
sim5sim5: posts big blind $3
*** HOLE CARDS ***
WebmasterXXL: raises $3 to $6
Agrotait leaves the table
sim5sim5: calls $3
*** FLOP *** [2c Kc 5d]
sim5sim5: checks
WebmasterXXL: bets $3
sim5sim5: calls $3
*** TURN *** [2c Kc 5d] [4c]
sim5sim5: checks
WebmasterXXL: bets $6
sim5sim5: calls $6
*** RIVER *** [2c Kc 5d 4c] [5c]
sim5sim5: bets $6
WebmasterXXL: calls $6
*** SHOW DOWN ***
sim5sim5: shows [Qc 3h] (a flush, King high)
WebmasterXXL: mucks hand
sim5sim5 collected $41.50 from pot
*** SUMMARY ***
Total pot $42 | Rake $0.50
Board [2c Kc 5d 4c 5c]
Seat 2: sim5sim5 (big blind) showed [Qc 3h] and won ($41.50) with a flush, King high
Seat 6: WebmasterXXL (button) (small blind) mucked


PokerStars Hand #171018165355:  Hold'em Limit ($3/$6 USD) - 2017/05/28 6:52:34 ET
Table 'Zamenhof' 6-max Seat #6 is the button
Seat 2: sim5sim5 ($124.40 in chips)
Seat 6: WebmasterXXL ($66 in chips)
WebmasterXXL: posts small blind $1
sim5sim5: posts big blind $3
*** HOLE CARDS ***
WebmasterXXL: raises $3 to $6
sim5sim5: folds
Uncalled bet ($3) returned to WebmasterXXL
WebmasterXXL collected $6 from pot
WebmasterXXL: doesn't show hand
*** SUMMARY ***
Total pot $6 | Rake $0
Seat 2: sim5sim5 (big blind) folded before Flop
Seat 6: WebmasterXXL (button) (small blind) collected ($6)


PokerStars Hand #171018159130:  Hold'em Limit ($3/$6 USD) - 2017/05/28 6:52:20 ET
Table 'Zamenhof' 6-max Seat #2 is the button
Seat 2: sim5sim5 ($118.64 in chips)
Seat 6: WebmasterXXL ($72 in chips)
sim5sim5: posts small blind $1
WebmasterXXL: posts big blind $3
*** HOLE CARDS ***
sim5sim5: raises $3 to $6
WebmasterXXL: calls $3
*** FLOP *** [7s 5d 7h]
WebmasterXXL: checks
sim5sim5: bets $3
WebmasterXXL: folds
Uncalled bet ($3) returned to sim5sim5
sim5sim5 collected $11.76 from pot
sim5sim5: doesn't show hand
*** SUMMARY ***
Total pot $12 | Rake $0.24
Board [7s 5d 7h]
Seat 2: sim5sim5 (button) (small blind) collected ($11.76)
Seat 6: WebmasterXXL (big blind) folded on the Flop


PokerStars Hand #171018168882:  Hold'em Limit ($3/$6 USD) - 2017/05/28 6:52:42 ET
Table 'Zamenhof' 6-max Seat #2 is the button
Seat 2: sim5sim5 ($121.40 in chips)
Seat 6: WebmasterXXL ($69 in chips)
sim5sim5: posts small blind $1
WebmasterXXL: posts big blind $3
*** HOLE CARDS ***
VolkovDmitri joins the table at seat #1
sim5sim5: folds
Uncalled bet ($2) returned to WebmasterXXL
WebmasterXXL collected $2 from pot
WebmasterXXL: doesn't show hand
*** SUMMARY ***
Total pot $2 | Rake $0
Seat 2: sim5sim5 (button) (small blind) folded before Flop
Seat 6: WebmasterXXL (big blind) collected ($2)


PokerStars Hand #171018184331:  Hold'em Limit ($3/$6 USD) - 2017/05/28 6:53:17 ET
Table 'Zamenhof' 6-max Seat #6 is the button
Seat 1: VolkovDmitri ($123 in chips)
Seat 6: WebmasterXXL ($66 in chips)
WebmasterXXL: posts small blind $1
VolkovDmitri: posts big blind $3
*** HOLE CARDS ***
WebmasterXXL: raises $3 to $6
VolkovDmitri: raises $3 to $9
WebmasterXXL: calls $3
*** FLOP *** [4h 7s Ad]
VolkovDmitri: bets $3
WebmasterXXL: calls $3
*** TURN *** [4h 7s Ad] [8s]
VolkovDmitri: bets $6
WebmasterXXL: calls $6
*** RIVER *** [4h 7s Ad 8s] [4d]
VolkovDmitri: bets $6
WebmasterXXL: raises $6 to $12
VolkovDmitri: calls $6
*** SHOW DOWN ***
WebmasterXXL: shows [4c Tc] (three of a kind, Fours)
VolkovDmitri: mucks hand
WebmasterXXL collected $59.50 from pot
*** SUMMARY ***
Total pot $60 | Rake $0.50
Board [4h 7s Ad 8s 4d]
Seat 1: VolkovDmitri (big blind) mucked
Seat 6: WebmasterXXL (button) (small blind) showed [4c Tc] and won ($59.50) with three of a kind, Fours


PokerStars Hand #171018201029:  Hold'em Limit ($3/$6 USD) - 2017/05/28 6:53:55 ET
Table 'Zamenhof' 6-max Seat #1 is the button
Seat 1: VolkovDmitri ($120 in chips)
Seat 6: WebmasterXXL ($95.50 in chips)
VolkovDmitri: posts small blind $1
WebmasterXXL: posts big blind $3
*** HOLE CARDS ***
VolkovDmitri: raises $3 to $6
WebmasterXXL: calls $3
*** FLOP *** [Th As Kc]
WebmasterXXL: checks
VolkovDmitri: bets $3
WebmasterXXL: calls $3
*** TURN *** [Th As Kc] [2c]
WebmasterXXL: checks
VolkovDmitri: checks
*** RIVER *** [Th As Kc 2c] [9d]
WebmasterXXL: checks
VolkovDmitri: checks
*** SHOW DOWN ***
WebmasterXXL: shows [Ts 7d] (a pair of Tens)
VolkovDmitri: mucks hand
WebmasterXXL collected $17.64 from pot
*** SUMMARY ***
Total pot $18 | Rake $0.36
Board [Th As Kc 2c 9d]
Seat 1: VolkovDmitri (button) (small blind) mucked
Seat 6: WebmasterXXL (big blind) showed [Ts 7d] and won ($17.64) with a pair of Tens


PokerStars Hand #171018247555:  Hold'em Limit ($3/$6 USD) - 2017/05/28 6:55:42 ET
Table 'Zamenhof' 6-max Seat #1 is the button
Seat 1: VolkovDmitri ($152.50 in chips)
Seat 6: WebmasterXXL ($71.14 in chips)
VolkovDmitri: posts small blind $1
WebmasterXXL: posts big blind $3
*** HOLE CARDS ***
VolkovDmitri: raises $3 to $6
WebmasterXXL: calls $3
*** FLOP *** [5s Jh 6c]
WebmasterXXL: checks
VolkovDmitri: bets $3
WebmasterXXL: calls $3
*** TURN *** [5s Jh 6c] [6s]
WebmasterXXL: checks
VolkovDmitri: checks
*** RIVER *** [5s Jh 6c 6s] [Th]
WebmasterXXL: bets $6
VolkovDmitri: folds
Uncalled bet ($6) returned to WebmasterXXL
WebmasterXXL collected $17.64 from pot
WebmasterXXL: doesn't show hand
*** SUMMARY ***
Total pot $18 | Rake $0.36
Board [5s Jh 6c 6s Th]
Seat 1: VolkovDmitri (button) (small blind) folded on the River
Seat 6: WebmasterXXL (big blind) collected ($17.64)


PokerStars Hand #171018221744:  Hold'em Limit ($3/$6 USD) - 2017/05/28 6:54:41 ET
Table 'Zamenhof' 6-max Seat #6 is the button
Seat 1: VolkovDmitri ($120 in chips)
Seat 6: WebmasterXXL ($104.14 in chips)
WebmasterXXL: posts small blind $1
VolkovDmitri: posts big blind $3
*** HOLE CARDS ***
WebmasterXXL: raises $3 to $6
VolkovDmitri: raises $3 to $9
WebmasterXXL: raises $3 to $12
Betting is capped
VolkovDmitri: calls $3
*** FLOP *** [8h Qh 3d]
VolkovDmitri: bets $3
WebmasterXXL: raises $3 to $6
VolkovDmitri: raises $3 to $9
WebmasterXXL: calls $3
*** TURN *** [8h Qh 3d] [7h]
VolkovDmitri: bets $6
WebmasterXXL: calls $6
*** RIVER *** [8h Qh 3d 7h] [4s]
VolkovDmitri: bets $6
WebmasterXXL: calls $6
*** SHOW DOWN ***
VolkovDmitri: shows [Ad Ac] (a pair of Aces)
WebmasterXXL: mucks hand
VolkovDmitri collected $65.50 from pot
*** SUMMARY ***
Total pot $66 | Rake $0.50
Board [8h Qh 3d 7h 4s]
Seat 1: VolkovDmitri (big blind) showed [Ad Ac] and won ($65.50) with a pair of Aces
Seat 6: WebmasterXXL (button) (small blind) mucked


PokerStars Hand #171018257460:  Hold'em Limit ($3/$6 USD) - 2017/05/28 6:56:07 ET
Table 'Zamenhof' 6-max Seat #6 is the button
Seat 1: VolkovDmitri ($143.50 in chips)
Seat 6: WebmasterXXL ($79.78 in chips)
WebmasterXXL: posts small blind $1
VolkovDmitri: posts big blind $3
*** HOLE CARDS ***
WebmasterXXL: raises $3 to $6
VolkovDmitri: raises $3 to $9
WebmasterXXL: calls $3
*** FLOP *** [Ks Ac Tc]
VolkovDmitri: bets $3
WebmasterXXL: calls $3
*** TURN *** [Ks Ac Tc] [Ts]
VolkovDmitri: checks
WebmasterXXL: checks
*** RIVER *** [Ks Ac Tc Ts] [3d]
VolkovDmitri: checks
WebmasterXXL: checks
*** SHOW DOWN ***
VolkovDmitri: shows [9c 9h] (two pair, Tens and Nines)
WebmasterXXL: mucks hand
VolkovDmitri collected $23.52 from pot
*** SUMMARY ***
Total pot $24 | Rake $0.48
Board [Ks Ac Tc Ts 3d]
Seat 1: VolkovDmitri (big blind) showed [9c 9h] and won ($23.52) with two pair, Tens and Nines
Seat 6: WebmasterXXL (button) (small blind) mucked


PokerStars Hand #171018274561:  Hold'em Limit ($3/$6 USD) - 2017/05/28 6:56:50 ET
Table 'Zamenhof' 6-max Seat #1 is the button
Seat 1: VolkovDmitri ($155.02 in chips)
Seat 6: WebmasterXXL ($67.78 in chips)
VolkovDmitri: posts small blind $1
WebmasterXXL: posts big blind $3
*** HOLE CARDS ***
VolkovDmitri: raises $3 to $6
WebmasterXXL: calls $3
*** FLOP *** [2s 7c 7h]
WebmasterXXL: bets $3
VolkovDmitri: calls $3
*** TURN *** [2s 7c 7h] [8h]
WebmasterXXL: bets $6
VolkovDmitri: raises $6 to $12
WebmasterXXL: calls $6
*** RIVER *** [2s 7c 7h 8h] [Th]
WebmasterXXL: checks
VolkovDmitri: bets $6
WebmasterXXL: calls $6
*** SHOW DOWN ***
VolkovDmitri: shows [Jd 9s] (a straight, Seven to Jack)
WebmasterXXL: mucks hand
VolkovDmitri collected $53.50 from pot
*** SUMMARY ***
Total pot $54 | Rake $0.50
Board [2s 7c 7h 8h Th]
Seat 1: VolkovDmitri (button) (small blind) showed [Jd 9s] and won ($53.50) with a straight, Seven to Jack
Seat 6: WebmasterXXL (big blind) mucked


PokerStars Hand #171018298499:  Hold'em Limit ($3/$6 USD) - 2017/05/28 6:57:50 ET
Table 'Zamenhof' 6-max Seat #1 is the button
Seat 1: VolkovDmitri ($175.52 in chips)
Seat 6: WebmasterXXL ($46.54 in chips)
VolkovDmitri: posts small blind $1
WebmasterXXL: posts big blind $3
*** HOLE CARDS ***
VolkovDmitri: raises $3 to $6
WebmasterXXL: folds
Uncalled bet ($3) returned to VolkovDmitri
VolkovDmitri collected $6 from pot
VolkovDmitri: doesn't show hand
*** SUMMARY ***
Total pot $6 | Rake $0
Seat 1: VolkovDmitri (button) (small blind) collected ($6)
Seat 6: WebmasterXXL (big blind) folded before Flop


PokerStars Hand #171018285497:  Hold'em Limit ($3/$6 USD) - 2017/05/28 6:57:17 ET
Table 'Zamenhof' 6-max Seat #6 is the button
Seat 1: VolkovDmitri ($181.52 in chips)
Seat 6: WebmasterXXL ($40.78 in chips)
WebmasterXXL: posts small blind $1
VolkovDmitri: posts big blind $3
*** HOLE CARDS ***
WebmasterXXL: raises $3 to $6
VolkovDmitri: calls $3
*** FLOP *** [Ks Ts 4c]
VolkovDmitri: checks
WebmasterXXL: bets $3
VolkovDmitri: folds
Uncalled bet ($3) returned to WebmasterXXL
WebmasterXXL collected $11.76 from pot
WebmasterXXL: doesn't show hand
*** SUMMARY ***
Total pot $12 | Rake $0.24
Board [Ks Ts 4c]
Seat 1: VolkovDmitri (big blind) folded on the Flop
Seat 6: WebmasterXXL (button) (small blind) collected ($11.76)


PokerStars Hand #171018322512:  Hold'em Limit ($3/$6 USD) - 2017/05/28 6:58:50 ET
Table 'Zamenhof' 6-max Seat #1 is the button
Seat 1: VolkovDmitri ($157.52 in chips)
Seat 6: WebmasterXXL ($64.04 in chips)
VolkovDmitri: posts small blind $1
WebmasterXXL: posts big blind $3
*** HOLE CARDS ***
VolkovDmitri: raises $3 to $6
WebmasterXXL: calls $3
*** FLOP *** [9c Js Kh]
WebmasterXXL: checks
VolkovDmitri: bets $3
WebmasterXXL: folds
Uncalled bet ($3) returned to VolkovDmitri
VolkovDmitri collected $11.76 from pot
*** SUMMARY ***
Total pot $12 | Rake $0.24
Board [9c Js Kh]
Seat 1: VolkovDmitri (button) (small blind) collected ($11.76)
Seat 6: WebmasterXXL (big blind) folded on the Flop


PokerStars Hand #171018333261:  Hold'em Limit ($3/$6 USD) - 2017/05/28 6:59:17 ET
Table 'Zamenhof' 6-max Seat #1 is the button
Seat 1: VolkovDmitri ($164.28 in chips)
Seat 6: WebmasterXXL ($57.04 in chips)
VolkovDmitri: posts small blind $1
WebmasterXXL: posts big blind $3
*** HOLE CARDS ***
VolkovDmitri: raises $3 to $6
WebmasterXXL: folds
Uncalled bet ($3) returned to VolkovDmitri
VolkovDmitri collected $6 from pot
VolkovDmitri: doesn't show hand
*** SUMMARY ***
Total pot $6 | Rake $0
Seat 1: VolkovDmitri (button) (small blind) collected ($6)
Seat 6: WebmasterXXL (big blind) folded before Flop


PokerStars Hand #171018337246:  Hold'em Limit ($3/$6 USD) - 2017/05/28 6:59:26 ET
Table 'Zamenhof' 6-max Seat #6 is the button
Seat 1: VolkovDmitri ($167.28 in chips)
Seat 6: WebmasterXXL ($54.04 in chips)
WebmasterXXL: posts small blind $1
VolkovDmitri: posts big blind $3
*** HOLE CARDS ***
WebmasterXXL: raises $3 to $6
VolkovDmitri: calls $3
*** FLOP *** [Kd Th Jd]
VolkovDmitri: checks
WebmasterXXL: bets $3
VolkovDmitri: calls $3
*** TURN *** [Kd Th Jd] [9d]
VolkovDmitri: checks
WebmasterXXL: bets $6
VolkovDmitri: calls $6
*** RIVER *** [Kd Th Jd 9d] [7d]
VolkovDmitri: bets $6
WebmasterXXL: calls $6
*** SHOW DOWN ***
VolkovDmitri: shows [Td 5h] (a flush, King high)
WebmasterXXL: mucks hand
VolkovDmitri collected $41.50 from pot
*** SUMMARY ***
Total pot $42 | Rake $0.50
Board [Kd Th Jd 9d 7d]
Seat 1: VolkovDmitri (big blind) showed [Td 5h] and won ($41.50) with a flush, King high
Seat 6: WebmasterXXL (button) (small blind) mucked


PokerStars Hand #171018331215:  Hold'em Limit ($3/$6 USD) - 2017/05/28 6:59:11 ET
Table 'Zamenhof' 6-max Seat #6 is the button
Seat 1: VolkovDmitri ($163.28 in chips)
Seat 6: WebmasterXXL ($58.04 in chips)
WebmasterXXL: posts small blind $1
VolkovDmitri: posts big blind $3
*** HOLE CARDS ***
WebmasterXXL: folds
Uncalled bet ($2) returned to VolkovDmitri
VolkovDmitri collected $2 from pot
VolkovDmitri: doesn't show hand
*** SUMMARY ***
Total pot $2 | Rake $0
Seat 1: VolkovDmitri (big blind) collected ($2)
Seat 6: WebmasterXXL (button) (small blind) folded before Flop


PokerStars Hand #171018355259:  Hold'em Limit ($3/$6 USD) - 2017/05/28 7:00:11 ET
Table 'Zamenhof' 6-max Seat #1 is the button
Seat 1: VolkovDmitri ($187.78 in chips)
Seat 6: WebmasterXXL ($33.04 in chips)
VolkovDmitri: posts small blind $1
WebmasterXXL: posts big blind $3
*** HOLE CARDS ***
VolkovDmitri: raises $3 to $6
Jack_Wu1985 joins the table at seat #3
Jack_Wu1985 said, "web"
WebmasterXXL: raises $3 to $9
Jack_Wu1985 said, "don't run"
Jack_Wu1985 said, "kill u"
VolkovDmitri: calls $3
*** FLOP *** [4s Qh Jc]
Jack_Wu1985 said, "****"
WebmasterXXL: bets $3
VolkovDmitri: folds
Uncalled bet ($3) returned to WebmasterXXL
WebmasterXXL collected $17.64 from pot
WebmasterXXL: doesn't show hand
*** SUMMARY ***
Total pot $18 | Rake $0.36
Board [4s Qh Jc]
Seat 1: VolkovDmitri (button) (small blind) folded on the Flop
Seat 6: WebmasterXXL (big blind) collected ($17.64)


PokerStars Hand #171018363788:  Hold'em Limit ($3/$6 USD) - 2017/05/28 7:00:32 ET
Table 'Zamenhof' 6-max Seat #6 is the button
Seat 1: VolkovDmitri ($178.78 in chips)
Seat 6: WebmasterXXL ($41.68 in chips)
WebmasterXXL: posts small blind $1
VolkovDmitri: posts big blind $3
*** HOLE CARDS ***
WebmasterXXL: raises $3 to $6
VolkovDmitri: calls $3
*** FLOP *** [2s Jh 5c]
VolkovDmitri: checks
WebmasterXXL: bets $3
VolkovDmitri: raises $3 to $6
WebmasterXXL: calls $3
*** TURN *** [2s Jh 5c] [5h]
VolkovDmitri: bets $6
WebmasterXXL: calls $6
*** RIVER *** [2s Jh 5c 5h] [Ks]
Jack_Wu1985 said, "yes"
Jack_Wu1985 said, "raise he"
Jack_Wu1985 said, "kill he"
VolkovDmitri: bets $6
WebmasterXXL: calls $6
*** SHOW DOWN ***
VolkovDmitri: shows [5d 3d] (three of a kind, Fives)
WebmasterXXL: mucks hand
VolkovDmitri collected $47.50 from pot
Jack_Wu1985 said, "ye"
*** SUMMARY ***
Total pot $48 | Rake $0.50
Board [2s Jh 5c 5h Ks]
Seat 1: VolkovDmitri (big blind) showed [5d 3d] and won ($47.50) with three of a kind, Fives
Seat 6: WebmasterXXL (button) (small blind) mucked


PokerStars Hand #171018423996:  Hold'em Limit ($3/$6 USD) - 2017/05/28 7:02:50 ET
Table 'Zamenhof' 6-max Seat #1 is the button
Seat 1: VolkovDmitri ($263.31 in chips)
Seat 3: Jack_Wu1985 ($135 in chips)
VolkovDmitri: posts small blind $1
Jack_Wu1985: posts big blind $3
*** HOLE CARDS ***
VolkovDmitri: raises $3 to $6
Jack_Wu1985: raises $3 to $9
VolkovDmitri: calls $3
*** FLOP *** [6c Kc 5h]
Jack_Wu1985: bets $3
VolkovDmitri: calls $3
*** TURN *** [6c Kc 5h] [Ks]
Jack_Wu1985: bets $6
VolkovDmitri: folds
Uncalled bet ($6) returned to Jack_Wu1985
Jack_Wu1985 collected $23.52 from pot
Jack_Wu1985: doesn't show hand
*** SUMMARY ***
Total pot $24 | Rake $0.48
Board [6c Kc 5h Ks]
Seat 1: VolkovDmitri (button) (small blind) folded on the Turn
Seat 3: Jack_Wu1985 (big blind) collected ($23.52)


PokerStars Hand #171018581752:  Hold'em Limit ($3/$6 USD) - 2017/05/28 7:08:35 ET
Table 'Zamenhof' 6-max Seat #6 is the button
Seat 1: VolkovDmitri ($312.47 in chips)
Seat 6: HAL9QQQ ($120 in chips)
HAL9QQQ: posts small blind $1
VolkovDmitri: posts big blind $3
*** HOLE CARDS ***
HAL9QQQ: folds
Uncalled bet ($2) returned to VolkovDmitri
VolkovDmitri collected $2 from pot
VolkovDmitri: doesn't show hand
*** SUMMARY ***
Total pot $2 | Rake $0
Seat 1: VolkovDmitri (big blind) collected ($2)
Seat 6: HAL9QQQ (button) (small blind) folded before Flop


PokerStars Hand #171018551866:  Hold'em Limit ($3/$6 USD) - 2017/05/28 7:07:30 ET
Table 'Zamenhof' 6-max Seat #1 is the button
Seat 1: VolkovDmitri ($303.83 in chips)
Seat 6: HAL9QQQ ($120 in chips)
VolkovDmitri: posts small blind $1
Krazy90: is sitting out
HAL9QQQ: posts big blind $3
*** HOLE CARDS ***
VolkovDmitri: calls $2
Krazy90 leaves the table
HAL9QQQ: checks
*** FLOP *** [4c Tc 3d]
HAL9QQQ: bets $3
VolkovDmitri: raises $3 to $6
HAL9QQQ: calls $3
*** TURN *** [4c Tc 3d] [Qh]
HAL9QQQ: checks
VolkovDmitri: bets $6
HAL9QQQ: folds
Uncalled bet ($6) returned to VolkovDmitri
VolkovDmitri collected $17.64 from pot
VolkovDmitri: doesn't show hand
*** SUMMARY ***
Total pot $18 | Rake $0.36
Board [4c Tc 3d Qh]
Seat 1: VolkovDmitri (button) (small blind) collected ($17.64)
Seat 6: HAL9QQQ (big blind) folded on the Turn


