PokerStars Hand #146392806413:  Hold'em Limit ($3/$6 USD) - 2016/01/03 10:52:01 ET
Table 'Zanaih' 6-max Seat #2 is the button
Seat 1: Zeeon ($96.02 in chips)
Seat 2: boony444 ($176.24 in chips)
boony444: posts small blind $1
Zeeon: posts big blind $3
*** HOLE CARDS ***
boony444: raises $3 to $6
Zeeon: folds
Uncalled bet ($3) returned to boony444
boony444 collected $6 from pot
boony444: doesn't show hand
*** SUMMARY ***
Total pot $6 | Rake $0
Seat 1: Zeeon (big blind) folded before Flop
Seat 2: boony444 (button) (small blind) collected ($6)


PokerStars Hand #146392775592:  Hold'em Limit ($3/$6 USD) - 2016/01/03 10:51:30 ET
Table 'Zanaih' 6-max Seat #1 is the button
Seat 1: Zeeon ($90.26 in chips)
Seat 2: boony444 ($182.24 in chips)
Zeeon: posts small blind $1
boony444: posts big blind $3
*** HOLE CARDS ***
Airbag999 leaves the table
Zeeon: raises $3 to $6
boony444: calls $3
*** FLOP *** [Js 5c Jd]
boony444: checks
Zeeon: checks
*** TURN *** [Js 5c Jd] [As]
boony444: checks
Zeeon: bets $6
boony444: folds
Uncalled bet ($6) returned to Zeeon
Zeeon collected $11.76 from pot
*** SUMMARY ***
Total pot $12 | Rake $0.24
Board [Js 5c Jd As]
Seat 1: Zeeon (button) (small blind) collected ($11.76)
Seat 2: boony444 (big blind) folded on the Turn


PokerStars Hand #146392765710:  Hold'em Limit ($3/$6 USD) - 2016/01/03 10:51:20 ET
Table 'Zanaih' 6-max Seat #2 is the button
Seat 1: Zeeon ($89.26 in chips)
Seat 2: boony444 ($183.24 in chips)
boony444: posts small blind $1
Airbag999: is sitting out
Zeeon: posts big blind $3
*** HOLE CARDS ***
boony444: folds
Uncalled bet ($2) returned to Zeeon
Zeeon collected $2 from pot
*** SUMMARY ***
Total pot $2 | Rake $0
Seat 1: Zeeon (big blind) collected ($2)
Seat 2: boony444 (button) (small blind) folded before Flop


PokerStars Hand #146392855767:  Hold'em Limit ($3/$6 USD) - 2016/01/03 10:52:52 ET
Table 'Zanaih' 6-max Seat #2 is the button
Seat 1: Zeeon ($88.02 in chips)
Seat 2: boony444 ($180.24 in chips)
boony444: posts small blind $1
Zeeon: posts big blind $3
*** HOLE CARDS ***
boony444: raises $3 to $6
Zeeon: folds
Uncalled bet ($3) returned to boony444
boony444 collected $6 from pot
boony444: doesn't show hand
*** SUMMARY ***
Total pot $6 | Rake $0
Seat 1: Zeeon (big blind) folded before Flop
Seat 2: boony444 (button) (small blind) collected ($6)


PokerStars Hand #146392851111:  Hold'em Limit ($3/$6 USD) - 2016/01/03 10:52:47 ET
Table 'Zanaih' 6-max Seat #1 is the button
Seat 1: Zeeon ($89.02 in chips)
Seat 2: boony444 ($179.24 in chips)
Zeeon: posts small blind $1
boony444: posts big blind $3
*** HOLE CARDS ***
Zeeon: folds
Uncalled bet ($2) returned to boony444
boony444 collected $2 from pot
boony444: doesn't show hand
*** SUMMARY ***
Total pot $2 | Rake $0
Seat 1: Zeeon (button) (small blind) folded before Flop
Seat 2: boony444 (big blind) collected ($2)


PokerStars Hand #146392844777:  Hold'em Limit ($3/$6 USD) - 2016/01/03 10:52:41 ET
Table 'Zanaih' 6-max Seat #2 is the button
Seat 1: Zeeon ($88.02 in chips)
Seat 2: boony444 ($180.24 in chips)
boony444: posts small blind $1
Zeeon: posts big blind $3
*** HOLE CARDS ***
Arketypen leaves the table
boony444: folds
Uncalled bet ($2) returned to Zeeon
Zeeon collected $2 from pot
*** SUMMARY ***
Total pot $2 | Rake $0
Seat 1: Zeeon (big blind) collected ($2)
Seat 2: boony444 (button) (small blind) folded before Flop


PokerStars Hand #146392811424:  Hold'em Limit ($3/$6 USD) - 2016/01/03 10:52:07 ET
Table 'Zanaih' 6-max Seat #1 is the button
Seat 1: Zeeon ($93.02 in chips)
Seat 2: boony444 ($179.24 in chips)
Zeeon: posts small blind $1
boony444: posts big blind $3
*** HOLE CARDS ***
Zeeon: folds
Uncalled bet ($2) returned to boony444
Arketypen joins the table at seat #3
boony444 collected $2 from pot
boony444: doesn't show hand
*** SUMMARY ***
Total pot $2 | Rake $0
Seat 1: Zeeon (button) (small blind) folded before Flop
Seat 2: boony444 (big blind) collected ($2)


PokerStars Hand #146392917449:  Hold'em Limit ($3/$6 USD) - 2016/01/03 10:53:55 ET
Table 'Zanaih' 6-max Seat #1 is the button
Seat 1: Zeeon ($87.66 in chips)
Seat 2: boony444 ($180 in chips)
Zeeon: posts small blind $1
boony444: posts big blind $3
*** HOLE CARDS ***
Zeeon: folds
Uncalled bet ($2) returned to boony444
boony444 collected $2 from pot
boony444: doesn't show hand
*** SUMMARY ***
Total pot $2 | Rake $0
Seat 1: Zeeon (button) (small blind) folded before Flop
Seat 2: boony444 (big blind) collected ($2)


PokerStars Hand #146392905384:  Hold'em Limit ($3/$6 USD) - 2016/01/03 10:53:42 ET
Table 'Zanaih' 6-max Seat #2 is the button
Seat 1: Zeeon ($79.02 in chips)
Seat 2: boony444 ($189 in chips)
boony444: posts small blind $1
Zeeon: posts big blind $3
*** HOLE CARDS ***
boony444: raises $3 to $6
Zeeon: calls $3
*** FLOP *** [Ad 9h 4d]
Zeeon: checks
boony444: bets $3
Zeeon: raises $3 to $6
boony444: folds
Uncalled bet ($3) returned to Zeeon
Zeeon collected $17.64 from pot
*** SUMMARY ***
Total pot $18 | Rake $0.36
Board [Ad 9h 4d]
Seat 1: Zeeon (big blind) collected ($17.64)
Seat 2: boony444 (button) (small blind) folded on the Flop


PokerStars Hand #146392900948:  Hold'em Limit ($3/$6 USD) - 2016/01/03 10:53:38 ET
Table 'Zanaih' 6-max Seat #1 is the button
Seat 1: Zeeon ($80.02 in chips)
Seat 2: boony444 ($188 in chips)
Zeeon: posts small blind $1
boony444: posts big blind $3
*** HOLE CARDS ***
Zeeon: folds
Uncalled bet ($2) returned to boony444
boony444 collected $2 from pot
boony444: doesn't show hand
*** SUMMARY ***
Total pot $2 | Rake $0
Seat 1: Zeeon (button) (small blind) folded before Flop
Seat 2: boony444 (big blind) collected ($2)


PokerStars Hand #146392895760:  Hold'em Limit ($3/$6 USD) - 2016/01/03 10:53:33 ET
Table 'Zanaih' 6-max Seat #2 is the button
Seat 1: Zeeon ($79.02 in chips)
Seat 2: boony444 ($189 in chips)
boony444: posts small blind $1
Zeeon: posts big blind $3
*** HOLE CARDS ***
boony444: folds
Uncalled bet ($2) returned to Zeeon
BuzovaPro leaves the table
Zeeon collected $2 from pot
*** SUMMARY ***
Total pot $2 | Rake $0
Seat 1: Zeeon (big blind) collected ($2)
Seat 2: boony444 (button) (small blind) folded before Flop


PokerStars Hand #146392873974:  Hold'em Limit ($3/$6 USD) - 2016/01/03 10:53:10 ET
Table 'Zanaih' 6-max Seat #1 is the button
Seat 1: Zeeon ($85.02 in chips)
Seat 2: boony444 ($183.24 in chips)
Zeeon: posts small blind $1
boony444: posts big blind $3
*** HOLE CARDS ***
Zeeon: raises $3 to $6
boony444: calls $3
*** FLOP *** [6d Tc 7s]
boony444: checks
Zeeon: checks
*** TURN *** [6d Tc 7s] [7d]
boony444: checks
Zeeon: checks
*** RIVER *** [6d Tc 7s 7d] [3h]
boony444: bets $6
Zeeon: folds
Uncalled bet ($6) returned to boony444
boony444 collected $11.76 from pot
boony444: doesn't show hand
*** SUMMARY ***
Total pot $12 | Rake $0.24
Board [6d Tc 7s 7d 3h]
Seat 1: Zeeon (button) (small blind) folded on the River
Seat 2: boony444 (big blind) collected ($11.76)


PokerStars Hand #146392987688:  Hold'em Limit ($3/$6 USD) - 2016/01/03 10:55:07 ET
Table 'Zanaih' 6-max Seat #1 is the button
Seat 1: Zeeon ($104.80 in chips)
Seat 2: boony444 ($161.76 in chips)
Zeeon: posts small blind $1
boony444: posts big blind $3
*** HOLE CARDS ***
Zeeon: folds
Uncalled bet ($2) returned to boony444
boony444 collected $2 from pot
boony444: doesn't show hand
*** SUMMARY ***
Total pot $2 | Rake $0
Seat 1: Zeeon (button) (small blind) folded before Flop
Seat 2: boony444 (big blind) collected ($2)


PokerStars Hand #146392971578:  Hold'em Limit ($3/$6 USD) - 2016/01/03 10:54:50 ET
Table 'Zanaih' 6-max Seat #2 is the button
Seat 1: Zeeon ($96.16 in chips)
Seat 2: boony444 ($170.76 in chips)
boony444: posts small blind $1
Zeeon: posts big blind $3
*** HOLE CARDS ***
boony444: raises $3 to $6
Zeeon: calls $3
*** FLOP *** [3c Kh 8h]
Zeeon: bets $3
boony444: calls $3
*** TURN *** [3c Kh 8h] [5d]
Zeeon: bets $6
boony444: folds
Uncalled bet ($6) returned to Zeeon
Zeeon collected $17.64 from pot
*** SUMMARY ***
Total pot $18 | Rake $0.36
Board [3c Kh 8h 5d]
Seat 1: Zeeon (big blind) collected ($17.64)
Seat 2: boony444 (button) (small blind) folded on the Turn


PokerStars Hand #146392966055:  Hold'em Limit ($3/$6 USD) - 2016/01/03 10:54:44 ET
Table 'Zanaih' 6-max Seat #1 is the button
Seat 1: Zeeon ($97.16 in chips)
Seat 2: boony444 ($169.76 in chips)
Zeeon: posts small blind $1
boony444: posts big blind $3
*** HOLE CARDS ***
Zeeon: folds
Uncalled bet ($2) returned to boony444
boony444 collected $2 from pot
boony444: doesn't show hand
*** SUMMARY ***
Total pot $2 | Rake $0
Seat 1: Zeeon (button) (small blind) folded before Flop
Seat 2: boony444 (big blind) collected ($2)


PokerStars Hand #146392949043:  Hold'em Limit ($3/$6 USD) - 2016/01/03 10:54:27 ET
Table 'Zanaih' 6-max Seat #2 is the button
Seat 1: Zeeon ($103.16 in chips)
Seat 2: boony444 ($164 in chips)
boony444: posts small blind $1
Zeeon: posts big blind $3
*** HOLE CARDS ***
boony444: raises $3 to $6
Zeeon: calls $3
*** FLOP *** [Ts 4h 3c]
Zeeon: checks
boony444: bets $3
Zeeon: folds
Uncalled bet ($3) returned to boony444
boony444 collected $11.76 from pot
boony444: doesn't show hand
*** SUMMARY ***
Total pot $12 | Rake $0.24
Board [Ts 4h 3c]
Seat 1: Zeeon (big blind) folded on the Flop
Seat 2: boony444 (button) (small blind) collected ($11.76)


PokerStars Hand #146392943698:  Hold'em Limit ($3/$6 USD) - 2016/01/03 10:54:21 ET
Table 'Zanaih' 6-max Seat #1 is the button
Seat 1: Zeeon ($104.16 in chips)
Seat 2: boony444 ($163 in chips)
Zeeon: posts small blind $1
boony444: posts big blind $3
*** HOLE CARDS ***
Zeeon: folds
Uncalled bet ($2) returned to boony444
boony444 collected $2 from pot
*** SUMMARY ***
Total pot $2 | Rake $0
Seat 1: Zeeon (button) (small blind) folded before Flop
Seat 2: boony444 (big blind) collected ($2)


PokerStars Hand #146392922245:  Hold'em Limit ($3/$6 USD) - 2016/01/03 10:54:00 ET
Table 'Zanaih' 6-max Seat #2 is the button
Seat 1: Zeeon ($86.66 in chips)
Seat 2: boony444 ($181 in chips)
boony444: posts small blind $1
Zeeon: posts big blind $3
*** HOLE CARDS ***
boony444: raises $3 to $6
Zeeon: raises $3 to $9
boony444: calls $3
*** FLOP *** [5h 5s Qs]
Zeeon: bets $3
boony444: calls $3
*** TURN *** [5h 5s Qs] [4h]
Zeeon: bets $6
boony444: calls $6
*** RIVER *** [5h 5s Qs 4h] [Ts]
Zeeon: bets $6
boony444: folds
Uncalled bet ($6) returned to Zeeon
Zeeon collected $35.50 from pot
*** SUMMARY ***
Total pot $36 | Rake $0.50
Board [5h 5s Qs 4h Ts]
Seat 1: Zeeon (big blind) collected ($35.50)
Seat 2: boony444 (button) (small blind) folded on the River


PokerStars Hand #146393035844:  Hold'em Limit ($3/$6 USD) - 2016/01/03 10:56:07 ET
Table 'Zanaih' 6-max Seat #2 is the button
Seat 1: Zeeon ($128.81 in chips)
Seat 2: boony444 ($136.51 in chips)
boony444: posts small blind $1
Zeeon: posts big blind $3
*** HOLE CARDS ***
boony444: raises $3 to $6
Zeeon: folds
Uncalled bet ($3) returned to boony444
boony444 collected $6 from pot
boony444: doesn't show hand
*** SUMMARY ***
Total pot $6 | Rake $0
Seat 1: Zeeon (big blind) folded before Flop
Seat 2: boony444 (button) (small blind) collected ($6)


PokerStars Hand #146393031984:  Hold'em Limit ($3/$6 USD) - 2016/01/03 10:56:02 ET
Table 'Zanaih' 6-max Seat #1 is the button
Seat 1: Zeeon ($129.81 in chips)
Seat 2: boony444 ($135.51 in chips)
Zeeon: posts small blind $1
boony444: posts big blind $3
*** HOLE CARDS ***
Zeeon: folds
Uncalled bet ($2) returned to boony444
boony444 collected $2 from pot
boony444: doesn't show hand
*** SUMMARY ***
Total pot $2 | Rake $0
Seat 1: Zeeon (button) (small blind) folded before Flop
Seat 2: boony444 (big blind) collected ($2)


PokerStars Hand #146393019026:  Hold'em Limit ($3/$6 USD) - 2016/01/03 10:55:46 ET
Table 'Zanaih' 6-max Seat #2 is the button
Seat 1: Zeeon ($109.31 in chips)
Seat 2: boony444 ($156.51 in chips)
boony444: posts small blind $1
Zeeon: posts big blind $3
*** HOLE CARDS ***
boony444: raises $3 to $6
Zeeon: calls $3
*** FLOP *** [Qs Qh 7c]
Zeeon: bets $3
boony444: calls $3
*** TURN *** [Qs Qh 7c] [Jc]
Zeeon: bets $6
boony444: calls $6
*** RIVER *** [Qs Qh 7c Jc] [Js]
Zeeon: bets $6
boony444: calls $6
*** SHOW DOWN ***
Zeeon: shows [Jh Ah] (a full house, Jacks full of Queens)
boony444: mucks hand
Zeeon collected $41.50 from pot
*** SUMMARY ***
Total pot $42 | Rake $0.50
Board [Qs Qh 7c Jc Js]
Seat 1: Zeeon (big blind) showed [Jh Ah] and won ($41.50) with a full house, Jacks full of Queens
Seat 2: boony444 (button) (small blind) mucked


PokerStars Hand #146393009134:  Hold'em Limit ($3/$6 USD) - 2016/01/03 10:55:33 ET
Table 'Zanaih' 6-max Seat #1 is the button
Seat 1: Zeeon ($103.55 in chips)
Seat 2: boony444 ($162.51 in chips)
Zeeon: posts small blind $1
boony444: posts big blind $3
*** HOLE CARDS ***
Zeeon: raises $3 to $6
boony444: calls $3
*** FLOP *** [3h 8s 2d]
boony444: checks
Zeeon: checks
*** TURN *** [3h 8s 2d] [As]
boony444: checks
Zeeon: bets $6
boony444: folds
Uncalled bet ($6) returned to Zeeon
Zeeon collected $11.76 from pot
*** SUMMARY ***
Total pot $12 | Rake $0.24
Board [3h 8s 2d As]
Seat 1: Zeeon (button) (small blind) collected ($11.76)
Seat 2: boony444 (big blind) folded on the Turn


PokerStars Hand #146392991598:  Hold'em Limit ($3/$6 USD) - 2016/01/03 10:55:11 ET
Table 'Zanaih' 6-max Seat #2 is the button
Seat 1: Zeeon ($103.80 in chips)
Seat 2: boony444 ($162.76 in chips)
boony444: posts small blind $1
Zeeon: posts big blind $3
*** HOLE CARDS ***
boony444: raises $3 to $6
Zeeon: calls $3
*** FLOP *** [7h 9s Ts]
Zeeon: bets $3
boony444: calls $3
*** TURN *** [7h 9s Ts] [Jd]
Zeeon: checks
boony444: bets $6
Zeeon: calls $6
*** RIVER *** [7h 9s Ts Jd] [8h]
Zeeon: checks
boony444: checks
*** SHOW DOWN ***
Zeeon: shows [7c Ks] (a straight, Seven to Jack)
boony444: shows [7d Ac] (a straight, Seven to Jack)
Zeeon collected $14.75 from pot
boony444 collected $14.75 from pot
*** SUMMARY ***
Total pot $30 | Rake $0.50
Board [7h 9s Ts Jd 8h]
Seat 1: Zeeon (big blind) showed [7c Ks] and won ($14.75) with a straight, Seven to Jack
Seat 2: boony444 (button) (small blind) showed [7d Ac] and won ($14.75) with a straight, Seven to Jack


PokerStars Hand #146393040323:  Hold'em Limit ($3/$6 USD) - 2016/01/03 10:56:13 ET
Table 'Zanaih' 6-max Seat #1 is the button
Seat 1: Zeeon ($125.81 in chips)
Seat 2: boony444 ($139.51 in chips)
Zeeon: posts small blind $1
boony444: posts big blind $3
*** HOLE CARDS ***
Zeeon: raises $3 to $6
boony444: calls $3
*** FLOP *** [Kd 2c Ah]
boony444: checks
Zeeon: bets $3
boony444: calls $3
*** TURN *** [Kd 2c Ah] [7c]
boony444: checks
Zeeon: checks
*** RIVER *** [Kd 2c Ah 7c] [9d]
boony444: bets $6
Zeeon: folds
Uncalled bet ($6) returned to boony444
boony444 collected $17.64 from pot
boony444: doesn't show hand
*** SUMMARY ***
Total pot $18 | Rake $0.36
Board [Kd 2c Ah 7c 9d]
Seat 1: Zeeon (button) (small blind) folded on the River
Seat 2: boony444 (big blind) collected ($17.64)


PokerStars Hand #146393055435:  Hold'em Limit ($3/$6 USD) - 2016/01/03 10:56:31 ET
Table 'Zanaih' 6-max Seat #2 is the button
Seat 1: Zeeon ($116.81 in chips)
Seat 2: boony444 ($148.15 in chips)
boony444: posts small blind $1
Zeeon: posts big blind $3
*** HOLE CARDS ***
boony444: raises $3 to $6
Zeeon: folds
Uncalled bet ($3) returned to boony444
boony444 collected $6 from pot
boony444: doesn't show hand
*** SUMMARY ***
Total pot $6 | Rake $0
Seat 1: Zeeon (big blind) folded before Flop
Seat 2: boony444 (button) (small blind) collected ($6)


PokerStars Hand #146393059747:  Hold'em Limit ($3/$6 USD) - 2016/01/03 10:56:37 ET
Table 'Zanaih' 6-max Seat #1 is the button
Seat 1: Zeeon ($113.81 in chips)
Seat 2: boony444 ($151.15 in chips)
Zeeon: posts small blind $1
boony444: posts big blind $3
*** HOLE CARDS ***
Zeeon: raises $3 to $6
boony444: raises $3 to $9
Zeeon: calls $3
*** FLOP *** [6s 7c 8s]
boony444: bets $3
Zeeon: raises $3 to $6
boony444: calls $3
*** TURN *** [6s 7c 8s] [Kh]
boony444: checks
Zeeon: checks
*** RIVER *** [6s 7c 8s Kh] [Tc]
boony444: checks
Zeeon: bets $6
boony444: calls $6
*** SHOW DOWN ***
Zeeon: shows [Jd 9c] (a straight, Seven to Jack)
boony444: mucks hand
Zeeon collected $41.50 from pot
*** SUMMARY ***
Total pot $42 | Rake $0.50
Board [6s 7c 8s Kh Tc]
Seat 1: Zeeon (button) (small blind) showed [Jd 9c] and won ($41.50) with a straight, Seven to Jack
Seat 2: boony444 (big blind) mucked


PokerStars Hand #146400502006:  Hold'em Limit ($3/$6 USD) - 2016/01/03 12:58:18 ET
Table 'Zanaih' 6-max Seat #4 is the button
Seat 3: Airbag999 ($132.78 in chips)
Seat 4: Krazy90 ($269.78 in chips)
Krazy90: posts small blind $1
Airbag999: posts big blind $3
*** HOLE CARDS ***
Krazy90: raises $3 to $6
Airbag999: calls $3
*** FLOP *** [Qs Ts 6d]
Airbag999: checks
Krazy90: checks
*** TURN *** [Qs Ts 6d] [Td]
Airbag999: checks
Krazy90: bets $6
Airbag999: folds
Uncalled bet ($6) returned to Krazy90
Krazy90 collected $11.76 from pot
Krazy90: doesn't show hand
*** SUMMARY ***
Total pot $12 | Rake $0.24
Board [Qs Ts 6d Td]
Seat 3: Airbag999 (big blind) folded on the Turn
Seat 4: Krazy90 (button) (small blind) collected ($11.76)


