PokerStars Hand #148026874660:  Hold'em Limit ($3/$6 USD) - 2016/01/31 19:00:19 ET
Table 'Zanaih II' 2-max Seat #1 is the button
Seat 1: RaisemyNut$ ($90.54 in chips)
Seat 2: PigStyles ($466.29 in chips)
RaisemyNut$: posts small blind $1
PigStyles: posts big blind $3
*** HOLE CARDS ***
RaisemyNut$: raises $3 to $6
PigStyles: calls $3
*** FLOP *** [7c 5c 9d]
PigStyles: checks
RaisemyNut$: bets $3
PigStyles: calls $3
*** TURN *** [7c 5c 9d] [Ks]
PigStyles: checks
RaisemyNut$: bets $6
PigStyles: raises $6 to $12
RaisemyNut$: calls $6
*** RIVER *** [7c 5c 9d Ks] [9h]
PigStyles: bets $6
RaisemyNut$: calls $6
*** SHOW DOWN ***
PigStyles: shows [7h 5h] (two pair, Nines and Sevens)
RaisemyNut$: shows [7s 2s] (two pair, Nines and Sevens)
PigStyles collected $26.75 from pot
RaisemyNut$ collected $26.75 from pot
*** SUMMARY ***
Total pot $54 | Rake $0.50
Board [7c 5c 9d Ks 9h]
Seat 1: RaisemyNut$ (button) (small blind) showed [7s 2s] and won ($26.75) with two pair, Nines and Sevens
Seat 2: PigStyles (big blind) showed [7h 5h] and won ($26.75) with two pair, Nines and Sevens


PokerStars Hand #148026869614:  Hold'em Limit ($3/$6 USD) - 2016/01/31 19:00:11 ET
Table 'Zanaih II' 2-max Seat #2 is the button
Seat 1: RaisemyNut$ ($81.90 in chips)
Seat 2: PigStyles ($475.29 in chips)
PigStyles: posts small blind $1
RaisemyNut$: posts big blind $3
*** HOLE CARDS ***
PigStyles: raises $3 to $6
RaisemyNut$: raises $3 to $9
PigStyles: calls $3
*** FLOP *** [Ah Jc 4c]
RaisemyNut$: bets $3
PigStyles: folds
Uncalled bet ($3) returned to RaisemyNut$
RaisemyNut$ collected $17.64 from pot
RaisemyNut$: doesn't show hand
*** SUMMARY ***
Total pot $18 | Rake $0.36
Board [Ah Jc 4c]
Seat 1: RaisemyNut$ (big blind) collected ($17.64)
Seat 2: PigStyles (button) (small blind) folded on the Flop


PokerStars Hand #148026916823:  Hold'em Limit ($3/$6 USD) - 2016/01/31 19:01:20 ET
Table 'Zanaih II' 2-max Seat #2 is the button
Seat 1: RaisemyNut$ ($122.05 in chips)
Seat 2: PigStyles ($432.56 in chips)
PigStyles: posts small blind $1
RaisemyNut$: posts big blind $3
*** HOLE CARDS ***
PigStyles: raises $3 to $6
RaisemyNut$: folds
Uncalled bet ($3) returned to PigStyles
PigStyles collected $6 from pot
PigStyles: doesn't show hand
*** SUMMARY ***
Total pot $6 | Rake $0
Seat 1: RaisemyNut$ (big blind) folded before Flop
Seat 2: PigStyles (button) (small blind) collected ($6)


PokerStars Hand #148026907091:  Hold'em Limit ($3/$6 USD) - 2016/01/31 19:01:07 ET
Table 'Zanaih II' 2-max Seat #1 is the button
Seat 1: RaisemyNut$ ($98.55 in chips)
Seat 2: PigStyles ($456.56 in chips)
RaisemyNut$: posts small blind $1
PigStyles: posts big blind $3
*** HOLE CARDS ***
RaisemyNut$: raises $3 to $6
PigStyles: calls $3
*** FLOP *** [Jc As 6d]
PigStyles: checks
RaisemyNut$: bets $3
PigStyles: raises $3 to $6
RaisemyNut$: raises $3 to $9
PigStyles: raises $3 to $12
Betting is capped
RaisemyNut$: calls $3
*** TURN *** [Jc As 6d] [7c]
PigStyles: bets $6
RaisemyNut$: raises $6 to $12
PigStyles: folds
Uncalled bet ($6) returned to RaisemyNut$
RaisemyNut$ collected $47.50 from pot
RaisemyNut$: doesn't show hand
*** SUMMARY ***
Total pot $48 | Rake $0.50
Board [Jc As 6d 7c]
Seat 1: RaisemyNut$ (button) (small blind) collected ($47.50)
Seat 2: PigStyles (big blind) folded on the Turn


PokerStars Hand #148026898055:  Hold'em Limit ($3/$6 USD) - 2016/01/31 19:00:54 ET
Table 'Zanaih II' 2-max Seat #2 is the button
Seat 1: RaisemyNut$ ($110.55 in chips)
Seat 2: PigStyles ($445.04 in chips)
PigStyles: posts small blind $1
RaisemyNut$: posts big blind $3
*** HOLE CARDS ***
PigStyles: raises $3 to $6
RaisemyNut$: calls $3
*** FLOP *** [5d 2s 4s]
RaisemyNut$: checks
PigStyles: checks
*** TURN *** [5d 2s 4s] [6c]
RaisemyNut$: checks
PigStyles: bets $6
RaisemyNut$: calls $6
*** RIVER *** [5d 2s 4s 6c] [8h]
RaisemyNut$: checks
PigStyles: checks
*** SHOW DOWN ***
RaisemyNut$: shows [Ah 9d] (high card Ace)
PigStyles: shows [Kc 6h] (a pair of Sixes)
PigStyles collected $23.52 from pot
*** SUMMARY ***
Total pot $24 | Rake $0.48
Board [5d 2s 4s 6c 8h]
Seat 1: RaisemyNut$ (big blind) showed [Ah 9d] and lost with high card Ace
Seat 2: PigStyles (button) (small blind) showed [Kc 6h] and won ($23.52) with a pair of Sixes


PokerStars Hand #148026892926:  Hold'em Limit ($3/$6 USD) - 2016/01/31 19:00:47 ET
Table 'Zanaih II' 2-max Seat #1 is the button
Seat 1: RaisemyNut$ ($104.79 in chips)
Seat 2: PigStyles ($451.04 in chips)
RaisemyNut$: posts small blind $1
PigStyles: posts big blind $3
*** HOLE CARDS ***
RaisemyNut$: raises $3 to $6
PigStyles: calls $3
*** FLOP *** [7d Qs 2c]
PigStyles: checks
RaisemyNut$: bets $3
PigStyles: folds
Uncalled bet ($3) returned to RaisemyNut$
RaisemyNut$ collected $11.76 from pot
RaisemyNut$: doesn't show hand
*** SUMMARY ***
Total pot $12 | Rake $0.24
Board [7d Qs 2c]
Seat 1: RaisemyNut$ (button) (small blind) collected ($11.76)
Seat 2: PigStyles (big blind) folded on the Flop


PokerStars Hand #148026884144:  Hold'em Limit ($3/$6 USD) - 2016/01/31 19:00:34 ET
Table 'Zanaih II' 2-max Seat #2 is the button
Seat 1: RaisemyNut$ ($90.29 in chips)
Seat 2: PigStyles ($466.04 in chips)
PigStyles: posts small blind $1
RaisemyNut$: posts big blind $3
*** HOLE CARDS ***
PigStyles: raises $3 to $6
RaisemyNut$: calls $3
*** FLOP *** [Kc 4h 5s]
RaisemyNut$: checks
PigStyles: bets $3
RaisemyNut$: calls $3
*** TURN *** [Kc 4h 5s] [Th]
RaisemyNut$: checks
PigStyles: bets $6
RaisemyNut$: raises $6 to $12
PigStyles: folds
Uncalled bet ($6) returned to RaisemyNut$
RaisemyNut$ collected $29.50 from pot
RaisemyNut$: doesn't show hand
*** SUMMARY ***
Total pot $30 | Rake $0.50
Board [Kc 4h 5s Th]
Seat 1: RaisemyNut$ (big blind) collected ($29.50)
Seat 2: PigStyles (button) (small blind) folded on the Turn


PokerStars Hand #148026801452:  Hold'em Limit ($3/$6 USD) - 2016/01/31 18:58:23 ET
Table 'Zanaih II' 2-max Seat #2 is the button
Seat 1: RaisemyNut$ ($60 in chips)
Seat 2: PigStyles ($442.79 in chips)
PigStyles: posts small blind $1
RaisemyNut$: posts big blind $3
*** HOLE CARDS ***
PigStyles: raises $3 to $6
RaisemyNut$: calls $3
*** FLOP *** [2c 5d Qd]
RaisemyNut$: checks
PigStyles: bets $3
RaisemyNut$: calls $3
*** TURN *** [2c 5d Qd] [Jc]
RaisemyNut$: checks
PigStyles: bets $6
RaisemyNut$: raises $6 to $12
PigStyles: calls $6
*** RIVER *** [2c 5d Qd Jc] [6d]
RaisemyNut$: bets $6
PigStyles: raises $6 to $12
RaisemyNut$: calls $6
*** SHOW DOWN ***
PigStyles: shows [6c Qh] (two pair, Queens and Sixes)
RaisemyNut$: mucks hand
PigStyles collected $65.50 from pot
*** SUMMARY ***
Total pot $66 | Rake $0.50
Board [2c 5d Qd Jc 6d]
Seat 1: RaisemyNut$ (big blind) mucked
Seat 2: PigStyles (button) (small blind) showed [6c Qh] and won ($65.50) with two pair, Queens and Sixes


PokerStars Hand #148026813269:  Hold'em Limit ($3/$6 USD) - 2016/01/31 18:58:40 ET
Table 'Zanaih II' 2-max Seat #1 is the button
Seat 1: RaisemyNut$ ($60 in chips)
Seat 2: PigStyles ($475.29 in chips)
RaisemyNut$: posts small blind $1
PigStyles: posts big blind $3
*** HOLE CARDS ***
RaisemyNut$: raises $3 to $6
PigStyles: calls $3
*** FLOP *** [4s Qd 5s]
PigStyles: checks
RaisemyNut$: bets $3
PigStyles: folds
Uncalled bet ($3) returned to RaisemyNut$
RaisemyNut$ collected $11.76 from pot
RaisemyNut$: doesn't show hand
*** SUMMARY ***
Total pot $12 | Rake $0.24
Board [4s Qd 5s]
Seat 1: RaisemyNut$ (button) (small blind) collected ($11.76)
Seat 2: PigStyles (big blind) folded on the Flop


PokerStars Hand #148026819190:  Hold'em Limit ($3/$6 USD) - 2016/01/31 18:58:49 ET
Table 'Zanaih II' 2-max Seat #2 is the button
Seat 1: RaisemyNut$ ($65.76 in chips)
Seat 2: PigStyles ($469.29 in chips)
PigStyles: posts small blind $1
RaisemyNut$: posts big blind $3
*** HOLE CARDS ***
PigStyles: raises $3 to $6
RaisemyNut$: folds
Uncalled bet ($3) returned to PigStyles
PigStyles collected $6 from pot
PigStyles: doesn't show hand
*** SUMMARY ***
Total pot $6 | Rake $0
Seat 1: RaisemyNut$ (big blind) folded before Flop
Seat 2: PigStyles (button) (small blind) collected ($6)


PokerStars Hand #148026831741:  Hold'em Limit ($3/$6 USD) - 2016/01/31 18:59:09 ET
Table 'Zanaih II' 2-max Seat #2 is the button
Seat 1: RaisemyNut$ ($60 in chips)
Seat 2: PigStyles ($495.79 in chips)
PigStyles: posts small blind $1
RaisemyNut$: posts big blind $3
*** HOLE CARDS ***
PigStyles: raises $3 to $6
RaisemyNut$: folds
Uncalled bet ($3) returned to PigStyles
PigStyles collected $6 from pot
PigStyles: doesn't show hand
*** SUMMARY ***
Total pot $6 | Rake $0
Seat 1: RaisemyNut$ (big blind) folded before Flop
Seat 2: PigStyles (button) (small blind) collected ($6)


PokerStars Hand #148026845860:  Hold'em Limit ($3/$6 USD) - 2016/01/31 18:59:32 ET
Table 'Zanaih II' 2-max Seat #2 is the button
Seat 1: RaisemyNut$ ($83.50 in chips)
Seat 2: PigStyles ($474.79 in chips)
PigStyles: posts small blind $1
RaisemyNut$: posts big blind $3
*** HOLE CARDS ***
PigStyles: raises $3 to $6
RaisemyNut$: calls $3
*** FLOP *** [Qs 8s 9h]
RaisemyNut$: checks
PigStyles: bets $3
RaisemyNut$: raises $3 to $6
PigStyles: folds
Uncalled bet ($3) returned to RaisemyNut$
RaisemyNut$ collected $17.64 from pot
RaisemyNut$: doesn't show hand
*** SUMMARY ***
Total pot $18 | Rake $0.36
Board [Qs 8s 9h]
Seat 1: RaisemyNut$ (big blind) collected ($17.64)
Seat 2: PigStyles (button) (small blind) folded on the Flop


PokerStars Hand #148026851908:  Hold'em Limit ($3/$6 USD) - 2016/01/31 18:59:42 ET
Table 'Zanaih II' 2-max Seat #1 is the button
Seat 1: RaisemyNut$ ($92.14 in chips)
Seat 2: PigStyles ($465.79 in chips)
RaisemyNut$: posts small blind $1
PigStyles: posts big blind $3
*** HOLE CARDS ***
RaisemyNut$: raises $3 to $6
PigStyles: calls $3
*** FLOP *** [6c Ks 8s]
PigStyles: checks
RaisemyNut$: bets $3
PigStyles: folds
Uncalled bet ($3) returned to RaisemyNut$
RaisemyNut$ collected $11.76 from pot
RaisemyNut$: doesn't show hand
*** SUMMARY ***
Total pot $12 | Rake $0.24
Board [6c Ks 8s]
Seat 1: RaisemyNut$ (button) (small blind) collected ($11.76)
Seat 2: PigStyles (big blind) folded on the Flop


PokerStars Hand #148026960631:  Hold'em Limit ($3/$6 USD) - 2016/01/31 19:02:18 ET
Table 'Zanaih II' 2-max Seat #2 is the button
Seat 1: RaisemyNut$ ($118.05 in chips)
Seat 2: PigStyles ($436.56 in chips)
PigStyles: posts small blind $1
RaisemyNut$: posts big blind $3
*** HOLE CARDS ***
PigStyles: raises $3 to $6
RaisemyNut$: calls $3
*** FLOP *** [Jd 7h 5h]
RaisemyNut$: checks
PigStyles: bets $3
RaisemyNut$: raises $3 to $6
PigStyles: calls $3
*** TURN *** [Jd 7h 5h] [5c]
RaisemyNut$: bets $6
PigStyles: folds
Uncalled bet ($6) returned to RaisemyNut$
RaisemyNut$ collected $23.52 from pot
RaisemyNut$: doesn't show hand
*** SUMMARY ***
Total pot $24 | Rake $0.48
Board [Jd 7h 5h 5c]
Seat 1: RaisemyNut$ (big blind) collected ($23.52)
Seat 2: PigStyles (button) (small blind) folded on the Turn


PokerStars Hand #148026951434:  Hold'em Limit ($3/$6 USD) - 2016/01/31 19:02:06 ET
Table 'Zanaih II' 2-max Seat #1 is the button
Seat 1: RaisemyNut$ ($119.05 in chips)
Seat 2: PigStyles ($435.56 in chips)
RaisemyNut$: posts small blind $1
PigStyles: posts big blind $3
*** HOLE CARDS ***
RaisemyNut$: folds
Uncalled bet ($2) returned to PigStyles
PigStyles collected $2 from pot
PigStyles: doesn't show hand
*** SUMMARY ***
Total pot $2 | Rake $0
Seat 1: RaisemyNut$ (button) (small blind) folded before Flop
Seat 2: PigStyles (big blind) collected ($2)


PokerStars Hand #148027009862:  Hold'em Limit ($3/$6 USD) - 2016/01/31 19:03:22 ET
Table 'Zanaih II' 2-max Seat #1 is the button
Seat 1: RaisemyNut$ ($175.57 in chips)
Seat 2: PigStyles ($377.56 in chips)
RaisemyNut$: posts small blind $1
PigStyles: posts big blind $3
*** HOLE CARDS ***
PigStyles said, "my days"
RaisemyNut$: raises $3 to $6
PigStyles: folds
Uncalled bet ($3) returned to RaisemyNut$
RaisemyNut$ collected $6 from pot
RaisemyNut$: doesn't show hand
*** SUMMARY ***
Total pot $6 | Rake $0
Seat 1: RaisemyNut$ (button) (small blind) collected ($6)
Seat 2: PigStyles (big blind) folded before Flop


PokerStars Hand #148026996511:  Hold'em Limit ($3/$6 USD) - 2016/01/31 19:03:04 ET
Table 'Zanaih II' 2-max Seat #2 is the button
Seat 1: RaisemyNut$ ($161.07 in chips)
Seat 2: PigStyles ($392.56 in chips)
PigStyles: posts small blind $1
RaisemyNut$: posts big blind $3
*** HOLE CARDS ***
PigStyles: raises $3 to $6
RaisemyNut$: calls $3
*** FLOP *** [5s Ad 8h]
RaisemyNut$: checks
PigStyles: bets $3
RaisemyNut$: calls $3
*** TURN *** [5s Ad 8h] [2c]
RaisemyNut$: checks
PigStyles: bets $6
RaisemyNut$: calls $6
*** RIVER *** [5s Ad 8h 2c] [Js]
RaisemyNut$: checks
PigStyles: checks
*** SHOW DOWN ***
RaisemyNut$: shows [5c Jc] (two pair, Jacks and Fives)
PigStyles: mucks hand
RaisemyNut$ collected $29.50 from pot
*** SUMMARY ***
Total pot $30 | Rake $0.50
Board [5s Ad 8h 2c Js]
Seat 1: RaisemyNut$ (big blind) showed [5c Jc] and won ($29.50) with two pair, Jacks and Fives
Seat 2: PigStyles (button) (small blind) mucked


PokerStars Hand #148026992410:  Hold'em Limit ($3/$6 USD) - 2016/01/31 19:02:59 ET
Table 'Zanaih II' 2-max Seat #1 is the button
Seat 1: RaisemyNut$ ($162.07 in chips)
Seat 2: PigStyles ($391.56 in chips)
RaisemyNut$: posts small blind $1
PigStyles: posts big blind $3
*** HOLE CARDS ***
PigStyles said, "floser capsback"
RaisemyNut$: folds
Uncalled bet ($2) returned to PigStyles
PigStyles collected $2 from pot
PigStyles: doesn't show hand
*** SUMMARY ***
Total pot $2 | Rake $0
Seat 1: RaisemyNut$ (button) (small blind) folded before Flop
Seat 2: PigStyles (big blind) collected ($2)


PokerStars Hand #148026985279:  Hold'em Limit ($3/$6 USD) - 2016/01/31 19:02:49 ET
Table 'Zanaih II' 2-max Seat #2 is the button
Seat 1: RaisemyNut$ ($165.07 in chips)
Seat 2: PigStyles ($388.56 in chips)
PigStyles: posts small blind $1
RaisemyNut$: posts big blind $3
*** HOLE CARDS ***
PigStyles: raises $3 to $6
RaisemyNut$: folds
Uncalled bet ($3) returned to PigStyles
PigStyles collected $6 from pot
PigStyles: doesn't show hand
*** SUMMARY ***
Total pot $6 | Rake $0
Seat 1: RaisemyNut$ (big blind) folded before Flop
Seat 2: PigStyles (button) (small blind) collected ($6)


PokerStars Hand #148026970895:  Hold'em Limit ($3/$6 USD) - 2016/01/31 19:02:31 ET
Table 'Zanaih II' 2-max Seat #1 is the button
Seat 1: RaisemyNut$ ($129.57 in chips)
Seat 2: PigStyles ($424.56 in chips)
RaisemyNut$: posts small blind $1
PigStyles: posts big blind $3
*** HOLE CARDS ***
RaisemyNut$: raises $3 to $6
PigStyles: calls $3
*** FLOP *** [8h 5h Qd]
PigStyles: checks
RaisemyNut$: bets $3
PigStyles: raises $3 to $6
RaisemyNut$: calls $3
*** TURN *** [8h 5h Qd] [7c]
PigStyles: bets $6
RaisemyNut$: raises $6 to $12
PigStyles: raises $6 to $18
RaisemyNut$: calls $6
*** RIVER *** [8h 5h Qd 7c] [2d]
PigStyles: bets $6
RaisemyNut$: calls $6
*** SHOW DOWN ***
PigStyles: shows [7d Tc] (a pair of Sevens)
RaisemyNut$: shows [Th Ts] (a pair of Tens)
RaisemyNut$ collected $71.50 from pot
*** SUMMARY ***
Total pot $72 | Rake $0.50
Board [8h 5h Qd 7c 2d]
Seat 1: RaisemyNut$ (button) (small blind) showed [Th Ts] and won ($71.50) with a pair of Tens
Seat 2: PigStyles (big blind) showed [7d Tc] and lost with a pair of Sevens


PokerStars Hand #148027054665:  Hold'em Limit ($3/$6 USD) - 2016/01/31 19:04:19 ET
Table 'Zanaih II' 2-max Seat #2 is the button
Seat 1: RaisemyNut$ ($169.07 in chips)
Seat 2: PigStyles ($382.56 in chips)
PigStyles: posts small blind $1
RaisemyNut$: posts big blind $3
*** HOLE CARDS ***
PigStyles: raises $3 to $6
RaisemyNut$: calls $3
*** FLOP *** [Js 3h 2s]
RaisemyNut$: checks
PigStyles: bets $3
RaisemyNut$: raises $3 to $6
PigStyles: folds
Uncalled bet ($3) returned to RaisemyNut$
RaisemyNut$ collected $17.64 from pot
RaisemyNut$: doesn't show hand
*** SUMMARY ***
Total pot $18 | Rake $0.36
Board [Js 3h 2s]
Seat 1: RaisemyNut$ (big blind) collected ($17.64)
Seat 2: PigStyles (button) (small blind) folded on the Flop


PokerStars Hand #148027043752:  Hold'em Limit ($3/$6 USD) - 2016/01/31 19:04:05 ET
Table 'Zanaih II' 2-max Seat #1 is the button
Seat 1: RaisemyNut$ ($145.57 in chips)
Seat 2: PigStyles ($406.56 in chips)
RaisemyNut$: posts small blind $1
PigStyles: posts big blind $3
*** HOLE CARDS ***
RaisemyNut$: raises $3 to $6
PigStyles: raises $3 to $9
RaisemyNut$: calls $3
*** FLOP *** [2s Qd 2h]
PigStyles: bets $3
RaisemyNut$: calls $3
*** TURN *** [2s Qd 2h] [Td]
PigStyles: bets $6
RaisemyNut$: calls $6
*** RIVER *** [2s Qd 2h Td] [Qc]
PigStyles: bets $6
RaisemyNut$: calls $6
*** SHOW DOWN ***
PigStyles: shows [Jd Kh] (two pair, Queens and Deuces)
RaisemyNut$: shows [8s Ad] (two pair, Queens and Deuces - Ace kicker)
RaisemyNut$ collected $47.50 from pot
*** SUMMARY ***
Total pot $48 | Rake $0.50
Board [2s Qd 2h Td Qc]
Seat 1: RaisemyNut$ (button) (small blind) showed [8s Ad] and won ($47.50) with two pair, Queens and Deuces
Seat 2: PigStyles (big blind) showed [Jd Kh] and lost with two pair, Queens and Deuces


PokerStars Hand #148027040230:  Hold'em Limit ($3/$6 USD) - 2016/01/31 19:04:01 ET
Table 'Zanaih II' 2-max Seat #2 is the button
Seat 1: RaisemyNut$ ($148.57 in chips)
Seat 2: PigStyles ($403.56 in chips)
PigStyles: posts small blind $1
RaisemyNut$: posts big blind $3
*** HOLE CARDS ***
PigStyles: raises $3 to $6
RaisemyNut$: folds
Uncalled bet ($3) returned to PigStyles
PigStyles collected $6 from pot
PigStyles: doesn't show hand
*** SUMMARY ***
Total pot $6 | Rake $0
Seat 1: RaisemyNut$ (big blind) folded before Flop
Seat 2: PigStyles (button) (small blind) collected ($6)


PokerStars Hand #148027017477:  Hold'em Limit ($3/$6 USD) - 2016/01/31 19:03:31 ET
Table 'Zanaih II' 2-max Seat #2 is the button
Seat 1: RaisemyNut$ ($178.57 in chips)
Seat 2: PigStyles ($374.56 in chips)
PigStyles: posts small blind $1
RaisemyNut$: posts big blind $3
*** HOLE CARDS ***
PigStyles: raises $3 to $6
RaisemyNut$: calls $3
*** FLOP *** [Tc 5c 6d]
RaisemyNut$: checks
PigStyles: bets $3
RaisemyNut$: calls $3
*** TURN *** [Tc 5c 6d] [9c]
RaisemyNut$: checks
PigStyles: bets $6
RaisemyNut$: calls $6
*** RIVER *** [Tc 5c 6d 9c] [Js]
RaisemyNut$: checks
PigStyles: checks
*** SHOW DOWN ***
RaisemyNut$: shows [3h Ac] (high card Ace)
PigStyles: shows [6s Qd] (a pair of Sixes)
PigStyles collected $29.50 from pot
*** SUMMARY ***
Total pot $30 | Rake $0.50
Board [Tc 5c 6d 9c Js]
Seat 1: RaisemyNut$ (big blind) showed [3h Ac] and lost with high card Ace
Seat 2: PigStyles (button) (small blind) showed [6s Qd] and won ($29.50) with a pair of Sixes


PokerStars Hand #148027028632:  Hold'em Limit ($3/$6 USD) - 2016/01/31 19:03:46 ET
Table 'Zanaih II' 2-max Seat #1 is the button
Seat 1: RaisemyNut$ ($163.57 in chips)
Seat 2: PigStyles ($389.06 in chips)
RaisemyNut$: posts small blind $1
PigStyles: posts big blind $3
*** HOLE CARDS ***
RaisemyNut$: raises $3 to $6
PigStyles: calls $3
*** FLOP *** [Qc Kd 3h]
PigStyles: checks
RaisemyNut$: bets $3
PigStyles: calls $3
*** TURN *** [Qc Kd 3h] [6d]
PigStyles: checks
RaisemyNut$: checks
*** RIVER *** [Qc Kd 3h 6d] [5h]
PigStyles: bets $6
RaisemyNut$: calls $6
*** SHOW DOWN ***
PigStyles: shows [Kh 2c] (a pair of Kings)
RaisemyNut$: mucks hand
PigStyles collected $29.50 from pot
*** SUMMARY ***
Total pot $30 | Rake $0.50
Board [Qc Kd 3h 6d 5h]
Seat 1: RaisemyNut$ (button) (small blind) mucked
Seat 2: PigStyles (big blind) showed [Kh 2c] and won ($29.50) with a pair of Kings


PokerStars Hand #148027061971:  Hold'em Limit ($3/$6 USD) - 2016/01/31 19:04:29 ET
Table 'Zanaih II' 2-max Seat #1 is the button
Seat 1: RaisemyNut$ ($177.71 in chips)
Seat 2: PigStyles ($373.56 in chips)
RaisemyNut$: posts small blind $1
PigStyles said, "sloppyfagg ot"
PigStyles: posts big blind $3
*** HOLE CARDS ***
RaisemyNut$: raises $3 to $6
PigStyles: raises $3 to $9
RaisemyNut$: calls $3
*** FLOP *** [Ac 4h 6d]
PigStyles: bets $3
RaisemyNut$: calls $3
*** TURN *** [Ac 4h 6d] [6c]
PigStyles: bets $6
RaisemyNut$: raises $6 to $12
PigStyles: calls $6
*** RIVER *** [Ac 4h 6d 6c] [5h]
PigStyles: checks
RaisemyNut$: bets $6
PigStyles: calls $6
*** SHOW DOWN ***
RaisemyNut$: shows [Td Js] (a pair of Sixes)
PigStyles: shows [5s 4s] (two pair, Sixes and Fives)
PigStyles collected $59.50 from pot
*** SUMMARY ***
Total pot $60 | Rake $0.50
Board [Ac 4h 6d 6c 5h]
Seat 1: RaisemyNut$ (button) (small blind) showed [Td Js] and lost with a pair of Sixes
Seat 2: PigStyles (big blind) showed [5s 4s] and won ($59.50) with two pair, Sixes and Fives


PokerStars Hand #148027077058:  Hold'em Limit ($3/$6 USD) - 2016/01/31 19:04:49 ET
Table 'Zanaih II' 2-max Seat #2 is the button
Seat 1: RaisemyNut$ ($147.71 in chips)
Seat 2: PigStyles ($403.06 in chips)
PigStyles: posts small blind $1
RaisemyNut$: posts big blind $3
*** HOLE CARDS ***
PigStyles: raises $3 to $6
RaisemyNut$: raises $3 to $9
PigStyles: raises $3 to $12
Betting is capped
RaisemyNut$: calls $3
*** FLOP *** [3s 7c 2s]
RaisemyNut$: checks
PigStyles: bets $3
RaisemyNut$: calls $3
*** TURN *** [3s 7c 2s] [9c]
RaisemyNut$: checks
PigStyles: checks
*** RIVER *** [3s 7c 2s 9c] [Js]
RaisemyNut$: bets $6
PigStyles: folds
Uncalled bet ($6) returned to RaisemyNut$
RaisemyNut$ collected $29.50 from pot
RaisemyNut$: doesn't show hand
*** SUMMARY ***
Total pot $30 | Rake $0.50
Board [3s 7c 2s 9c Js]
Seat 1: RaisemyNut$ (big blind) collected ($29.50)
Seat 2: PigStyles (button) (small blind) folded on the River


PokerStars Hand #148027089244:  Hold'em Limit ($3/$6 USD) - 2016/01/31 19:05:05 ET
Table 'Zanaih II' 2-max Seat #1 is the button
Seat 1: RaisemyNut$ ($162.21 in chips)
Seat 2: PigStyles ($388.06 in chips)
RaisemyNut$: posts small blind $1
PigStyles: posts big blind $3
*** HOLE CARDS ***
RaisemyNut$: raises $3 to $6
PigStyles: calls $3
*** FLOP *** [Td 4c Js]
PigStyles: checks
RaisemyNut$: bets $3
PigStyles: folds
Uncalled bet ($3) returned to RaisemyNut$
RaisemyNut$ collected $11.76 from pot
RaisemyNut$: doesn't show hand
*** SUMMARY ***
Total pot $12 | Rake $0.24
Board [Td 4c Js]
Seat 1: RaisemyNut$ (button) (small blind) collected ($11.76)
Seat 2: PigStyles (big blind) folded on the Flop


PokerStars Hand #148027095476:  Hold'em Limit ($3/$6 USD) - 2016/01/31 19:05:13 ET
Table 'Zanaih II' 2-max Seat #2 is the button
Seat 1: RaisemyNut$ ($167.97 in chips)
Seat 2: PigStyles ($382.06 in chips)
PigStyles: posts small blind $1
RaisemyNut$: posts big blind $3
*** HOLE CARDS ***
PigStyles: raises $3 to $6
RaisemyNut$: calls $3
*** FLOP *** [Jc Th Ad]
RaisemyNut$: checks
PigStyles: bets $3
RaisemyNut$: calls $3
*** TURN *** [Jc Th Ad] [9c]
RaisemyNut$: checks
PigStyles: checks
*** RIVER *** [Jc Th Ad 9c] [Tc]
RaisemyNut$: bets $6
PigStyles: folds
Uncalled bet ($6) returned to RaisemyNut$
RaisemyNut$ collected $17.64 from pot
RaisemyNut$: doesn't show hand
*** SUMMARY ***
Total pot $18 | Rake $0.36
Board [Jc Th Ad 9c Tc]
Seat 1: RaisemyNut$ (big blind) collected ($17.64)
Seat 2: PigStyles (button) (small blind) folded on the River


PokerStars Hand #148027104814:  Hold'em Limit ($3/$6 USD) - 2016/01/31 19:05:26 ET
Table 'Zanaih II' 2-max Seat #1 is the button
Seat 1: RaisemyNut$ ($176.61 in chips)
Seat 2: PigStyles ($373.06 in chips)
RaisemyNut$: posts small blind $1
PigStyles: posts big blind $3
*** HOLE CARDS ***
RaisemyNut$: raises $3 to $6
PigStyles: raises $3 to $9
RaisemyNut$: calls $3
*** FLOP *** [6s 4h Ad]
PigStyles: bets $3
RaisemyNut$: calls $3
*** TURN *** [6s 4h Ad] [Qh]
PigStyles: bets $6
RaisemyNut$: calls $6
*** RIVER *** [6s 4h Ad Qh] [9s]
PigStyles: bets $6
RaisemyNut$: calls $6
*** SHOW DOWN ***
PigStyles: shows [Js Jd] (a pair of Jacks)
RaisemyNut$: mucks hand
PigStyles collected $47.50 from pot
*** SUMMARY ***
Total pot $48 | Rake $0.50
Board [6s 4h Ad Qh 9s]
Seat 1: RaisemyNut$ (button) (small blind) mucked
Seat 2: PigStyles (big blind) showed [Js Jd] and won ($47.50) with a pair of Jacks


PokerStars Hand #148027115511:  Hold'em Limit ($3/$6 USD) - 2016/01/31 19:05:40 ET
Table 'Zanaih II' 2-max Seat #2 is the button
Seat 1: RaisemyNut$ ($152.61 in chips)
Seat 2: PigStyles ($396.56 in chips)
PigStyles: posts small blind $1
RaisemyNut$: posts big blind $3
*** HOLE CARDS ***
PigStyles: raises $3 to $6
RaisemyNut$: calls $3
*** FLOP *** [8s 6h Qh]
RaisemyNut$: checks
PigStyles: bets $3
RaisemyNut$: calls $3
*** TURN *** [8s 6h Qh] [3s]
RaisemyNut$: checks
PigStyles: bets $6
RaisemyNut$: calls $6
*** RIVER *** [8s 6h Qh 3s] [Qs]
RaisemyNut$: checks
PigStyles: checks
*** SHOW DOWN ***
RaisemyNut$: shows [Th 7s] (a pair of Queens)
PigStyles: shows [Ks 3d] (two pair, Queens and Threes)
PigStyles collected $29.50 from pot
*** SUMMARY ***
Total pot $30 | Rake $0.50
Board [8s 6h Qh 3s Qs]
Seat 1: RaisemyNut$ (big blind) showed [Th 7s] and lost with a pair of Queens
Seat 2: PigStyles (button) (small blind) showed [Ks 3d] and won ($29.50) with two pair, Queens and Threes


PokerStars Hand #148027125998:  Hold'em Limit ($3/$6 USD) - 2016/01/31 19:05:54 ET
Table 'Zanaih II' 2-max Seat #1 is the button
Seat 1: RaisemyNut$ ($137.61 in chips)
Seat 2: PigStyles ($411.06 in chips)
RaisemyNut$: posts small blind $1
PigStyles: posts big blind $3
*** HOLE CARDS ***
RaisemyNut$: raises $3 to $6
PigStyles: calls $3
*** FLOP *** [Th As Jh]
PigStyles: checks
RaisemyNut$: bets $3
PigStyles: folds
Uncalled bet ($3) returned to RaisemyNut$
RaisemyNut$ collected $11.76 from pot
RaisemyNut$: doesn't show hand
*** SUMMARY ***
Total pot $12 | Rake $0.24
Board [Th As Jh]
Seat 1: RaisemyNut$ (button) (small blind) collected ($11.76)
Seat 2: PigStyles (big blind) folded on the Flop


PokerStars Hand #148027143979:  Hold'em Limit ($3/$6 USD) - 2016/01/31 19:06:18 ET
Table 'Zanaih II' 2-max Seat #1 is the button
Seat 1: RaisemyNut$ ($169.87 in chips)
Seat 2: PigStyles ($378.06 in chips)
RaisemyNut$: posts small blind $1
PigStyles: posts big blind $3
*** HOLE CARDS ***
RaisemyNut$: folds
Uncalled bet ($2) returned to PigStyles
PigStyles said, "lololol"
PigStyles collected $2 from pot
PigStyles: doesn't show hand
*** SUMMARY ***
Total pot $2 | Rake $0
Seat 1: RaisemyNut$ (button) (small blind) folded before Flop
Seat 2: PigStyles (big blind) collected ($2)


PokerStars Hand #148027132913:  Hold'em Limit ($3/$6 USD) - 2016/01/31 19:06:03 ET
Table 'Zanaih II' 2-max Seat #2 is the button
Seat 1: RaisemyNut$ ($143.37 in chips)
Seat 2: PigStyles ($405.06 in chips)
PigStyles: posts small blind $1
RaisemyNut$: posts big blind $3
*** HOLE CARDS ***
PigStyles: raises $3 to $6
RaisemyNut$: calls $3
*** FLOP *** [5s 8d 7h]
RaisemyNut$: bets $3
PigStyles: raises $3 to $6
RaisemyNut$: raises $3 to $9
PigStyles: calls $3
*** TURN *** [5s 8d 7h] [2c]
RaisemyNut$: bets $6
PigStyles: calls $6
*** RIVER *** [5s 8d 7h 2c] [5d]
RaisemyNut$: bets $6
PigStyles: calls $6
*** SHOW DOWN ***
RaisemyNut$: shows [Ts 8h] (two pair, Eights and Fives)
PigStyles: mucks hand
RaisemyNut$ collected $53.50 from pot
*** SUMMARY ***
Total pot $54 | Rake $0.50
Board [5s 8d 7h 2c 5d]
Seat 1: RaisemyNut$ (big blind) showed [Ts 8h] and won ($53.50) with two pair, Eights and Fives
Seat 2: PigStyles (button) (small blind) mucked


PokerStars Hand #148027147009:  Hold'em Limit ($3/$6 USD) - 2016/01/31 19:06:22 ET
Table 'Zanaih II' 2-max Seat #2 is the button
Seat 1: RaisemyNut$ ($168.87 in chips)
Seat 2: PigStyles ($379.06 in chips)
PigStyles: posts small blind $1
RaisemyNut$: posts big blind $3
*** HOLE CARDS ***
PigStyles: raises $3 to $6
RaisemyNut$: raises $3 to $9
PigStyles: calls $3
*** FLOP *** [8h As Kd]
RaisemyNut$: bets $3
PigStyles: raises $3 to $6
RaisemyNut$: raises $3 to $9
PigStyles: calls $3
*** TURN *** [8h As Kd] [Ad]
RaisemyNut$: bets $6
PigStyles: calls $6
*** RIVER *** [8h As Kd Ad] [9d]
RaisemyNut$: bets $6
PigStyles: calls $6
*** SHOW DOWN ***
RaisemyNut$: shows [6d 7d] (a flush, Ace high)
PigStyles: mucks hand
RaisemyNut$ collected $59.50 from pot
*** SUMMARY ***
Total pot $60 | Rake $0.50
Board [8h As Kd Ad 9d]
Seat 1: RaisemyNut$ (big blind) showed [6d 7d] and won ($59.50) with a flush, Ace high
Seat 2: PigStyles (button) (small blind) mucked


PokerStars Hand #148027158460:  Hold'em Limit ($3/$6 USD) - 2016/01/31 19:06:37 ET
Table 'Zanaih II' 2-max Seat #1 is the button
Seat 1: RaisemyNut$ ($198.37 in chips)
Seat 2: PigStyles ($349.06 in chips)
RaisemyNut$: posts small blind $1
PigStyles: posts big blind $3
*** HOLE CARDS ***
PigStyles said, "omfg"
RaisemyNut$: raises $3 to $6
PigStyles: raises $3 to $9
RaisemyNut$: calls $3
*** FLOP *** [7d 6c Ad]
PigStyles: bets $3
RaisemyNut$: calls $3
*** TURN *** [7d 6c Ad] [7h]
PigStyles: checks
RaisemyNut$: bets $6
PigStyles: folds
Uncalled bet ($6) returned to RaisemyNut$
RaisemyNut$ collected $23.52 from pot
RaisemyNut$: doesn't show hand
*** SUMMARY ***
Total pot $24 | Rake $0.48
Board [7d 6c Ad 7h]
Seat 1: RaisemyNut$ (button) (small blind) collected ($23.52)
Seat 2: PigStyles (big blind) folded on the Turn


PokerStars Hand #148027168093:  Hold'em Limit ($3/$6 USD) - 2016/01/31 19:06:50 ET
Table 'Zanaih II' 2-max Seat #2 is the button
Seat 1: RaisemyNut$ ($209.89 in chips)
Seat 2: PigStyles ($337.06 in chips)
PigStyles: posts small blind $1
RaisemyNut$: posts big blind $3
*** HOLE CARDS ***
PigStyles: raises $3 to $6
RaisemyNut$: calls $3
*** FLOP *** [Ad Ts Kh]
RaisemyNut$: checks
PigStyles: bets $3
RaisemyNut$: folds
Uncalled bet ($3) returned to PigStyles
PigStyles collected $11.76 from pot
PigStyles: doesn't show hand
*** SUMMARY ***
Total pot $12 | Rake $0.24
Board [Ad Ts Kh]
Seat 1: RaisemyNut$ (big blind) folded on the Flop
Seat 2: PigStyles (button) (small blind) collected ($11.76)


PokerStars Hand #148027173797:  Hold'em Limit ($3/$6 USD) - 2016/01/31 19:06:57 ET
Table 'Zanaih II' 2-max Seat #1 is the button
Seat 1: RaisemyNut$ ($203.89 in chips)
Seat 2: PigStyles ($342.82 in chips)
RaisemyNut$: posts small blind $1
PigStyles: posts big blind $3
*** HOLE CARDS ***
RaisemyNut$: raises $3 to $6
PigStyles: raises $3 to $9
RaisemyNut$: calls $3
*** FLOP *** [7d Jh Td]
PigStyles: bets $3
RaisemyNut$: calls $3
*** TURN *** [7d Jh Td] [Ac]
PigStyles: bets $6
RaisemyNut$: calls $6
*** RIVER *** [7d Jh Td Ac] [4d]
PigStyles: bets $6
RaisemyNut$: calls $6
*** SHOW DOWN ***
PigStyles: shows [Js 2s] (a pair of Jacks)
RaisemyNut$: mucks hand
PigStyles collected $47.50 from pot
*** SUMMARY ***
Total pot $48 | Rake $0.50
Board [7d Jh Td Ac 4d]
Seat 1: RaisemyNut$ (button) (small blind) mucked
Seat 2: PigStyles (big blind) showed [Js 2s] and won ($47.50) with a pair of Jacks


PokerStars Hand #148027184110:  Hold'em Limit ($3/$6 USD) - 2016/01/31 19:07:11 ET
Table 'Zanaih II' 2-max Seat #2 is the button
Seat 1: RaisemyNut$ ($179.89 in chips)
Seat 2: PigStyles ($366.32 in chips)
PigStyles: posts small blind $1
RaisemyNut$: posts big blind $3
*** HOLE CARDS ***
PigStyles: raises $3 to $6
RaisemyNut$: calls $3
*** FLOP *** [Js Td 9s]
RaisemyNut$: checks
PigStyles: bets $3
RaisemyNut$: calls $3
*** TURN *** [Js Td 9s] [As]
RaisemyNut$: checks
PigStyles: bets $6
RaisemyNut$: calls $6
*** RIVER *** [Js Td 9s As] [Jc]
RaisemyNut$: checks
PigStyles: bets $6
RaisemyNut$: calls $6
*** SHOW DOWN ***
PigStyles: shows [Ks 3s] (a flush, Ace high)
RaisemyNut$: mucks hand
PigStyles collected $41.50 from pot
*** SUMMARY ***
Total pot $42 | Rake $0.50
Board [Js Td 9s As Jc]
Seat 1: RaisemyNut$ (big blind) mucked
Seat 2: PigStyles (button) (small blind) showed [Ks 3s] and won ($41.50) with a flush, Ace high


PokerStars Hand #148027196505:  Hold'em Limit ($3/$6 USD) - 2016/01/31 19:07:28 ET
Table 'Zanaih II' 2-max Seat #1 is the button
Seat 1: RaisemyNut$ ($158.89 in chips)
Seat 2: PigStyles ($386.82 in chips)
RaisemyNut$: posts small blind $1
PigStyles: posts big blind $3
*** HOLE CARDS ***
RaisemyNut$: raises $3 to $6
PigStyles: calls $3
*** FLOP *** [Kh 5c 3d]
PigStyles: checks
RaisemyNut$: bets $3
PigStyles: calls $3
*** TURN *** [Kh 5c 3d] [2c]
PigStyles: checks
RaisemyNut$: checks
*** RIVER *** [Kh 5c 3d 2c] [Ks]
PigStyles: bets $6
RaisemyNut$: calls $6
*** SHOW DOWN ***
PigStyles: shows [8d Qh] (a pair of Kings)
RaisemyNut$: mucks hand
PigStyles collected $29.50 from pot
*** SUMMARY ***
Total pot $30 | Rake $0.50
Board [Kh 5c 3d 2c Ks]
Seat 1: RaisemyNut$ (button) (small blind) mucked
Seat 2: PigStyles (big blind) showed [8d Qh] and won ($29.50) with a pair of Kings


PokerStars Hand #148027208344:  Hold'em Limit ($3/$6 USD) - 2016/01/31 19:07:44 ET
Table 'Zanaih II' 2-max Seat #2 is the button
Seat 1: RaisemyNut$ ($143.89 in chips)
Seat 2: PigStyles ($401.32 in chips)
PigStyles: posts small blind $1
RaisemyNut$: posts big blind $3
*** HOLE CARDS ***
PigStyles: raises $3 to $6
RaisemyNut$: calls $3
*** FLOP *** [Kh 9h 5d]
RaisemyNut$: checks
PigStyles: checks
*** TURN *** [Kh 9h 5d] [Jh]
RaisemyNut$: bets $6
PigStyles: calls $6
*** RIVER *** [Kh 9h 5d Jh] [Ts]
RaisemyNut$: checks
PigStyles: bets $6
RaisemyNut$: calls $6
*** SHOW DOWN ***
PigStyles: shows [4d 8h] (high card King)
RaisemyNut$: shows [4s Ks] (a pair of Kings)
RaisemyNut$ collected $35.50 from pot
*** SUMMARY ***
Total pot $36 | Rake $0.50
Board [Kh 9h 5d Jh Ts]
Seat 1: RaisemyNut$ (big blind) showed [4s Ks] and won ($35.50) with a pair of Kings
Seat 2: PigStyles (button) (small blind) showed [4d 8h] and lost with high card King


PokerStars Hand #148027219310:  Hold'em Limit ($3/$6 USD) - 2016/01/31 19:07:58 ET
Table 'Zanaih II' 2-max Seat #1 is the button
Seat 1: RaisemyNut$ ($161.39 in chips)
Seat 2: PigStyles ($383.32 in chips)
RaisemyNut$: posts small blind $1
PigStyles: posts big blind $3
*** HOLE CARDS ***
RaisemyNut$: raises $3 to $6
PigStyles: raises $3 to $9
RaisemyNut$: calls $3
*** FLOP *** [7s 6c Jh]
PigStyles: bets $3
RaisemyNut$: calls $3
*** TURN *** [7s 6c Jh] [2d]
PigStyles: bets $6
RaisemyNut$: folds
Uncalled bet ($6) returned to PigStyles
PigStyles collected $23.52 from pot
PigStyles: doesn't show hand
*** SUMMARY ***
Total pot $24 | Rake $0.48
Board [7s 6c Jh 2d]
Seat 1: RaisemyNut$ (button) (small blind) folded on the Turn
Seat 2: PigStyles (big blind) collected ($23.52)


PokerStars Hand #148027227709:  Hold'em Limit ($3/$6 USD) - 2016/01/31 19:08:10 ET
Table 'Zanaih II' 2-max Seat #2 is the button
Seat 1: RaisemyNut$ ($149.39 in chips)
Seat 2: PigStyles ($394.84 in chips)
PigStyles: posts small blind $1
RaisemyNut$: posts big blind $3
*** HOLE CARDS ***
PigStyles: raises $3 to $6
RaisemyNut$: raises $3 to $9
PigStyles: raises $3 to $12
Betting is capped
RaisemyNut$: calls $3
*** FLOP *** [8h 5c 6s]
RaisemyNut$: checks
PigStyles: bets $3
RaisemyNut$: calls $3
*** TURN *** [8h 5c 6s] [5s]
RaisemyNut$: checks
PigStyles: bets $6
RaisemyNut$: calls $6
*** RIVER *** [8h 5c 6s 5s] [Js]
RaisemyNut$: checks
PigStyles: bets $6
RaisemyNut$: folds
Uncalled bet ($6) returned to PigStyles
PigStyles collected $41.50 from pot
PigStyles: doesn't show hand
*** SUMMARY ***
Total pot $42 | Rake $0.50
Board [8h 5c 6s 5s Js]
Seat 1: RaisemyNut$ (big blind) folded on the River
Seat 2: PigStyles (button) (small blind) collected ($41.50)


PokerStars Hand #148027240346:  Hold'em Limit ($3/$6 USD) - 2016/01/31 19:08:26 ET
Table 'Zanaih II' 2-max Seat #1 is the button
Seat 1: RaisemyNut$ ($128.39 in chips)
Seat 2: PigStyles ($415.34 in chips)
RaisemyNut$: posts small blind $1
PigStyles: posts big blind $3
*** HOLE CARDS ***
RaisemyNut$: raises $3 to $6
PigStyles: raises $3 to $9
RaisemyNut$: calls $3
*** FLOP *** [5c 8h 4c]
PigStyles: bets $3
RaisemyNut$: calls $3
*** TURN *** [5c 8h 4c] [5d]
PigStyles: bets $6
RaisemyNut$: calls $6
*** RIVER *** [5c 8h 4c 5d] [7s]
PigStyles: bets $6
RaisemyNut$: calls $6
*** SHOW DOWN ***
PigStyles: shows [Jh Kh] (a pair of Fives)
RaisemyNut$: shows [7c Qh] (two pair, Sevens and Fives)
RaisemyNut$ collected $47.50 from pot
*** SUMMARY ***
Total pot $48 | Rake $0.50
Board [5c 8h 4c 5d 7s]
Seat 1: RaisemyNut$ (button) (small blind) showed [7c Qh] and won ($47.50) with two pair, Sevens and Fives
Seat 2: PigStyles (big blind) showed [Jh Kh] and lost with a pair of Fives


PokerStars Hand #148027249728:  Hold'em Limit ($3/$6 USD) - 2016/01/31 19:08:39 ET
Table 'Zanaih II' 2-max Seat #2 is the button
Seat 1: RaisemyNut$ ($151.89 in chips)
Seat 2: PigStyles ($391.34 in chips)
PigStyles: posts small blind $1
RaisemyNut$: posts big blind $3
*** HOLE CARDS ***
PigStyles: raises $3 to $6
RaisemyNut$: calls $3
*** FLOP *** [2s 6c 8s]
RaisemyNut$: checks
PigStyles: bets $3
RaisemyNut$: raises $3 to $6
PigStyles: calls $3
*** TURN *** [2s 6c 8s] [3h]
RaisemyNut$: bets $6
PigStyles: calls $6
*** RIVER *** [2s 6c 8s 3h] [2c]
RaisemyNut$: bets $6
PigStyles: calls $6
*** SHOW DOWN ***
RaisemyNut$: shows [7c 8h] (two pair, Eights and Deuces)
PigStyles: mucks hand
RaisemyNut$ collected $47.50 from pot
*** SUMMARY ***
Total pot $48 | Rake $0.50
Board [2s 6c 8s 3h 2c]
Seat 1: RaisemyNut$ (big blind) showed [7c 8h] and won ($47.50) with two pair, Eights and Deuces
Seat 2: PigStyles (button) (small blind) mucked


PokerStars Hand #148027260782:  Hold'em Limit ($3/$6 USD) - 2016/01/31 19:08:54 ET
Table 'Zanaih II' 2-max Seat #1 is the button
Seat 1: RaisemyNut$ ($175.39 in chips)
Seat 2: PigStyles ($367.34 in chips)
RaisemyNut$: posts small blind $1
PigStyles: posts big blind $3
*** HOLE CARDS ***
RaisemyNut$: raises $3 to $6
PigStyles: raises $3 to $9
RaisemyNut$: calls $3
*** FLOP *** [Ts 8h 9c]
PigStyles: bets $3
RaisemyNut$: raises $3 to $6
PigStyles: folds
Uncalled bet ($3) returned to RaisemyNut$
RaisemyNut$ collected $23.52 from pot
RaisemyNut$: doesn't show hand
*** SUMMARY ***
Total pot $24 | Rake $0.48
Board [Ts 8h 9c]
Seat 1: RaisemyNut$ (button) (small blind) collected ($23.52)
Seat 2: PigStyles (big blind) folded on the Flop


PokerStars Hand #148027267949:  Hold'em Limit ($3/$6 USD) - 2016/01/31 19:09:03 ET
Table 'Zanaih II' 2-max Seat #2 is the button
Seat 1: RaisemyNut$ ($186.91 in chips)
Seat 2: PigStyles ($355.34 in chips)
PigStyles: posts small blind $1
RaisemyNut$: posts big blind $3
*** HOLE CARDS ***
PigStyles: raises $3 to $6
RaisemyNut$: raises $3 to $9
PigStyles: calls $3
*** FLOP *** [Qs 5h Ah]
RaisemyNut$: bets $3
PigStyles: calls $3
*** TURN *** [Qs 5h Ah] [6c]
RaisemyNut$: bets $6
PigStyles: calls $6
*** RIVER *** [Qs 5h Ah 6c] [8h]
RaisemyNut$: checks
PigStyles: checks
*** SHOW DOWN ***
RaisemyNut$: shows [8s Ts] (a pair of Eights)
PigStyles: mucks hand
RaisemyNut$ collected $35.50 from pot
*** SUMMARY ***
Total pot $36 | Rake $0.50
Board [Qs 5h Ah 6c 8h]
Seat 1: RaisemyNut$ (big blind) showed [8s Ts] and won ($35.50) with a pair of Eights
Seat 2: PigStyles (button) (small blind) mucked


PokerStars Hand #148027278689:  Hold'em Limit ($3/$6 USD) - 2016/01/31 19:09:18 ET
Table 'Zanaih II' 2-max Seat #1 is the button
Seat 1: RaisemyNut$ ($204.41 in chips)
Seat 2: PigStyles ($337.34 in chips)
RaisemyNut$: posts small blind $1
PigStyles: posts big blind $3
*** HOLE CARDS ***
RaisemyNut$: raises $3 to $6
PigStyles: raises $3 to $9
RaisemyNut$: raises $3 to $12
Betting is capped
PigStyles: calls $3
*** FLOP *** [4d Js 9c]
PigStyles: checks
RaisemyNut$: bets $3
PigStyles: calls $3
*** TURN *** [4d Js 9c] [4s]
PigStyles: checks
RaisemyNut$: bets $6
PigStyles: calls $6
*** RIVER *** [4d Js 9c 4s] [7h]
PigStyles: checks
RaisemyNut$: bets $6
PigStyles: calls $6
*** SHOW DOWN ***
RaisemyNut$: shows [8h 9h] (two pair, Nines and Fours)
PigStyles: mucks hand
RaisemyNut$ collected $53.50 from pot
*** SUMMARY ***
Total pot $54 | Rake $0.50
Board [4d Js 9c 4s 7h]
Seat 1: RaisemyNut$ (button) (small blind) showed [8h 9h] and won ($53.50) with two pair, Nines and Fours
Seat 2: PigStyles (big blind) mucked


PokerStars Hand #148027300437:  Hold'em Limit ($3/$6 USD) - 2016/01/31 19:09:47 ET
Table 'Zanaih II' 2-max Seat #1 is the button
Seat 1: RaisemyNut$ ($242.43 in chips)
Seat 2: PigStyles ($298.34 in chips)
RaisemyNut$: posts small blind $1
PigStyles: posts big blind $3
*** HOLE CARDS ***
RaisemyNut$: raises $3 to $6
PigStyles: folds
Uncalled bet ($3) returned to RaisemyNut$
RaisemyNut$ collected $6 from pot
RaisemyNut$: doesn't show hand
*** SUMMARY ***
Total pot $6 | Rake $0
Seat 1: RaisemyNut$ (button) (small blind) collected ($6)
Seat 2: PigStyles (big blind) folded before Flop


PokerStars Hand #148027291105:  Hold'em Limit ($3/$6 USD) - 2016/01/31 19:09:34 ET
Table 'Zanaih II' 2-max Seat #2 is the button
Seat 1: RaisemyNut$ ($230.91 in chips)
Seat 2: PigStyles ($310.34 in chips)
PigStyles: posts small blind $1
RaisemyNut$: posts big blind $3
*** HOLE CARDS ***
PigStyles said, "that waspathetic"
PigStyles: raises $3 to $6
RaisemyNut$: calls $3
*** FLOP *** [9h Kh 3h]
RaisemyNut$: checks
PigStyles: checks
*** TURN *** [9h Kh 3h] [4d]
RaisemyNut$: bets $6
PigStyles: calls $6
*** RIVER *** [9h Kh 3h 4d] [7s]
RaisemyNut$: bets $6
PigStyles: folds
Uncalled bet ($6) returned to RaisemyNut$
RaisemyNut$ collected $23.52 from pot
RaisemyNut$: doesn't show hand
*** SUMMARY ***
Total pot $24 | Rake $0.48
Board [9h Kh 3h 4d 7s]
Seat 1: RaisemyNut$ (big blind) collected ($23.52)
Seat 2: PigStyles (button) (small blind) folded on the River


PokerStars Hand #148027304593:  Hold'em Limit ($3/$6 USD) - 2016/01/31 19:09:53 ET
Table 'Zanaih II' 2-max Seat #2 is the button
Seat 1: RaisemyNut$ ($245.43 in chips)
Seat 2: PigStyles ($295.34 in chips)
PigStyles: posts small blind $1
RaisemyNut$: posts big blind $3
*** HOLE CARDS ***
PigStyles: raises $3 to $6
RaisemyNut$: calls $3
*** FLOP *** [3h 6s 4h]
RaisemyNut$: checks
PigStyles: checks
*** TURN *** [3h 6s 4h] [Jd]
RaisemyNut$: bets $6
PigStyles: raises $6 to $12
RaisemyNut$: calls $6
*** RIVER *** [3h 6s 4h Jd] [5h]
RaisemyNut$: bets $6
PigStyles: raises $6 to $12
RaisemyNut$: calls $6
*** SHOW DOWN ***
PigStyles: shows [7d Js] (a straight, Three to Seven)
RaisemyNut$: mucks hand
PigStyles collected $59.50 from pot
*** SUMMARY ***
Total pot $60 | Rake $0.50
Board [3h 6s 4h Jd 5h]
Seat 1: RaisemyNut$ (big blind) mucked
Seat 2: PigStyles (button) (small blind) showed [7d Js] and won ($59.50) with a straight, Three to Seven


PokerStars Hand #148027315134:  Hold'em Limit ($3/$6 USD) - 2016/01/31 19:10:07 ET
Table 'Zanaih II' 2-max Seat #1 is the button
Seat 1: RaisemyNut$ ($215.43 in chips)
Seat 2: PigStyles ($324.84 in chips)
RaisemyNut$: posts small blind $1
PigStyles: posts big blind $3
*** HOLE CARDS ***
RaisemyNut$: raises $3 to $6
PigStyles: raises $3 to $9
RaisemyNut$: raises $3 to $12
Betting is capped
PigStyles: calls $3
*** FLOP *** [6s 7c Jc]
PigStyles: checks
RaisemyNut$: bets $3
PigStyles: calls $3
*** TURN *** [6s 7c Jc] [8d]
PigStyles: checks
RaisemyNut$: checks
*** RIVER *** [6s 7c Jc 8d] [6c]
PigStyles: bets $6
RaisemyNut$: calls $6
*** SHOW DOWN ***
PigStyles: shows [6d 2s] (three of a kind, Sixes)
RaisemyNut$: mucks hand
PigStyles collected $41.50 from pot
*** SUMMARY ***
Total pot $42 | Rake $0.50
Board [6s 7c Jc 8d 6c]
Seat 1: RaisemyNut$ (button) (small blind) mucked
Seat 2: PigStyles (big blind) showed [6d 2s] and won ($41.50) with three of a kind, Sixes


PokerStars Hand #148027326754:  Hold'em Limit ($3/$6 USD) - 2016/01/31 19:10:23 ET
Table 'Zanaih II' 2-max Seat #2 is the button
Seat 1: RaisemyNut$ ($194.43 in chips)
Seat 2: PigStyles ($345.34 in chips)
PigStyles: posts small blind $1
RaisemyNut$: posts big blind $3
*** HOLE CARDS ***
PigStyles: raises $3 to $6
RaisemyNut$: raises $3 to $9
PigStyles: calls $3
*** FLOP *** [4h Kc 3d]
RaisemyNut$: bets $3
PigStyles: calls $3
*** TURN *** [4h Kc 3d] [4d]
RaisemyNut$: checks
PigStyles: checks
*** RIVER *** [4h Kc 3d 4d] [Tc]
RaisemyNut$: bets $6
PigStyles: folds
Uncalled bet ($6) returned to RaisemyNut$
RaisemyNut$ collected $23.52 from pot
RaisemyNut$: doesn't show hand
*** SUMMARY ***
Total pot $24 | Rake $0.48
Board [4h Kc 3d 4d Tc]
Seat 1: RaisemyNut$ (big blind) collected ($23.52)
Seat 2: PigStyles (button) (small blind) folded on the River


PokerStars Hand #148027336564:  Hold'em Limit ($3/$6 USD) - 2016/01/31 19:10:36 ET
Table 'Zanaih II' 2-max Seat #1 is the button
Seat 1: RaisemyNut$ ($205.95 in chips)
Seat 2: PigStyles ($333.34 in chips)
RaisemyNut$: posts small blind $1
PigStyles: posts big blind $3
*** HOLE CARDS ***
RaisemyNut$: raises $3 to $6
PigStyles: calls $3
*** FLOP *** [As 7h Tc]
PigStyles: checks
RaisemyNut$: bets $3
PigStyles: raises $3 to $6
RaisemyNut$: calls $3
*** TURN *** [As 7h Tc] [7c]
PigStyles: bets $6
RaisemyNut$: calls $6
*** RIVER *** [As 7h Tc 7c] [2c]
PigStyles: bets $6
RaisemyNut$: calls $6
*** SHOW DOWN ***
PigStyles: shows [4s Kc] (a pair of Sevens)
RaisemyNut$: shows [Qh Ks] (a pair of Sevens - Ace+King+Queen kicker)
RaisemyNut$ collected $47.50 from pot
*** SUMMARY ***
Total pot $48 | Rake $0.50
Board [As 7h Tc 7c 2c]
Seat 1: RaisemyNut$ (button) (small blind) showed [Qh Ks] and won ($47.50) with a pair of Sevens
Seat 2: PigStyles (big blind) showed [4s Kc] and lost with a pair of Sevens


PokerStars Hand #148027349986:  Hold'em Limit ($3/$6 USD) - 2016/01/31 19:10:53 ET
Table 'Zanaih II' 2-max Seat #2 is the button
Seat 1: RaisemyNut$ ($229.45 in chips)
Seat 2: PigStyles ($309.34 in chips)
PigStyles: posts small blind $1
RaisemyNut$: posts big blind $3
*** HOLE CARDS ***
PigStyles: folds
Uncalled bet ($2) returned to RaisemyNut$
RaisemyNut$ collected $2 from pot
RaisemyNut$: doesn't show hand
*** SUMMARY ***
Total pot $2 | Rake $0
Seat 1: RaisemyNut$ (big blind) collected ($2)
Seat 2: PigStyles (button) (small blind) folded before Flop


PokerStars Hand #148027353947:  Hold'em Limit ($3/$6 USD) - 2016/01/31 19:10:59 ET
Table 'Zanaih II' 2-max Seat #1 is the button
Seat 1: RaisemyNut$ ($230.45 in chips)
Seat 2: PigStyles ($308.34 in chips)
RaisemyNut$: posts small blind $1
PigStyles: posts big blind $3
*** HOLE CARDS ***
RaisemyNut$: raises $3 to $6
PigStyles said, "everyhand uwinisa joke"
PigStyles: raises $3 to $9
RaisemyNut$: calls $3
*** FLOP *** [8h 6d 5s]
PigStyles: bets $3
RaisemyNut$: calls $3
*** TURN *** [8h 6d 5s] [4s]
PigStyles: checks
RaisemyNut$: bets $6
PigStyles: calls $6
*** RIVER *** [8h 6d 5s 4s] [8d]
PigStyles: checks
RaisemyNut$: bets $6
PigStyles: folds
Uncalled bet ($6) returned to RaisemyNut$
RaisemyNut$ collected $35.50 from pot
RaisemyNut$: doesn't show hand
*** SUMMARY ***
Total pot $36 | Rake $0.50
Board [8h 6d 5s 4s 8d]
Seat 1: RaisemyNut$ (button) (small blind) collected ($35.50)
Seat 2: PigStyles (big blind) folded on the River


PokerStars Hand #148027365927:  Hold'em Limit ($3/$6 USD) - 2016/01/31 19:11:15 ET
Table 'Zanaih II' 2-max Seat #2 is the button
Seat 1: RaisemyNut$ ($247.95 in chips)
Seat 2: PigStyles ($290.34 in chips)
PigStyles: posts small blind $1
RaisemyNut$: posts big blind $3
*** HOLE CARDS ***
PigStyles: raises $3 to $6
RaisemyNut$: calls $3
*** FLOP *** [4d Ad 2h]
RaisemyNut$: checks
PigStyles: bets $3
RaisemyNut$: folds
Uncalled bet ($3) returned to PigStyles
PigStyles collected $11.76 from pot
PigStyles: doesn't show hand
*** SUMMARY ***
Total pot $12 | Rake $0.24
Board [4d Ad 2h]
Seat 1: RaisemyNut$ (big blind) folded on the Flop
Seat 2: PigStyles (button) (small blind) collected ($11.76)


PokerStars Hand #148027372136:  Hold'em Limit ($3/$6 USD) - 2016/01/31 19:11:24 ET
Table 'Zanaih II' 2-max Seat #1 is the button
Seat 1: RaisemyNut$ ($241.95 in chips)
Seat 2: PigStyles ($296.10 in chips)
RaisemyNut$: posts small blind $1
PigStyles: posts big blind $3
*** HOLE CARDS ***
RaisemyNut$: raises $3 to $6
PigStyles: raises $3 to $9
RaisemyNut$: raises $3 to $12
Betting is capped
PigStyles: calls $3
*** FLOP *** [5d 4d Ah]
PigStyles: bets $3
RaisemyNut$: calls $3
*** TURN *** [5d 4d Ah] [6d]
PigStyles: checks
RaisemyNut$: bets $6
PigStyles: folds
Uncalled bet ($6) returned to RaisemyNut$
RaisemyNut$ collected $29.50 from pot
RaisemyNut$: doesn't show hand
*** SUMMARY ***
Total pot $30 | Rake $0.50
Board [5d 4d Ah 6d]
Seat 1: RaisemyNut$ (button) (small blind) collected ($29.50)
Seat 2: PigStyles (big blind) folded on the Turn


PokerStars Hand #148027390073:  Hold'em Limit ($3/$6 USD) - 2016/01/31 19:11:48 ET
Table 'Zanaih II' 2-max Seat #1 is the button
Seat 1: RaisemyNut$ ($279.95 in chips)
Seat 2: PigStyles ($257.10 in chips)
RaisemyNut$: posts small blind $1
PigStyles: posts big blind $3
*** HOLE CARDS ***
PigStyles said, "omfg"
RaisemyNut$: raises $3 to $6
PigStyles: raises $3 to $9
RaisemyNut$: calls $3
*** FLOP *** [9h 7s Qs]
PigStyles: bets $3
RaisemyNut$: folds
Uncalled bet ($3) returned to PigStyles
PigStyles collected $17.64 from pot
PigStyles: doesn't show hand
*** SUMMARY ***
Total pot $18 | Rake $0.36
Board [9h 7s Qs]
Seat 1: RaisemyNut$ (button) (small blind) folded on the Flop
Seat 2: PigStyles (big blind) collected ($17.64)


PokerStars Hand #148027380651:  Hold'em Limit ($3/$6 USD) - 2016/01/31 19:11:35 ET
Table 'Zanaih II' 2-max Seat #2 is the button
Seat 1: RaisemyNut$ ($256.45 in chips)
Seat 2: PigStyles ($281.10 in chips)
PigStyles: posts small blind $1
RaisemyNut$: posts big blind $3
*** HOLE CARDS ***
PigStyles: raises $3 to $6
RaisemyNut$: calls $3
*** FLOP *** [Kh 4s 7h]
RaisemyNut$: checks
PigStyles: bets $3
RaisemyNut$: raises $3 to $6
PigStyles: calls $3
*** TURN *** [Kh 4s 7h] [2c]
RaisemyNut$: bets $6
PigStyles: calls $6
*** RIVER *** [Kh 4s 7h 2c] [Ts]
RaisemyNut$: bets $6
PigStyles: calls $6
*** SHOW DOWN ***
RaisemyNut$: shows [7c 3c] (a pair of Sevens)
PigStyles: mucks hand
RaisemyNut$ collected $47.50 from pot
*** SUMMARY ***
Total pot $48 | Rake $0.50
Board [Kh 4s 7h 2c Ts]
Seat 1: RaisemyNut$ (big blind) showed [7c 3c] and won ($47.50) with a pair of Sevens
Seat 2: PigStyles (button) (small blind) mucked


PokerStars Hand #148027420259:  Hold'em Limit ($3/$6 USD) - 2016/01/31 19:12:29 ET
Table 'Zanaih II' 2-max Seat #2 is the button
Seat 1: RaisemyNut$ ($213.95 in chips)
Seat 2: PigStyles ($321.74 in chips)
PigStyles: posts small blind $1
RaisemyNut$: posts big blind $3
*** HOLE CARDS ***
PigStyles: raises $3 to $6
RaisemyNut$: calls $3
*** FLOP *** [3d Ts Ac]
RaisemyNut$: checks
PigStyles: bets $3
RaisemyNut$: folds
Uncalled bet ($3) returned to PigStyles
PigStyles collected $11.76 from pot
PigStyles: doesn't show hand
*** SUMMARY ***
Total pot $12 | Rake $0.24
Board [3d Ts Ac]
Seat 1: RaisemyNut$ (big blind) folded on the Flop
Seat 2: PigStyles (button) (small blind) collected ($11.76)


PokerStars Hand #148027406381:  Hold'em Limit ($3/$6 USD) - 2016/01/31 19:12:10 ET
Table 'Zanaih II' 2-max Seat #1 is the button
Seat 1: RaisemyNut$ ($252.95 in chips)
Seat 2: PigStyles ($283.24 in chips)
RaisemyNut$: posts small blind $1
PigStyles: posts big blind $3
*** HOLE CARDS ***
RaisemyNut$: raises $3 to $6
PigStyles: calls $3
*** FLOP *** [9d Js Qs]
PigStyles: checks
RaisemyNut$: bets $3
PigStyles: calls $3
*** TURN *** [9d Js Qs] [4c]
PigStyles: checks
RaisemyNut$: bets $6
PigStyles: raises $6 to $12
RaisemyNut$: raises $6 to $18
PigStyles: raises $6 to $24
Betting is capped
RaisemyNut$: calls $6
*** RIVER *** [9d Js Qs 4c] [Ad]
PigStyles: bets $6
RaisemyNut$: calls $6
*** SHOW DOWN ***
PigStyles: shows [9s Qd] (two pair, Queens and Nines)
RaisemyNut$: mucks hand
PigStyles collected $77.50 from pot
*** SUMMARY ***
Total pot $78 | Rake $0.50
Board [9d Js Qs 4c Ad]
Seat 1: RaisemyNut$ (button) (small blind) mucked
Seat 2: PigStyles (big blind) showed [9s Qd] and won ($77.50) with two pair, Queens and Nines


PokerStars Hand #148027426098:  Hold'em Limit ($3/$6 USD) - 2016/01/31 19:12:36 ET
Table 'Zanaih II' 2-max Seat #1 is the button
Seat 1: RaisemyNut$ ($207.95 in chips)
Seat 2: PigStyles ($327.50 in chips)
RaisemyNut$: posts small blind $1
PigStyles: posts big blind $3
*** HOLE CARDS ***
RaisemyNut$: raises $3 to $6
PigStyles: calls $3
*** FLOP *** [Ks Ad 9d]
PigStyles: checks
RaisemyNut$: bets $3
PigStyles: calls $3
*** TURN *** [Ks Ad 9d] [3d]
PigStyles: checks
RaisemyNut$: checks
*** RIVER *** [Ks Ad 9d 3d] [6d]
PigStyles: bets $6
RaisemyNut$: folds
Uncalled bet ($6) returned to PigStyles
PigStyles collected $17.64 from pot
PigStyles: doesn't show hand
*** SUMMARY ***
Total pot $18 | Rake $0.36
Board [Ks Ad 9d 3d 6d]
Seat 1: RaisemyNut$ (button) (small blind) folded on the River
Seat 2: PigStyles (big blind) collected ($17.64)


PokerStars Hand #148027437343:  Hold'em Limit ($3/$6 USD) - 2016/01/31 19:12:52 ET
Table 'Zanaih II' 2-max Seat #2 is the button
Seat 1: RaisemyNut$ ($198.95 in chips)
Seat 2: PigStyles ($336.14 in chips)
PigStyles: posts small blind $1
RaisemyNut$: posts big blind $3
*** HOLE CARDS ***
PigStyles: raises $3 to $6
RaisemyNut$: calls $3
*** FLOP *** [5d Kd Kh]
RaisemyNut$: checks
PigStyles: bets $3
RaisemyNut$: folds
Uncalled bet ($3) returned to PigStyles
PigStyles collected $11.76 from pot
PigStyles: doesn't show hand
*** SUMMARY ***
Total pot $12 | Rake $0.24
Board [5d Kd Kh]
Seat 1: RaisemyNut$ (big blind) folded on the Flop
Seat 2: PigStyles (button) (small blind) collected ($11.76)


PokerStars Hand #148027443341:  Hold'em Limit ($3/$6 USD) - 2016/01/31 19:13:00 ET
Table 'Zanaih II' 2-max Seat #1 is the button
Seat 1: RaisemyNut$ ($192.95 in chips)
Seat 2: PigStyles ($341.90 in chips)
RaisemyNut$: posts small blind $1
PigStyles: posts big blind $3
*** HOLE CARDS ***
RaisemyNut$: raises $3 to $6
PigStyles: raises $3 to $9
RaisemyNut$: raises $3 to $12
Betting is capped
PigStyles: calls $3
*** FLOP *** [7c 5c Kd]
PigStyles: checks
RaisemyNut$: bets $3
PigStyles: calls $3
*** TURN *** [7c 5c Kd] [2c]
PigStyles: checks
RaisemyNut$: bets $6
PigStyles: calls $6
*** RIVER *** [7c 5c Kd 2c] [3h]
PigStyles: checks
RaisemyNut$: checks
*** SHOW DOWN ***
PigStyles: shows [8s 6s] (high card King)
RaisemyNut$: shows [Jh Td] (high card King - Jack kicker)
RaisemyNut$ collected $41.50 from pot
*** SUMMARY ***
Total pot $42 | Rake $0.50
Board [7c 5c Kd 2c 3h]
Seat 1: RaisemyNut$ (button) (small blind) showed [Jh Td] and won ($41.50) with high card King
Seat 2: PigStyles (big blind) showed [8s 6s] and lost with high card King


PokerStars Hand #148027458246:  Hold'em Limit ($3/$6 USD) - 2016/01/31 19:13:20 ET
Table 'Zanaih II' 2-max Seat #2 is the button
Seat 1: RaisemyNut$ ($213.45 in chips)
Seat 2: PigStyles ($320.90 in chips)
PigStyles: posts small blind $1
RaisemyNut$: posts big blind $3
*** HOLE CARDS ***
PigStyles: raises $3 to $6
RaisemyNut$: calls $3
*** FLOP *** [2h 2c Ks]
RaisemyNut$: checks
PigStyles: bets $3
RaisemyNut$: calls $3
*** TURN *** [2h 2c Ks] [Ah]
RaisemyNut$: checks
PigStyles: bets $6
RaisemyNut$: raises $6 to $12
PigStyles: calls $6
*** RIVER *** [2h 2c Ks Ah] [2s]
RaisemyNut$: bets $6
PigStyles: calls $6
*** SHOW DOWN ***
RaisemyNut$: shows [7d Ad] (a full house, Deuces full of Aces)
PigStyles: mucks hand
RaisemyNut$ collected $53.50 from pot
*** SUMMARY ***
Total pot $54 | Rake $0.50
Board [2h 2c Ks Ah 2s]
Seat 1: RaisemyNut$ (big blind) showed [7d Ad] and won ($53.50) with a full house, Deuces full of Aces
Seat 2: PigStyles (button) (small blind) mucked


PokerStars Hand #148027468877:  Hold'em Limit ($3/$6 USD) - 2016/01/31 19:13:35 ET
Table 'Zanaih II' 2-max Seat #1 is the button
Seat 1: RaisemyNut$ ($239.95 in chips)
Seat 2: PigStyles ($293.90 in chips)
RaisemyNut$: posts small blind $1
PigStyles: posts big blind $3
*** HOLE CARDS ***
PigStyles said, "omfg"
RaisemyNut$: raises $3 to $6
PigStyles: raises $3 to $9
RaisemyNut$: calls $3
*** FLOP *** [3s Jc 4s]
PigStyles: bets $3
RaisemyNut$: calls $3
*** TURN *** [3s Jc 4s] [5s]
PigStyles: bets $6
RaisemyNut$: raises $6 to $12
PigStyles: raises $6 to $18
RaisemyNut$: raises $6 to $24
Betting is capped
PigStyles: calls $6
*** RIVER *** [3s Jc 4s 5s] [9d]
PigStyles: bets $6
RaisemyNut$: raises $6 to $12
PigStyles: calls $6
*** SHOW DOWN ***
RaisemyNut$: shows [6c 2c] (a straight, Deuce to Six)
PigStyles: shows [8s Js] (a flush, Jack high)
PigStyles collected $95.50 from pot
*** SUMMARY ***
Total pot $96 | Rake $0.50
Board [3s Jc 4s 5s 9d]
Seat 1: RaisemyNut$ (button) (small blind) showed [6c 2c] and lost with a straight, Deuce to Six
Seat 2: PigStyles (big blind) showed [8s Js] and won ($95.50) with a flush, Jack high


PokerStars Hand #148027480718:  Hold'em Limit ($3/$6 USD) - 2016/01/31 19:13:51 ET
Table 'Zanaih II' 2-max Seat #2 is the button
Seat 1: RaisemyNut$ ($191.95 in chips)
Seat 2: PigStyles ($341.40 in chips)
PigStyles: posts small blind $1
RaisemyNut$: posts big blind $3
*** HOLE CARDS ***
PigStyles: raises $3 to $6
RaisemyNut$: calls $3
*** FLOP *** [8s Ad Td]
RaisemyNut$: checks
PigStyles: checks
*** TURN *** [8s Ad Td] [Tc]
RaisemyNut$: bets $6
PigStyles: folds
Uncalled bet ($6) returned to RaisemyNut$
RaisemyNut$ collected $11.76 from pot
RaisemyNut$: doesn't show hand
*** SUMMARY ***
Total pot $12 | Rake $0.24
Board [8s Ad Td Tc]
Seat 1: RaisemyNut$ (big blind) collected ($11.76)
Seat 2: PigStyles (button) (small blind) folded on the Turn


PokerStars Hand #148027486945:  Hold'em Limit ($3/$6 USD) - 2016/01/31 19:13:59 ET
Table 'Zanaih II' 2-max Seat #1 is the button
Seat 1: RaisemyNut$ ($197.71 in chips)
Seat 2: PigStyles ($335.40 in chips)
RaisemyNut$: posts small blind $1
PigStyles: posts big blind $3
*** HOLE CARDS ***
RaisemyNut$: raises $3 to $6
PigStyles: raises $3 to $9
RaisemyNut$: calls $3
*** FLOP *** [Th 3c 9d]
PigStyles: bets $3
RaisemyNut$: calls $3
*** TURN *** [Th 3c 9d] [Jh]
PigStyles: bets $6
RaisemyNut$: raises $6 to $12
PigStyles: calls $6
*** RIVER *** [Th 3c 9d Jh] [6s]
PigStyles: checks
RaisemyNut$: bets $6
PigStyles: calls $6
*** SHOW DOWN ***
RaisemyNut$: shows [8d 7h] (a straight, Seven to Jack)
PigStyles: mucks hand
RaisemyNut$ collected $59.50 from pot
*** SUMMARY ***
Total pot $60 | Rake $0.50
Board [Th 3c 9d Jh 6s]
Seat 1: RaisemyNut$ (button) (small blind) showed [8d 7h] and won ($59.50) with a straight, Seven to Jack
Seat 2: PigStyles (big blind) mucked


PokerStars Hand #148027499341:  Hold'em Limit ($3/$6 USD) - 2016/01/31 19:14:16 ET
Table 'Zanaih II' 2-max Seat #2 is the button
Seat 1: RaisemyNut$ ($227.21 in chips)
Seat 2: PigStyles ($305.40 in chips)
PigStyles: posts small blind $1
RaisemyNut$: posts big blind $3
*** HOLE CARDS ***
PigStyles: raises $3 to $6
RaisemyNut$: folds
Uncalled bet ($3) returned to PigStyles
PigStyles collected $6 from pot
PigStyles: doesn't show hand
*** SUMMARY ***
Total pot $6 | Rake $0
Seat 1: RaisemyNut$ (big blind) folded before Flop
Seat 2: PigStyles (button) (small blind) collected ($6)


PokerStars Hand #148027503637:  Hold'em Limit ($3/$6 USD) - 2016/01/31 19:14:22 ET
Table 'Zanaih II' 2-max Seat #1 is the button
Seat 1: RaisemyNut$ ($224.21 in chips)
Seat 2: PigStyles ($308.40 in chips)
RaisemyNut$: posts small blind $1
PigStyles: posts big blind $3
*** HOLE CARDS ***
PigStyles said, "wtf is wrong withu"
RaisemyNut$: raises $3 to $6
PigStyles: raises $3 to $9
RaisemyNut$: calls $3
*** FLOP *** [8h 8s Js]
PigStyles: bets $3
RaisemyNut$: folds
Uncalled bet ($3) returned to PigStyles
PigStyles collected $17.64 from pot
PigStyles: doesn't show hand
*** SUMMARY ***
Total pot $18 | Rake $0.36
Board [8h 8s Js]
Seat 1: RaisemyNut$ (button) (small blind) folded on the Flop
Seat 2: PigStyles (big blind) collected ($17.64)


PokerStars Hand #148027509500:  Hold'em Limit ($3/$6 USD) - 2016/01/31 19:14:30 ET
Table 'Zanaih II' 2-max Seat #2 is the button
Seat 1: RaisemyNut$ ($215.21 in chips)
Seat 2: PigStyles ($317.04 in chips)
PigStyles: posts small blind $1
RaisemyNut$: posts big blind $3
*** HOLE CARDS ***
PigStyles: raises $3 to $6
RaisemyNut$: raises $3 to $9
PigStyles: calls $3
*** FLOP *** [9c Qd Qh]
RaisemyNut$: bets $3
PigStyles: folds
Uncalled bet ($3) returned to RaisemyNut$
RaisemyNut$ collected $17.64 from pot
RaisemyNut$: doesn't show hand
*** SUMMARY ***
Total pot $18 | Rake $0.36
Board [9c Qd Qh]
Seat 1: RaisemyNut$ (big blind) collected ($17.64)
Seat 2: PigStyles (button) (small blind) folded on the Flop


PokerStars Hand #148027517720:  Hold'em Limit ($3/$6 USD) - 2016/01/31 19:14:41 ET
Table 'Zanaih II' 2-max Seat #1 is the button
Seat 1: RaisemyNut$ ($223.85 in chips)
Seat 2: PigStyles ($308.04 in chips)
RaisemyNut$: posts small blind $1
PigStyles: posts big blind $3
*** HOLE CARDS ***
RaisemyNut$: raises $3 to $6
PigStyles: raises $3 to $9
RaisemyNut$: calls $3
*** FLOP *** [3s 3h 4c]
PigStyles: bets $3
RaisemyNut$: calls $3
*** TURN *** [3s 3h 4c] [Kh]
PigStyles: bets $6
RaisemyNut$: folds
Uncalled bet ($6) returned to PigStyles
PigStyles collected $23.52 from pot
PigStyles: doesn't show hand
*** SUMMARY ***
Total pot $24 | Rake $0.48
Board [3s 3h 4c Kh]
Seat 1: RaisemyNut$ (button) (small blind) folded on the Turn
Seat 2: PigStyles (big blind) collected ($23.52)


PokerStars Hand #148027527270:  Hold'em Limit ($3/$6 USD) - 2016/01/31 19:14:54 ET
Table 'Zanaih II' 2-max Seat #2 is the button
Seat 1: RaisemyNut$ ($211.85 in chips)
Seat 2: PigStyles ($319.56 in chips)
PigStyles: posts small blind $1
RaisemyNut$: posts big blind $3
*** HOLE CARDS ***
PigStyles: raises $3 to $6
RaisemyNut$: folds
Uncalled bet ($3) returned to PigStyles
PigStyles collected $6 from pot
PigStyles: doesn't show hand
*** SUMMARY ***
Total pot $6 | Rake $0
Seat 1: RaisemyNut$ (big blind) folded before Flop
Seat 2: PigStyles (button) (small blind) collected ($6)


PokerStars Hand #148027530915:  Hold'em Limit ($3/$6 USD) - 2016/01/31 19:14:59 ET
Table 'Zanaih II' 2-max Seat #1 is the button
Seat 1: RaisemyNut$ ($208.85 in chips)
Seat 2: PigStyles ($322.56 in chips)
RaisemyNut$: posts small blind $1
PigStyles: posts big blind $3
*** HOLE CARDS ***
PigStyles said, "are u even aware how much usukout"
RaisemyNut$: raises $3 to $6
PigStyles: raises $3 to $9
RaisemyNut$: calls $3
*** FLOP *** [8h Ks Qd]
PigStyles: bets $3
RaisemyNut$: calls $3
*** TURN *** [8h Ks Qd] [Th]
PigStyles: bets $6
RaisemyNut$: calls $6
*** RIVER *** [8h Ks Qd Th] [5c]
PigStyles: checks
RaisemyNut$: bets $6
PigStyles: calls $6
*** SHOW DOWN ***
RaisemyNut$: shows [Ad Ts] (a pair of Tens)
PigStyles: mucks hand
RaisemyNut$ collected $47.50 from pot
*** SUMMARY ***
Total pot $48 | Rake $0.50
Board [8h Ks Qd Th 5c]
Seat 1: RaisemyNut$ (button) (small blind) showed [Ad Ts] and won ($47.50) with a pair of Tens
Seat 2: PigStyles (big blind) mucked


PokerStars Hand #148027542573:  Hold'em Limit ($3/$6 USD) - 2016/01/31 19:15:15 ET
Table 'Zanaih II' 2-max Seat #2 is the button
Seat 1: RaisemyNut$ ($232.35 in chips)
Seat 2: PigStyles ($298.56 in chips)
PigStyles: posts small blind $1
RaisemyNut$: posts big blind $3
*** HOLE CARDS ***
PigStyles: raises $3 to $6
RaisemyNut$: raises $3 to $9
PigStyles: raises $3 to $12
Betting is capped
RaisemyNut$: calls $3
*** FLOP *** [9s 3d 6d]
RaisemyNut$: checks
PigStyles: checks
*** TURN *** [9s 3d 6d] [7c]
RaisemyNut$: bets $6
PigStyles: calls $6
*** RIVER *** [9s 3d 6d 7c] [4c]
RaisemyNut$: bets $6
PigStyles: folds
Uncalled bet ($6) returned to RaisemyNut$
RaisemyNut$ collected $35.50 from pot
RaisemyNut$: doesn't show hand
*** SUMMARY ***
Total pot $36 | Rake $0.50
Board [9s 3d 6d 7c 4c]
Seat 1: RaisemyNut$ (big blind) collected ($35.50)
Seat 2: PigStyles (button) (small blind) folded on the River


PokerStars Hand #148027552678:  Hold'em Limit ($3/$6 USD) - 2016/01/31 19:15:29 ET
Table 'Zanaih II' 2-max Seat #1 is the button
Seat 1: RaisemyNut$ ($249.85 in chips)
Seat 2: PigStyles ($280.56 in chips)
RaisemyNut$: posts small blind $1
PigStyles: posts big blind $3
*** HOLE CARDS ***
RaisemyNut$: raises $3 to $6
PigStyles: raises $3 to $9
RaisemyNut$: calls $3
*** FLOP *** [Qs Ah 7c]
PigStyles: bets $3
RaisemyNut$: raises $3 to $6
PigStyles: folds
Uncalled bet ($3) returned to RaisemyNut$
RaisemyNut$ collected $23.52 from pot
RaisemyNut$: doesn't show hand
*** SUMMARY ***
Total pot $24 | Rake $0.48
Board [Qs Ah 7c]
Seat 1: RaisemyNut$ (button) (small blind) collected ($23.52)
Seat 2: PigStyles (big blind) folded on the Flop


PokerStars Hand #148027559746:  Hold'em Limit ($3/$6 USD) - 2016/01/31 19:15:38 ET
Table 'Zanaih II' 2-max Seat #2 is the button
Seat 1: RaisemyNut$ ($261.37 in chips)
Seat 2: PigStyles ($268.56 in chips)
PigStyles: posts small blind $1
RaisemyNut$: posts big blind $3
*** HOLE CARDS ***
PigStyles: raises $3 to $6
RaisemyNut$: calls $3
*** FLOP *** [Jd 4h 5c]
RaisemyNut$: checks
PigStyles: bets $3
RaisemyNut$: calls $3
*** TURN *** [Jd 4h 5c] [8s]
RaisemyNut$: checks
PigStyles: checks
*** RIVER *** [Jd 4h 5c 8s] [Kh]
RaisemyNut$: checks
PigStyles: checks
*** SHOW DOWN ***
RaisemyNut$: shows [Kc As] (a pair of Kings)
PigStyles: mucks hand
RaisemyNut$ collected $17.64 from pot
*** SUMMARY ***
Total pot $18 | Rake $0.36
Board [Jd 4h 5c 8s Kh]
Seat 1: RaisemyNut$ (big blind) showed [Kc As] and won ($17.64) with a pair of Kings
Seat 2: PigStyles (button) (small blind) mucked


PokerStars Hand #148027569032:  Hold'em Limit ($3/$6 USD) - 2016/01/31 19:15:51 ET
Table 'Zanaih II' 2-max Seat #1 is the button
Seat 1: RaisemyNut$ ($270.01 in chips)
Seat 2: PigStyles ($259.56 in chips)
RaisemyNut$: posts small blind $1
PigStyles: posts big blind $3
*** HOLE CARDS ***
RaisemyNut$: raises $3 to $6
PigStyles: calls $3
*** FLOP *** [Kd 5d 8s]
PigStyles: checks
RaisemyNut$: bets $3
PigStyles: folds
Uncalled bet ($3) returned to RaisemyNut$
RaisemyNut$ collected $11.76 from pot
RaisemyNut$: doesn't show hand
*** SUMMARY ***
Total pot $12 | Rake $0.24
Board [Kd 5d 8s]
Seat 1: RaisemyNut$ (button) (small blind) collected ($11.76)
Seat 2: PigStyles (big blind) folded on the Flop


PokerStars Hand #148027575070:  Hold'em Limit ($3/$6 USD) - 2016/01/31 19:15:59 ET
Table 'Zanaih II' 2-max Seat #2 is the button
Seat 1: RaisemyNut$ ($275.77 in chips)
Seat 2: PigStyles ($253.56 in chips)
PigStyles: posts small blind $1
RaisemyNut$: posts big blind $3
*** HOLE CARDS ***
PigStyles: raises $3 to $6
RaisemyNut$: folds
Uncalled bet ($3) returned to PigStyles
PigStyles collected $6 from pot
PigStyles: doesn't show hand
*** SUMMARY ***
Total pot $6 | Rake $0
Seat 1: RaisemyNut$ (big blind) folded before Flop
Seat 2: PigStyles (button) (small blind) collected ($6)


PokerStars Hand #148027595321:  Hold'em Limit ($3/$6 USD) - 2016/01/31 19:16:26 ET
Table 'Zanaih II' 2-max Seat #1 is the button
Seat 1: RaisemyNut$ ($272.77 in chips)
Seat 2: PigStyles ($256.56 in chips)
RaisemyNut$: posts small blind $1
PigStyles: posts big blind $3
*** HOLE CARDS ***
RaisemyNut$: raises $3 to $6
PigStyles: raises $3 to $9
RaisemyNut$: raises $3 to $12
Betting is capped
PigStyles: calls $3
*** FLOP *** [5h 9d Kd]
PigStyles: checks
RaisemyNut$: bets $3
PigStyles: calls $3
*** TURN *** [5h 9d Kd] [9h]
PigStyles: checks
RaisemyNut$: bets $6
PigStyles: calls $6
*** RIVER *** [5h 9d Kd 9h] [Th]
PigStyles: checks
RaisemyNut$: checks
*** SHOW DOWN ***
PigStyles: shows [4d 4c] (two pair, Nines and Fours)
RaisemyNut$: mucks hand
PigStyles collected $41.50 from pot
*** SUMMARY ***
Total pot $42 | Rake $0.50
Board [5h 9d Kd 9h Th]
Seat 1: RaisemyNut$ (button) (small blind) mucked
Seat 2: PigStyles (big blind) showed [4d 4c] and won ($41.50) with two pair, Nines and Fours


PokerStars Hand #148027605971:  Hold'em Limit ($3/$6 USD) - 2016/01/31 19:16:41 ET
Table 'Zanaih II' 2-max Seat #2 is the button
Seat 1: RaisemyNut$ ($251.77 in chips)
Seat 2: PigStyles ($277.06 in chips)
PigStyles: posts small blind $1
RaisemyNut$: posts big blind $3
*** HOLE CARDS ***
PigStyles: raises $3 to $6
RaisemyNut$: calls $3
*** FLOP *** [Kc 5d Qh]
RaisemyNut$: checks
PigStyles: bets $3
RaisemyNut$: raises $3 to $6
PigStyles: raises $3 to $9
RaisemyNut$: raises $3 to $12
Betting is capped
PigStyles: folds
Uncalled bet ($3) returned to RaisemyNut$
RaisemyNut$ collected $29.50 from pot
RaisemyNut$: doesn't show hand
*** SUMMARY ***
Total pot $30 | Rake $0.50
Board [Kc 5d Qh]
Seat 1: RaisemyNut$ (big blind) collected ($29.50)
Seat 2: PigStyles (button) (small blind) folded on the Flop


PokerStars Hand #148027613737:  Hold'em Limit ($3/$6 USD) - 2016/01/31 19:16:51 ET
Table 'Zanaih II' 2-max Seat #1 is the button
Seat 1: RaisemyNut$ ($266.27 in chips)
Seat 2: PigStyles ($262.06 in chips)
RaisemyNut$: posts small blind $1
PigStyles: posts big blind $3
*** HOLE CARDS ***
RaisemyNut$: raises $3 to $6
PigStyles: calls $3
*** FLOP *** [2h 5s 5c]
PigStyles: checks
RaisemyNut$: bets $3
PigStyles: raises $3 to $6
RaisemyNut$: calls $3
*** TURN *** [2h 5s 5c] [8d]
PigStyles: bets $6
RaisemyNut$: calls $6
*** RIVER *** [2h 5s 5c 8d] [Jd]
PigStyles: bets $6
RaisemyNut$: calls $6
*** SHOW DOWN ***
PigStyles: shows [4s 3d] (a pair of Fives)
RaisemyNut$: shows [Ad Qd] (a pair of Fives - Ace kicker)
RaisemyNut$ collected $47.50 from pot
*** SUMMARY ***
Total pot $48 | Rake $0.50
Board [2h 5s 5c 8d Jd]
Seat 1: RaisemyNut$ (button) (small blind) showed [Ad Qd] and won ($47.50) with a pair of Fives
Seat 2: PigStyles (big blind) showed [4s 3d] and lost with a pair of Fives


PokerStars Hand #148027623112:  Hold'em Limit ($3/$6 USD) - 2016/01/31 19:17:04 ET
Table 'Zanaih II' 2-max Seat #2 is the button
Seat 1: RaisemyNut$ ($289.77 in chips)
Seat 2: PigStyles ($238.06 in chips)
PigStyles: posts small blind $1
RaisemyNut$: posts big blind $3
*** HOLE CARDS ***
PigStyles: raises $3 to $6
RaisemyNut$: folds
Uncalled bet ($3) returned to PigStyles
PigStyles collected $6 from pot
PigStyles: doesn't show hand
*** SUMMARY ***
Total pot $6 | Rake $0
Seat 1: RaisemyNut$ (big blind) folded before Flop
Seat 2: PigStyles (button) (small blind) collected ($6)


PokerStars Hand #148027626791:  Hold'em Limit ($3/$6 USD) - 2016/01/31 19:17:09 ET
Table 'Zanaih II' 2-max Seat #1 is the button
Seat 1: RaisemyNut$ ($286.77 in chips)
Seat 2: PigStyles ($241.06 in chips)
RaisemyNut$: posts small blind $1
PigStyles: posts big blind $3
*** HOLE CARDS ***
RaisemyNut$: raises $3 to $6
PigStyles: raises $3 to $9
RaisemyNut$: calls $3
*** FLOP *** [Jd Ac Tc]
PigStyles: bets $3
RaisemyNut$: calls $3
*** TURN *** [Jd Ac Tc] [4d]
PigStyles: bets $6
RaisemyNut$: calls $6
*** RIVER *** [Jd Ac Tc 4d] [Ad]
PigStyles: checks
RaisemyNut$: bets $6
PigStyles: calls $6
*** SHOW DOWN ***
RaisemyNut$: shows [Js 7c] (two pair, Aces and Jacks)
PigStyles: mucks hand
RaisemyNut$ collected $47.50 from pot
*** SUMMARY ***
Total pot $48 | Rake $0.50
Board [Jd Ac Tc 4d Ad]
Seat 1: RaisemyNut$ (button) (small blind) showed [Js 7c] and won ($47.50) with two pair, Aces and Jacks
Seat 2: PigStyles (big blind) mucked


PokerStars Hand #148027637001:  Hold'em Limit ($3/$6 USD) - 2016/01/31 19:17:23 ET
Table 'Zanaih II' 2-max Seat #2 is the button
Seat 1: RaisemyNut$ ($310.27 in chips)
Seat 2: PigStyles ($217.06 in chips)
PigStyles: posts small blind $1
RaisemyNut$: posts big blind $3
*** HOLE CARDS ***
PigStyles: raises $3 to $6
RaisemyNut$: raises $3 to $9
PigStyles: raises $3 to $12
Betting is capped
RaisemyNut$: calls $3
*** FLOP *** [7d 4c 4d]
RaisemyNut$: checks
PigStyles: checks
*** TURN *** [7d 4c 4d] [8s]
RaisemyNut$: bets $6
PigStyles: raises $6 to $12
RaisemyNut$: raises $6 to $18
PigStyles: calls $6
*** RIVER *** [7d 4c 4d 8s] [6c]
RaisemyNut$: bets $6
PigStyles: calls $6
*** SHOW DOWN ***
RaisemyNut$: shows [Jd Js] (two pair, Jacks and Fours)
PigStyles: mucks hand
RaisemyNut$ collected $71.50 from pot
*** SUMMARY ***
Total pot $72 | Rake $0.50
Board [7d 4c 4d 8s 6c]
Seat 1: RaisemyNut$ (big blind) showed [Jd Js] and won ($71.50) with two pair, Jacks and Fours
Seat 2: PigStyles (button) (small blind) mucked


PokerStars Hand #148027647488:  Hold'em Limit ($3/$6 USD) - 2016/01/31 19:17:38 ET
Table 'Zanaih II' 2-max Seat #1 is the button
Seat 1: RaisemyNut$ ($345.77 in chips)
Seat 2: PigStyles ($181.06 in chips)
RaisemyNut$: posts small blind $1
PigStyles: posts big blind $3
*** HOLE CARDS ***
RaisemyNut$: raises $3 to $6
PigStyles said, "lolol u did generate ****"
PigStyles: raises $3 to $9
RaisemyNut$: calls $3
*** FLOP *** [7d 6c Ad]
PigStyles: bets $3
RaisemyNut$: folds
Uncalled bet ($3) returned to PigStyles
PigStyles collected $17.64 from pot
PigStyles: doesn't show hand
*** SUMMARY ***
Total pot $18 | Rake $0.36
Board [7d 6c Ad]
Seat 1: RaisemyNut$ (button) (small blind) folded on the Flop
Seat 2: PigStyles (big blind) collected ($17.64)


PokerStars Hand #148027653499:  Hold'em Limit ($3/$6 USD) - 2016/01/31 19:17:46 ET
Table 'Zanaih II' 2-max Seat #2 is the button
Seat 1: RaisemyNut$ ($336.77 in chips)
Seat 2: PigStyles ($189.70 in chips)
PigStyles: posts small blind $1
RaisemyNut$: posts big blind $3
*** HOLE CARDS ***
PigStyles: raises $3 to $6
RaisemyNut$: raises $3 to $9
PigStyles: calls $3
*** FLOP *** [4h 4c Js]
RaisemyNut$: bets $3
PigStyles: folds
Uncalled bet ($3) returned to RaisemyNut$
RaisemyNut$ collected $17.64 from pot
RaisemyNut$: doesn't show hand
*** SUMMARY ***
Total pot $18 | Rake $0.36
Board [4h 4c Js]
Seat 1: RaisemyNut$ (big blind) collected ($17.64)
Seat 2: PigStyles (button) (small blind) folded on the Flop


PokerStars Hand #148027673312:  Hold'em Limit ($3/$6 USD) - 2016/01/31 19:18:13 ET
Table 'Zanaih II' 2-max Seat #1 is the button
Seat 1: RaisemyNut$ ($369.91 in chips)
Seat 2: PigStyles ($155.70 in chips)
RaisemyNut$: posts small blind $1
PigStyles: posts big blind $3
*** HOLE CARDS ***
RaisemyNut$: folds
Uncalled bet ($2) returned to PigStyles
PigStyles collected $2 from pot
PigStyles: doesn't show hand
*** SUMMARY ***
Total pot $2 | Rake $0
Seat 1: RaisemyNut$ (button) (small blind) folded before Flop
Seat 2: PigStyles (big blind) collected ($2)


PokerStars Hand #148027669593:  Hold'em Limit ($3/$6 USD) - 2016/01/31 19:18:08 ET
Table 'Zanaih II' 2-max Seat #2 is the button
Seat 1: RaisemyNut$ ($368.91 in chips)
Seat 2: PigStyles ($156.70 in chips)
PigStyles: posts small blind $1
RaisemyNut$: posts big blind $3
*** HOLE CARDS ***
PigStyles: folds
Uncalled bet ($2) returned to RaisemyNut$
RaisemyNut$ collected $2 from pot
RaisemyNut$: doesn't show hand
*** SUMMARY ***
Total pot $2 | Rake $0
Seat 1: RaisemyNut$ (big blind) collected ($2)
Seat 2: PigStyles (button) (small blind) folded before Flop


PokerStars Hand #148027659162:  Hold'em Limit ($3/$6 USD) - 2016/01/31 19:17:54 ET
Table 'Zanaih II' 2-max Seat #1 is the button
Seat 1: RaisemyNut$ ($345.41 in chips)
Seat 2: PigStyles ($180.70 in chips)
RaisemyNut$: posts small blind $1
PigStyles: posts big blind $3
*** HOLE CARDS ***
RaisemyNut$: raises $3 to $6
PigStyles: raises $3 to $9
RaisemyNut$: calls $3
*** FLOP *** [Jd 6c Jc]
PigStyles: bets $3
RaisemyNut$: raises $3 to $6
PigStyles: raises $3 to $9
RaisemyNut$: calls $3
*** TURN *** [Jd 6c Jc] [2c]
PigStyles: bets $6
RaisemyNut$: raises $6 to $12
PigStyles: folds
Uncalled bet ($6) returned to RaisemyNut$
RaisemyNut$ collected $47.50 from pot
RaisemyNut$: doesn't show hand
*** SUMMARY ***
Total pot $48 | Rake $0.50
Board [Jd 6c Jc 2c]
Seat 1: RaisemyNut$ (button) (small blind) collected ($47.50)
Seat 2: PigStyles (big blind) folded on the Turn


PokerStars Hand #148027676462:  Hold'em Limit ($3/$6 USD) - 2016/01/31 19:18:18 ET
Table 'Zanaih II' 2-max Seat #2 is the button
Seat 1: RaisemyNut$ ($368.91 in chips)
Seat 2: PigStyles ($156.70 in chips)
PigStyles: posts small blind $1
RaisemyNut$: posts big blind $3
*** HOLE CARDS ***
PigStyles: raises $3 to $6
RaisemyNut$: folds
Uncalled bet ($3) returned to PigStyles
PigStyles collected $6 from pot
PigStyles: doesn't show hand
*** SUMMARY ***
Total pot $6 | Rake $0
Seat 1: RaisemyNut$ (big blind) folded before Flop
Seat 2: PigStyles (button) (small blind) collected ($6)


PokerStars Hand #148027679961:  Hold'em Limit ($3/$6 USD) - 2016/01/31 19:18:23 ET
Table 'Zanaih II' 2-max Seat #1 is the button
Seat 1: RaisemyNut$ ($365.91 in chips)
Seat 2: PigStyles ($159.70 in chips)
RaisemyNut$: posts small blind $1
PigStyles: posts big blind $3
*** HOLE CARDS ***
RaisemyNut$: raises $3 to $6
PigStyles: calls $3
*** FLOP *** [3d Ts Th]
PigStyles: checks
RaisemyNut$: bets $3
PigStyles: folds
Uncalled bet ($3) returned to RaisemyNut$
RaisemyNut$ collected $11.76 from pot
RaisemyNut$: doesn't show hand
*** SUMMARY ***
Total pot $12 | Rake $0.24
Board [3d Ts Th]
Seat 1: RaisemyNut$ (button) (small blind) collected ($11.76)
Seat 2: PigStyles (big blind) folded on the Flop


PokerStars Hand #148027685792:  Hold'em Limit ($3/$6 USD) - 2016/01/31 19:18:31 ET
Table 'Zanaih II' 2-max Seat #2 is the button
Seat 1: RaisemyNut$ ($371.67 in chips)
Seat 2: PigStyles ($153.70 in chips)
PigStyles: posts small blind $1
RaisemyNut$: posts big blind $3
*** HOLE CARDS ***
PigStyles: raises $3 to $6
RaisemyNut$: calls $3
*** FLOP *** [Kh Jd Qc]
RaisemyNut$: checks
PigStyles: bets $3
RaisemyNut$: raises $3 to $6
PigStyles: folds
Uncalled bet ($3) returned to RaisemyNut$
RaisemyNut$ collected $17.64 from pot
RaisemyNut$: doesn't show hand
*** SUMMARY ***
Total pot $18 | Rake $0.36
Board [Kh Jd Qc]
Seat 1: RaisemyNut$ (big blind) collected ($17.64)
Seat 2: PigStyles (button) (small blind) folded on the Flop


PokerStars Hand #148027692203:  Hold'em Limit ($3/$6 USD) - 2016/01/31 19:18:40 ET
Table 'Zanaih II' 2-max Seat #1 is the button
Seat 1: RaisemyNut$ ($380.31 in chips)
Seat 2: PigStyles ($144.70 in chips)
RaisemyNut$: posts small blind $1
PigStyles: posts big blind $3
*** HOLE CARDS ***
RaisemyNut$: raises $3 to $6
PigStyles: raises $3 to $9
RaisemyNut$: calls $3
*** FLOP *** [2c 8s Kh]
PigStyles: bets $3
RaisemyNut$: calls $3
*** TURN *** [2c 8s Kh] [7c]
PigStyles: checks
RaisemyNut$: bets $6
PigStyles: folds
Uncalled bet ($6) returned to RaisemyNut$
RaisemyNut$ collected $23.52 from pot
RaisemyNut$: doesn't show hand
*** SUMMARY ***
Total pot $24 | Rake $0.48
Board [2c 8s Kh 7c]
Seat 1: RaisemyNut$ (button) (small blind) collected ($23.52)
Seat 2: PigStyles (big blind) folded on the Turn


PokerStars Hand #148027699943:  Hold'em Limit ($3/$6 USD) - 2016/01/31 19:18:50 ET
Table 'Zanaih II' 2-max Seat #2 is the button
Seat 1: RaisemyNut$ ($391.83 in chips)
Seat 2: PigStyles ($132.70 in chips)
PigStyles: posts small blind $1
RaisemyNut$: posts big blind $3
*** HOLE CARDS ***
PigStyles: raises $3 to $6
RaisemyNut$: calls $3
*** FLOP *** [Jc 9h 2c]
RaisemyNut$: checks
PigStyles: bets $3
RaisemyNut$: calls $3
*** TURN *** [Jc 9h 2c] [5h]
RaisemyNut$: checks
PigStyles: bets $6
RaisemyNut$: calls $6
*** RIVER *** [Jc 9h 2c 5h] [3d]
RaisemyNut$: checks
PigStyles: bets $6
RaisemyNut$: calls $6
*** SHOW DOWN ***
PigStyles: shows [Jh Js] (three of a kind, Jacks)
RaisemyNut$: mucks hand
PigStyles collected $41.50 from pot
*** SUMMARY ***
Total pot $42 | Rake $0.50
Board [Jc 9h 2c 5h 3d]
Seat 1: RaisemyNut$ (big blind) mucked
Seat 2: PigStyles (button) (small blind) showed [Jh Js] and won ($41.50) with three of a kind, Jacks


PokerStars Hand #148027721077:  Hold'em Limit ($3/$6 USD) - 2016/01/31 19:19:20 ET
Table 'Zanaih II' 2-max Seat #2 is the button
Seat 1: RaisemyNut$ ($346.83 in chips)
Seat 2: PigStyles ($176.70 in chips)
PigStyles: posts small blind $1
RaisemyNut$: posts big blind $3
*** HOLE CARDS ***
PigStyles: raises $3 to $6
RaisemyNut$: calls $3
*** FLOP *** [Jd 9h Jc]
RaisemyNut$: checks
PigStyles: bets $3
RaisemyNut$: folds
Uncalled bet ($3) returned to PigStyles
PigStyles collected $11.76 from pot
PigStyles: doesn't show hand
*** SUMMARY ***
Total pot $12 | Rake $0.24
Board [Jd 9h Jc]
Seat 1: RaisemyNut$ (big blind) folded on the Flop
Seat 2: PigStyles (button) (small blind) collected ($11.76)


PokerStars Hand #148027710991:  Hold'em Limit ($3/$6 USD) - 2016/01/31 19:19:06 ET
Table 'Zanaih II' 2-max Seat #1 is the button
Seat 1: RaisemyNut$ ($370.83 in chips)
Seat 2: PigStyles ($153.20 in chips)
RaisemyNut$: posts small blind $1
PigStyles: posts big blind $3
*** HOLE CARDS ***
RaisemyNut$: raises $3 to $6
PigStyles: calls $3
*** FLOP *** [7d 4d 3d]
PigStyles: checks
RaisemyNut$: bets $3
PigStyles: raises $3 to $6
RaisemyNut$: calls $3
*** TURN *** [7d 4d 3d] [4c]
PigStyles: bets $6
RaisemyNut$: calls $6
*** RIVER *** [7d 4d 3d 4c] [2s]
PigStyles: bets $6
RaisemyNut$: calls $6
*** SHOW DOWN ***
PigStyles: shows [7h Qc] (two pair, Sevens and Fours)
RaisemyNut$: mucks hand
PigStyles collected $47.50 from pot
*** SUMMARY ***
Total pot $48 | Rake $0.50
Board [7d 4d 3d 4c 2s]
Seat 1: RaisemyNut$ (button) (small blind) mucked
Seat 2: PigStyles (big blind) showed [7h Qc] and won ($47.50) with two pair, Sevens and Fours


PokerStars Hand #148027729309:  Hold'em Limit ($3/$6 USD) - 2016/01/31 19:19:31 ET
Table 'Zanaih II' 2-max Seat #2 is the button
Seat 1: RaisemyNut$ ($339.83 in chips)
Seat 2: PigStyles ($183.46 in chips)
PigStyles: posts small blind $1
RaisemyNut$: posts big blind $3
*** HOLE CARDS ***
PigStyles: raises $3 to $6
RaisemyNut$: raises $3 to $9
PigStyles: calls $3
*** FLOP *** [5s 8c 4s]
RaisemyNut$: bets $3
PigStyles: folds
Uncalled bet ($3) returned to RaisemyNut$
RaisemyNut$ collected $17.64 from pot
RaisemyNut$: doesn't show hand
*** SUMMARY ***
Total pot $18 | Rake $0.36
Board [5s 8c 4s]
Seat 1: RaisemyNut$ (big blind) collected ($17.64)
Seat 2: PigStyles (button) (small blind) folded on the Flop


PokerStars Hand #148027726296:  Hold'em Limit ($3/$6 USD) - 2016/01/31 19:19:27 ET
Table 'Zanaih II' 2-max Seat #1 is the button
Seat 1: RaisemyNut$ ($340.83 in chips)
Seat 2: PigStyles ($182.46 in chips)
RaisemyNut$: posts small blind $1
PigStyles: posts big blind $3
*** HOLE CARDS ***
RaisemyNut$: folds
Uncalled bet ($2) returned to PigStyles
PigStyles collected $2 from pot
PigStyles: doesn't show hand
*** SUMMARY ***
Total pot $2 | Rake $0
Seat 1: RaisemyNut$ (button) (small blind) folded before Flop
Seat 2: PigStyles (big blind) collected ($2)


PokerStars Hand #148027772458:  Hold'em Limit ($3/$6 USD) - 2016/01/31 19:20:31 ET
Table 'Zanaih II' 2-max Seat #2 is the button
Seat 1: RaisemyNut$ ($350.73 in chips)
Seat 2: PigStyles ($170.96 in chips)
PigStyles: posts small blind $1
RaisemyNut$: posts big blind $3
*** HOLE CARDS ***
PigStyles: raises $3 to $6
RaisemyNut$: calls $3
*** FLOP *** [Js As Ks]
RaisemyNut$: checks
PigStyles: bets $3
RaisemyNut$: calls $3
*** TURN *** [Js As Ks] [Qd]
RaisemyNut$: checks
PigStyles: checks
*** RIVER *** [Js As Ks Qd] [2d]
RaisemyNut$: bets $6
PigStyles: folds
Uncalled bet ($6) returned to RaisemyNut$
RaisemyNut$ collected $17.64 from pot
RaisemyNut$: doesn't show hand
*** SUMMARY ***
Total pot $18 | Rake $0.36
Board [Js As Ks Qd 2d]
Seat 1: RaisemyNut$ (big blind) collected ($17.64)
Seat 2: PigStyles (button) (small blind) folded on the River


PokerStars Hand #148027758779:  Hold'em Limit ($3/$6 USD) - 2016/01/31 19:20:12 ET
Table 'Zanaih II' 2-max Seat #1 is the button
Seat 1: RaisemyNut$ ($327.23 in chips)
Seat 2: PigStyles ($194.96 in chips)
RaisemyNut$: posts small blind $1
PigStyles: posts big blind $3
*** HOLE CARDS ***
RaisemyNut$: raises $3 to $6
PigStyles: raises $3 to $9
RaisemyNut$: calls $3
*** FLOP *** [Js 5d 6c]
PigStyles: bets $3
RaisemyNut$: calls $3
*** TURN *** [Js 5d 6c] [3s]
PigStyles: checks
RaisemyNut$: bets $6
PigStyles: raises $6 to $12
RaisemyNut$: calls $6
*** RIVER *** [Js 5d 6c 3s] [2c]
PigStyles: checks
RaisemyNut$: checks
*** SHOW DOWN ***
PigStyles: shows [Kd 9d] (high card King)
RaisemyNut$: shows [7h 5h] (a pair of Fives)
RaisemyNut$ collected $47.50 from pot
*** SUMMARY ***
Total pot $48 | Rake $0.50
Board [Js 5d 6c 3s 2c]
Seat 1: RaisemyNut$ (button) (small blind) showed [7h 5h] and won ($47.50) with a pair of Fives
Seat 2: PigStyles (big blind) showed [Kd 9d] and lost with high card King


PokerStars Hand #148027745893:  Hold'em Limit ($3/$6 USD) - 2016/01/31 19:19:54 ET
Table 'Zanaih II' 2-max Seat #2 is the button
Seat 1: RaisemyNut$ ($321.47 in chips)
Seat 2: PigStyles ($200.96 in chips)
PigStyles: posts small blind $1
RaisemyNut$: posts big blind $3
*** HOLE CARDS ***
PigStyles: raises $3 to $6
RaisemyNut$: calls $3
*** FLOP *** [3c 9s 2d]
RaisemyNut$: checks
PigStyles: checks
*** TURN *** [3c 9s 2d] [Qs]
RaisemyNut$: bets $6
PigStyles: folds
Uncalled bet ($6) returned to RaisemyNut$
RaisemyNut$ collected $11.76 from pot
RaisemyNut$: doesn't show hand
*** SUMMARY ***
Total pot $12 | Rake $0.24
Board [3c 9s 2d Qs]
Seat 1: RaisemyNut$ (big blind) collected ($11.76)
Seat 2: PigStyles (button) (small blind) folded on the Turn


PokerStars Hand #148027734592:  Hold'em Limit ($3/$6 USD) - 2016/01/31 19:19:39 ET
Table 'Zanaih II' 2-max Seat #1 is the button
Seat 1: RaisemyNut$ ($348.47 in chips)
Seat 2: PigStyles ($174.46 in chips)
RaisemyNut$: posts small blind $1
PigStyles: posts big blind $3
*** HOLE CARDS ***
RaisemyNut$: raises $3 to $6
PigStyles: calls $3
*** FLOP *** [Ac 5h Jd]
PigStyles: checks
RaisemyNut$: bets $3
PigStyles: calls $3
*** TURN *** [Ac 5h Jd] [Ad]
PigStyles: checks
RaisemyNut$: bets $6
PigStyles: raises $6 to $12
RaisemyNut$: calls $6
*** RIVER *** [Ac 5h Jd Ad] [Kd]
PigStyles: bets $6
RaisemyNut$: calls $6
*** SHOW DOWN ***
PigStyles: shows [2s Ah] (three of a kind, Aces)
RaisemyNut$: mucks hand
PigStyles collected $53.50 from pot
*** SUMMARY ***
Total pot $54 | Rake $0.50
Board [Ac 5h Jd Ad Kd]
Seat 1: RaisemyNut$ (button) (small blind) mucked
Seat 2: PigStyles (big blind) showed [2s Ah] and won ($53.50) with three of a kind, Aces


PokerStars Hand #148027820155:  Hold'em Limit ($3/$6 USD) - 2016/01/31 19:21:38 ET
Table 'Zanaih II' 2-max Seat #2 is the button
Seat 1: RaisemyNut$ ($338.01 in chips)
Seat 2: PigStyles ($182.10 in chips)
PigStyles: posts small blind $1
RaisemyNut$: posts big blind $3
*** HOLE CARDS ***
PigStyles: raises $3 to $6
RaisemyNut$: folds
Uncalled bet ($3) returned to PigStyles
PigStyles collected $6 from pot
PigStyles: doesn't show hand
*** SUMMARY ***
Total pot $6 | Rake $0
Seat 1: RaisemyNut$ (big blind) folded before Flop
Seat 2: PigStyles (button) (small blind) collected ($6)


PokerStars Hand #148027813626:  Hold'em Limit ($3/$6 USD) - 2016/01/31 19:21:29 ET
Table 'Zanaih II' 2-max Seat #1 is the button
Seat 1: RaisemyNut$ ($347.01 in chips)
Seat 2: PigStyles ($173.46 in chips)
RaisemyNut$: posts small blind $1
PigStyles: posts big blind $3
*** HOLE CARDS ***
RaisemyNut$: raises $3 to $6
PigStyles: raises $3 to $9
RaisemyNut$: calls $3
*** FLOP *** [4d Jc 4s]
PigStyles: bets $3
RaisemyNut$: folds
Uncalled bet ($3) returned to PigStyles
PigStyles collected $17.64 from pot
PigStyles: doesn't show hand
*** SUMMARY ***
Total pot $18 | Rake $0.36
Board [4d Jc 4s]
Seat 1: RaisemyNut$ (button) (small blind) folded on the Flop
Seat 2: PigStyles (big blind) collected ($17.64)


PokerStars Hand #148027796596:  Hold'em Limit ($3/$6 USD) - 2016/01/31 19:21:05 ET
Table 'Zanaih II' 2-max Seat #2 is the button
Seat 1: RaisemyNut$ ($338.37 in chips)
Seat 2: PigStyles ($182.46 in chips)
PigStyles: posts small blind $1
RaisemyNut$: posts big blind $3
*** HOLE CARDS ***
PigStyles: raises $3 to $6
RaisemyNut$: calls $3
*** FLOP *** [Td 6d Qd]
RaisemyNut$: checks
PigStyles: bets $3
RaisemyNut$: calls $3
*** TURN *** [Td 6d Qd] [8c]
RaisemyNut$: checks
PigStyles: checks
*** RIVER *** [Td 6d Qd 8c] [3h]
RaisemyNut$: bets $6
PigStyles: folds
Uncalled bet ($6) returned to RaisemyNut$
RaisemyNut$ collected $17.64 from pot
RaisemyNut$: doesn't show hand
*** SUMMARY ***
Total pot $18 | Rake $0.36
Board [Td 6d Qd 8c 3h]
Seat 1: RaisemyNut$ (big blind) collected ($17.64)
Seat 2: PigStyles (button) (small blind) folded on the River


PokerStars Hand #148027782718:  Hold'em Limit ($3/$6 USD) - 2016/01/31 19:20:46 ET
Table 'Zanaih II' 2-max Seat #1 is the button
Seat 1: RaisemyNut$ ($359.37 in chips)
Seat 2: PigStyles ($161.96 in chips)
RaisemyNut$: posts small blind $1
PigStyles: posts big blind $3
*** HOLE CARDS ***
RaisemyNut$: raises $3 to $6
PigStyles: raises $3 to $9
RaisemyNut$: raises $3 to $12
Betting is capped
PigStyles: calls $3
*** FLOP *** [2d 5c Ts]
PigStyles: checks
RaisemyNut$: bets $3
PigStyles: calls $3
*** TURN *** [2d 5c Ts] [4s]
PigStyles: checks
RaisemyNut$: bets $6
PigStyles: calls $6
*** RIVER *** [2d 5c Ts 4s] [3d]
PigStyles: checks
RaisemyNut$: checks
*** SHOW DOWN ***
PigStyles: shows [8c 4c] (a pair of Fours)
RaisemyNut$: mucks hand
PigStyles collected $41.50 from pot
*** SUMMARY ***
Total pot $42 | Rake $0.50
Board [2d 5c Ts 4s 3d]
Seat 1: RaisemyNut$ (button) (small blind) mucked
Seat 2: PigStyles (big blind) showed [8c 4c] and won ($41.50) with a pair of Fours


PokerStars Hand #148027857315:  Hold'em Limit ($3/$6 USD) - 2016/01/31 19:22:30 ET
Table 'Zanaih II' 2-max Seat #1 is the button
Seat 1: RaisemyNut$ ($363.03 in chips)
Seat 2: PigStyles ($155.74 in chips)
RaisemyNut$: posts small blind $1
PigStyles: posts big blind $3
*** HOLE CARDS ***
RaisemyNut$: raises $3 to $6
PigStyles: raises $3 to $9
RaisemyNut$: calls $3
*** FLOP *** [4d Ts Kc]
PigStyles: bets $3
RaisemyNut$: folds
Uncalled bet ($3) returned to PigStyles
PigStyles collected $17.64 from pot
PigStyles: doesn't show hand
*** SUMMARY ***
Total pot $18 | Rake $0.36
Board [4d Ts Kc]
Seat 1: RaisemyNut$ (button) (small blind) folded on the Flop
Seat 2: PigStyles (big blind) collected ($17.64)


PokerStars Hand #148027847152:  Hold'em Limit ($3/$6 USD) - 2016/01/31 19:22:16 ET
Table 'Zanaih II' 2-max Seat #2 is the button
Seat 1: RaisemyNut$ ($336.53 in chips)
Seat 2: PigStyles ($182.74 in chips)
PigStyles: posts small blind $1
RaisemyNut$: posts big blind $3
*** HOLE CARDS ***
PigStyles: raises $3 to $6
RaisemyNut$: calls $3
*** FLOP *** [7d 8d Js]
RaisemyNut$: checks
PigStyles: bets $3
RaisemyNut$: calls $3
*** TURN *** [7d 8d Js] [6h]
RaisemyNut$: checks
PigStyles: bets $6
RaisemyNut$: raises $6 to $12
PigStyles: calls $6
*** RIVER *** [7d 8d Js 6h] [3d]
RaisemyNut$: bets $6
PigStyles: calls $6
*** SHOW DOWN ***
RaisemyNut$: shows [6d 8s] (two pair, Eights and Sixes)
PigStyles: mucks hand
RaisemyNut$ collected $53.50 from pot
*** SUMMARY ***
Total pot $54 | Rake $0.50
Board [7d 8d Js 6h 3d]
Seat 1: RaisemyNut$ (big blind) showed [6d 8s] and won ($53.50) with two pair, Eights and Sixes
Seat 2: PigStyles (button) (small blind) mucked


PokerStars Hand #148027843639:  Hold'em Limit ($3/$6 USD) - 2016/01/31 19:22:11 ET
Table 'Zanaih II' 2-max Seat #1 is the button
Seat 1: RaisemyNut$ ($337.53 in chips)
Seat 2: PigStyles ($181.74 in chips)
RaisemyNut$: posts small blind $1
PigStyles: posts big blind $3
*** HOLE CARDS ***
RaisemyNut$: folds
Uncalled bet ($2) returned to PigStyles
PigStyles collected $2 from pot
PigStyles: doesn't show hand
*** SUMMARY ***
Total pot $2 | Rake $0
Seat 1: RaisemyNut$ (button) (small blind) folded before Flop
Seat 2: PigStyles (big blind) collected ($2)


PokerStars Hand #148027833911:  Hold'em Limit ($3/$6 USD) - 2016/01/31 19:21:57 ET
Table 'Zanaih II' 2-max Seat #2 is the button
Seat 1: RaisemyNut$ ($326.01 in chips)
Seat 2: PigStyles ($193.74 in chips)
PigStyles: posts small blind $1
RaisemyNut$: posts big blind $3
*** HOLE CARDS ***
PigStyles: raises $3 to $6
RaisemyNut$: raises $3 to $9
PigStyles: calls $3
*** FLOP *** [7d 2c 6h]
RaisemyNut$: bets $3
PigStyles: calls $3
*** TURN *** [7d 2c 6h] [8h]
RaisemyNut$: checks
PigStyles: checks
*** RIVER *** [7d 2c 6h 8h] [7h]
RaisemyNut$: bets $6
PigStyles: folds
Uncalled bet ($6) returned to RaisemyNut$
RaisemyNut$ collected $23.52 from pot
RaisemyNut$: doesn't show hand
*** SUMMARY ***
Total pot $24 | Rake $0.48
Board [7d 2c 6h 8h 7h]
Seat 1: RaisemyNut$ (big blind) collected ($23.52)
Seat 2: PigStyles (button) (small blind) folded on the River


PokerStars Hand #148027823660:  Hold'em Limit ($3/$6 USD) - 2016/01/31 19:21:43 ET
Table 'Zanaih II' 2-max Seat #1 is the button
Seat 1: RaisemyNut$ ($335.01 in chips)
Seat 2: PigStyles ($185.10 in chips)
RaisemyNut$: posts small blind $1
PigStyles: posts big blind $3
*** HOLE CARDS ***
RaisemyNut$: raises $3 to $6
PigStyles: calls $3
*** FLOP *** [2s 2h Qc]
PigStyles: checks
RaisemyNut$: bets $3
PigStyles: calls $3
*** TURN *** [2s 2h Qc] [Js]
PigStyles: checks
RaisemyNut$: checks
*** RIVER *** [2s 2h Qc Js] [Ac]
PigStyles: bets $6
RaisemyNut$: folds
Uncalled bet ($6) returned to PigStyles
PigStyles collected $17.64 from pot
PigStyles: doesn't show hand
*** SUMMARY ***
Total pot $18 | Rake $0.36
Board [2s 2h Qc Js Ac]
Seat 1: RaisemyNut$ (button) (small blind) folded on the River
Seat 2: PigStyles (big blind) collected ($17.64)


PokerStars Hand #148027900209:  Hold'em Limit ($3/$6 USD) - 2016/01/31 19:23:31 ET
Table 'Zanaih II' 2-max Seat #2 is the button
Seat 1: RaisemyNut$ ($335.55 in chips)
Seat 2: PigStyles ($181.88 in chips)
PigStyles: posts small blind $1
RaisemyNut$: posts big blind $3
*** HOLE CARDS ***
PigStyles: raises $3 to $6
RaisemyNut$: folds
Uncalled bet ($3) returned to PigStyles
PigStyles collected $6 from pot
PigStyles: doesn't show hand
*** SUMMARY ***
Total pot $6 | Rake $0
Seat 1: RaisemyNut$ (big blind) folded before Flop
Seat 2: PigStyles (button) (small blind) collected ($6)


PokerStars Hand #148027889845:  Hold'em Limit ($3/$6 USD) - 2016/01/31 19:23:16 ET
Table 'Zanaih II' 2-max Seat #1 is the button
Seat 1: RaisemyNut$ ($329.79 in chips)
Seat 2: PigStyles ($187.88 in chips)
RaisemyNut$: posts small blind $1
PigStyles: posts big blind $3
*** HOLE CARDS ***
RaisemyNut$: raises $3 to $6
PigStyles: calls $3
*** FLOP *** [5c 6d Ad]
PigStyles: checks
RaisemyNut$: bets $3
PigStyles: folds
Uncalled bet ($3) returned to RaisemyNut$
RaisemyNut$ collected $11.76 from pot
RaisemyNut$: doesn't show hand
*** SUMMARY ***
Total pot $12 | Rake $0.24
Board [5c 6d Ad]
Seat 1: RaisemyNut$ (button) (small blind) collected ($11.76)
Seat 2: PigStyles (big blind) folded on the Flop


PokerStars Hand #148027885782:  Hold'em Limit ($3/$6 USD) - 2016/01/31 19:23:10 ET
Table 'Zanaih II' 2-max Seat #2 is the button
Seat 1: RaisemyNut$ ($332.79 in chips)
Seat 2: PigStyles ($184.88 in chips)
PigStyles: posts small blind $1
RaisemyNut$: posts big blind $3
*** HOLE CARDS ***
PigStyles: raises $3 to $6
RaisemyNut$: folds
Uncalled bet ($3) returned to PigStyles
PigStyles collected $6 from pot
PigStyles: doesn't show hand
*** SUMMARY ***
Total pot $6 | Rake $0
Seat 1: RaisemyNut$ (big blind) folded before Flop
Seat 2: PigStyles (button) (small blind) collected ($6)


PokerStars Hand #148027878682:  Hold'em Limit ($3/$6 USD) - 2016/01/31 19:23:00 ET
Table 'Zanaih II' 2-max Seat #1 is the button
Seat 1: RaisemyNut$ ($327.03 in chips)
Seat 2: PigStyles ($190.88 in chips)
RaisemyNut$: posts small blind $1
PigStyles: posts big blind $3
*** HOLE CARDS ***
RaisemyNut$: raises $3 to $6
PigStyles: calls $3
*** FLOP *** [6c 9c 6h]
PigStyles: checks
RaisemyNut$: checks
*** TURN *** [6c 9c 6h] [Th]
PigStyles: checks
RaisemyNut$: bets $6
PigStyles: folds
Uncalled bet ($6) returned to RaisemyNut$
RaisemyNut$ collected $11.76 from pot
RaisemyNut$: doesn't show hand
*** SUMMARY ***
Total pot $12 | Rake $0.24
Board [6c 9c 6h Th]
Seat 1: RaisemyNut$ (button) (small blind) collected ($11.76)
Seat 2: PigStyles (big blind) folded on the Turn


PokerStars Hand #148027864988:  Hold'em Limit ($3/$6 USD) - 2016/01/31 19:22:41 ET
Table 'Zanaih II' 2-max Seat #2 is the button
Seat 1: RaisemyNut$ ($354.03 in chips)
Seat 2: PigStyles ($164.38 in chips)
PigStyles: posts small blind $1
RaisemyNut$: posts big blind $3
*** HOLE CARDS ***
PigStyles: raises $3 to $6
RaisemyNut$: calls $3
*** FLOP *** [Th 6h 5h]
RaisemyNut$: checks
PigStyles: bets $3
RaisemyNut$: raises $3 to $6
PigStyles: raises $3 to $9
RaisemyNut$: calls $3
*** TURN *** [Th 6h 5h] [4d]
RaisemyNut$: checks
PigStyles: bets $6
RaisemyNut$: calls $6
*** RIVER *** [Th 6h 5h 4d] [Qh]
RaisemyNut$: checks
PigStyles: bets $6
RaisemyNut$: calls $6
*** SHOW DOWN ***
PigStyles: shows [Jh Tc] (a flush, Queen high)
RaisemyNut$: mucks hand
PigStyles collected $53.50 from pot
*** SUMMARY ***
Total pot $54 | Rake $0.50
Board [Th 6h 5h 4d Qh]
Seat 1: RaisemyNut$ (big blind) mucked
Seat 2: PigStyles (button) (small blind) showed [Jh Tc] and won ($53.50) with a flush, Queen high


PokerStars Hand #148027943069:  Hold'em Limit ($3/$6 USD) - 2016/01/31 19:24:32 ET
Table 'Zanaih II' 2-max Seat #1 is the button
Seat 1: RaisemyNut$ ($354.55 in chips)
Seat 2: PigStyles ($161.38 in chips)
RaisemyNut$: posts small blind $1
PigStyles: posts big blind $3
*** HOLE CARDS ***
RaisemyNut$: raises $3 to $6
PigStyles: calls $3
*** FLOP *** [Ad 8d Ah]
PigStyles: checks
RaisemyNut$: bets $3
PigStyles: raises $3 to $6
RaisemyNut$: calls $3
*** TURN *** [Ad 8d Ah] [Td]
PigStyles: bets $6
RaisemyNut$: calls $6
*** RIVER *** [Ad 8d Ah Td] [5d]
PigStyles: bets $6
RaisemyNut$: raises $6 to $12
PigStyles: folds
Uncalled bet ($6) returned to RaisemyNut$
RaisemyNut$ collected $47.50 from pot
RaisemyNut$: doesn't show hand
*** SUMMARY ***
Total pot $48 | Rake $0.50
Board [Ad 8d Ah Td 5d]
Seat 1: RaisemyNut$ (button) (small blind) collected ($47.50)
Seat 2: PigStyles (big blind) folded on the River


PokerStars Hand #148027934480:  Hold'em Limit ($3/$6 USD) - 2016/01/31 19:24:19 ET
Table 'Zanaih II' 2-max Seat #2 is the button
Seat 1: RaisemyNut$ ($340.05 in chips)
Seat 2: PigStyles ($176.38 in chips)
PigStyles: posts small blind $1
RaisemyNut$: posts big blind $3
*** HOLE CARDS ***
PigStyles: raises $3 to $6
RaisemyNut$: calls $3
*** FLOP *** [6c 5d Kd]
RaisemyNut$: checks
PigStyles: bets $3
RaisemyNut$: raises $3 to $6
PigStyles: raises $3 to $9
RaisemyNut$: calls $3
*** TURN *** [6c 5d Kd] [Th]
RaisemyNut$: checks
PigStyles: checks
*** RIVER *** [6c 5d Kd Th] [6s]
RaisemyNut$: bets $6
PigStyles: folds
Uncalled bet ($6) returned to RaisemyNut$
RaisemyNut$ collected $29.50 from pot
RaisemyNut$: doesn't show hand
*** SUMMARY ***
Total pot $30 | Rake $0.50
Board [6c 5d Kd Th 6s]
Seat 1: RaisemyNut$ (big blind) collected ($29.50)
Seat 2: PigStyles (button) (small blind) folded on the River


PokerStars Hand #148027930639:  Hold'em Limit ($3/$6 USD) - 2016/01/31 19:24:14 ET
Table 'Zanaih II' 2-max Seat #1 is the button
Seat 1: RaisemyNut$ ($341.05 in chips)
Seat 2: PigStyles ($175.38 in chips)
RaisemyNut$: posts small blind $1
PigStyles: posts big blind $3
*** HOLE CARDS ***
RaisemyNut$: folds
Uncalled bet ($2) returned to PigStyles
PigStyles collected $2 from pot
PigStyles: doesn't show hand
*** SUMMARY ***
Total pot $2 | Rake $0
Seat 1: RaisemyNut$ (button) (small blind) folded before Flop
Seat 2: PigStyles (big blind) collected ($2)


PokerStars Hand #148027917151:  Hold'em Limit ($3/$6 USD) - 2016/01/31 19:23:55 ET
Table 'Zanaih II' 2-max Seat #2 is the button
Seat 1: RaisemyNut$ ($356.05 in chips)
Seat 2: PigStyles ($160.88 in chips)
PigStyles: posts small blind $1
RaisemyNut$: posts big blind $3
*** HOLE CARDS ***
PigStyles: raises $3 to $6
RaisemyNut$: calls $3
*** FLOP *** [3d Qd Ks]
RaisemyNut$: checks
PigStyles: bets $3
RaisemyNut$: calls $3
*** TURN *** [3d Qd Ks] [6d]
RaisemyNut$: checks
PigStyles: bets $6
RaisemyNut$: calls $6
*** RIVER *** [3d Qd Ks 6d] [8s]
RaisemyNut$: checks
PigStyles: bets $6
RaisemyNut$: folds
Uncalled bet ($6) returned to PigStyles
PigStyles collected $29.50 from pot
PigStyles: doesn't show hand
*** SUMMARY ***
Total pot $30 | Rake $0.50
Board [3d Qd Ks 6d 8s]
Seat 1: RaisemyNut$ (big blind) folded on the River
Seat 2: PigStyles (button) (small blind) collected ($29.50)


PokerStars Hand #148027904444:  Hold'em Limit ($3/$6 USD) - 2016/01/31 19:23:37 ET
Table 'Zanaih II' 2-max Seat #1 is the button
Seat 1: RaisemyNut$ ($332.55 in chips)
Seat 2: PigStyles ($184.88 in chips)
RaisemyNut$: posts small blind $1
PigStyles: posts big blind $3
*** HOLE CARDS ***
RaisemyNut$: raises $3 to $6
PigStyles: raises $3 to $9
RaisemyNut$: calls $3
*** FLOP *** [4h 2c Kc]
PigStyles: bets $3
RaisemyNut$: calls $3
*** TURN *** [4h 2c Kc] [3s]
PigStyles: bets $6
RaisemyNut$: calls $6
*** RIVER *** [4h 2c Kc 3s] [8d]
PigStyles: bets $6
RaisemyNut$: raises $6 to $12
PigStyles: folds
Uncalled bet ($6) returned to RaisemyNut$
RaisemyNut$ collected $47.50 from pot
RaisemyNut$: doesn't show hand
*** SUMMARY ***
Total pot $48 | Rake $0.50
Board [4h 2c Kc 3s 8d]
Seat 1: RaisemyNut$ (button) (small blind) collected ($47.50)
Seat 2: PigStyles (big blind) folded on the River


PokerStars Hand #148027988043:  Hold'em Limit ($3/$6 USD) - 2016/01/31 19:25:36 ET
Table 'Zanaih II' 2-max Seat #1 is the button
Seat 1: RaisemyNut$ ($390.07 in chips)
Seat 2: PigStyles ($123.88 in chips)
RaisemyNut$: posts small blind $1
PigStyles: posts big blind $3
*** HOLE CARDS ***
RaisemyNut$: folds
Uncalled bet ($2) returned to PigStyles
PigStyles collected $2 from pot
PigStyles: doesn't show hand
*** SUMMARY ***
Total pot $2 | Rake $0
Seat 1: RaisemyNut$ (button) (small blind) folded before Flop
Seat 2: PigStyles (big blind) collected ($2)


PokerStars Hand #148027984561:  Hold'em Limit ($3/$6 USD) - 2016/01/31 19:25:31 ET
Table 'Zanaih II' 2-max Seat #2 is the button
Seat 1: RaisemyNut$ ($393.07 in chips)
Seat 2: PigStyles ($120.88 in chips)
PigStyles: posts small blind $1
RaisemyNut$: posts big blind $3
*** HOLE CARDS ***
PigStyles: raises $3 to $6
RaisemyNut$: folds
Uncalled bet ($3) returned to PigStyles
PigStyles collected $6 from pot
PigStyles: doesn't show hand
*** SUMMARY ***
Total pot $6 | Rake $0
Seat 1: RaisemyNut$ (big blind) folded before Flop
Seat 2: PigStyles (button) (small blind) collected ($6)


PokerStars Hand #148027976509:  Hold'em Limit ($3/$6 USD) - 2016/01/31 19:25:19 ET
Table 'Zanaih II' 2-max Seat #1 is the button
Seat 1: RaisemyNut$ ($375.57 in chips)
Seat 2: PigStyles ($138.88 in chips)
RaisemyNut$: posts small blind $1
PigStyles: posts big blind $3
*** HOLE CARDS ***
RaisemyNut$: raises $3 to $6
PigStyles: raises $3 to $9
RaisemyNut$: calls $3
*** FLOP *** [Ad 3d 4h]
PigStyles: bets $3
RaisemyNut$: calls $3
*** TURN *** [Ad 3d 4h] [6c]
PigStyles: bets $6
RaisemyNut$: raises $6 to $12
PigStyles: folds
Uncalled bet ($6) returned to RaisemyNut$
RaisemyNut$ collected $35.50 from pot
RaisemyNut$: doesn't show hand
*** SUMMARY ***
Total pot $36 | Rake $0.50
Board [Ad 3d 4h 6c]
Seat 1: RaisemyNut$ (button) (small blind) collected ($35.50)
Seat 2: PigStyles (big blind) folded on the Turn


PokerStars Hand #148027966955:  Hold'em Limit ($3/$6 USD) - 2016/01/31 19:25:06 ET
Table 'Zanaih II' 2-max Seat #2 is the button
Seat 1: RaisemyNut$ ($390.57 in chips)
Seat 2: PigStyles ($124.38 in chips)
PigStyles: posts small blind $1
RaisemyNut$: posts big blind $3
*** HOLE CARDS ***
PigStyles: raises $3 to $6
RaisemyNut$: calls $3
*** FLOP *** [Jc Jd 3h]
RaisemyNut$: checks
PigStyles: bets $3
RaisemyNut$: calls $3
*** TURN *** [Jc Jd 3h] [9s]
RaisemyNut$: checks
PigStyles: bets $6
RaisemyNut$: calls $6
*** RIVER *** [Jc Jd 3h 9s] [Th]
RaisemyNut$: checks
PigStyles: checks
*** SHOW DOWN ***
RaisemyNut$: shows [2d Ac] (a pair of Jacks)
PigStyles: shows [7d 7c] (two pair, Jacks and Sevens)
PigStyles collected $29.50 from pot
*** SUMMARY ***
Total pot $30 | Rake $0.50
Board [Jc Jd 3h 9s Th]
Seat 1: RaisemyNut$ (big blind) showed [2d Ac] and lost with a pair of Jacks
Seat 2: PigStyles (button) (small blind) showed [7d 7c] and won ($29.50) with two pair, Jacks and Sevens


PokerStars Hand #148027957854:  Hold'em Limit ($3/$6 USD) - 2016/01/31 19:24:53 ET
Table 'Zanaih II' 2-max Seat #1 is the button
Seat 1: RaisemyNut$ ($379.05 in chips)
Seat 2: PigStyles ($136.38 in chips)
RaisemyNut$: posts small blind $1
PigStyles: posts big blind $3
*** HOLE CARDS ***
RaisemyNut$: raises $3 to $6
PigStyles: raises $3 to $9
RaisemyNut$: calls $3
*** FLOP *** [8c 6c Jd]
PigStyles: bets $3
RaisemyNut$: calls $3
*** TURN *** [8c 6c Jd] [Kd]
PigStyles: checks
RaisemyNut$: checks
*** RIVER *** [8c 6c Jd Kd] [Ah]
PigStyles: checks
RaisemyNut$: checks
*** SHOW DOWN ***
PigStyles: shows [Qd 4s] (high card Ace)
RaisemyNut$: shows [6h 4c] (a pair of Sixes)
RaisemyNut$ collected $23.52 from pot
*** SUMMARY ***
Total pot $24 | Rake $0.48
Board [8c 6c Jd Kd Ah]
Seat 1: RaisemyNut$ (button) (small blind) showed [6h 4c] and won ($23.52) with a pair of Sixes
Seat 2: PigStyles (big blind) showed [Qd 4s] and lost with high card Ace


PokerStars Hand #148027953902:  Hold'em Limit ($3/$6 USD) - 2016/01/31 19:24:47 ET
Table 'Zanaih II' 2-max Seat #2 is the button
Seat 1: RaisemyNut$ ($378.05 in chips)
Seat 2: PigStyles ($137.38 in chips)
PigStyles: posts small blind $1
RaisemyNut$: posts big blind $3
*** HOLE CARDS ***
PigStyles: folds
Uncalled bet ($2) returned to RaisemyNut$
RaisemyNut$ collected $2 from pot
RaisemyNut$: doesn't show hand
*** SUMMARY ***
Total pot $2 | Rake $0
Seat 1: RaisemyNut$ (big blind) collected ($2)
Seat 2: PigStyles (button) (small blind) folded before Flop


PokerStars Hand #148028022744:  Hold'em Limit ($3/$6 USD) - 2016/01/31 19:26:25 ET
Table 'Zanaih II' 2-max Seat #1 is the button
Seat 1: RaisemyNut$ ($406.07 in chips)
Seat 2: PigStyles ($106.38 in chips)
RaisemyNut$: posts small blind $1
PigStyles: posts big blind $3
*** HOLE CARDS ***
RaisemyNut$: raises $3 to $6
PigStyles: raises $3 to $9
RaisemyNut$: calls $3
*** FLOP *** [Ah 2s 7d]
PigStyles: bets $3
RaisemyNut$: calls $3
*** TURN *** [Ah 2s 7d] [2d]
PigStyles: checks
RaisemyNut$: checks
*** RIVER *** [Ah 2s 7d 2d] [8c]
PigStyles: checks
RaisemyNut$: bets $6
PigStyles: folds
Uncalled bet ($6) returned to RaisemyNut$
RaisemyNut$ collected $23.52 from pot
RaisemyNut$: doesn't show hand
*** SUMMARY ***
Total pot $24 | Rake $0.48
Board [Ah 2s 7d 2d 8c]
Seat 1: RaisemyNut$ (button) (small blind) collected ($23.52)
Seat 2: PigStyles (big blind) folded on the River


PokerStars Hand #148028011796:  Hold'em Limit ($3/$6 USD) - 2016/01/31 19:26:10 ET
Table 'Zanaih II' 2-max Seat #2 is the button
Seat 1: RaisemyNut$ ($385.57 in chips)
Seat 2: PigStyles ($127.38 in chips)
PigStyles: posts small blind $1
RaisemyNut$: posts big blind $3
*** HOLE CARDS ***
PigStyles: raises $3 to $6
RaisemyNut$: raises $3 to $9
PigStyles: calls $3
*** FLOP *** [Qh 9c 5d]
RaisemyNut$: bets $3
PigStyles: raises $3 to $6
RaisemyNut$: calls $3
*** TURN *** [Qh 9c 5d] [Ac]
RaisemyNut$: checks
PigStyles: bets $6
RaisemyNut$: calls $6
*** RIVER *** [Qh 9c 5d Ac] [Td]
RaisemyNut$: checks
PigStyles: checks
*** SHOW DOWN ***
RaisemyNut$: shows [Js Kh] (a straight, Ten to Ace)
PigStyles: mucks hand
RaisemyNut$ collected $41.50 from pot
*** SUMMARY ***
Total pot $42 | Rake $0.50
Board [Qh 9c 5d Ac Td]
Seat 1: RaisemyNut$ (big blind) showed [Js Kh] and won ($41.50) with a straight, Ten to Ace
Seat 2: PigStyles (button) (small blind) mucked


PokerStars Hand #148028000839:  Hold'em Limit ($3/$6 USD) - 2016/01/31 19:25:54 ET
Table 'Zanaih II' 2-max Seat #1 is the button
Seat 1: RaisemyNut$ ($406.57 in chips)
Seat 2: PigStyles ($106.88 in chips)
RaisemyNut$: posts small blind $1
PigStyles: posts big blind $3
*** HOLE CARDS ***
RaisemyNut$: raises $3 to $6
PigStyles: raises $3 to $9
RaisemyNut$: raises $3 to $12
Betting is capped
PigStyles: calls $3
*** FLOP *** [6c 4s 2s]
PigStyles: checks
RaisemyNut$: bets $3
PigStyles: calls $3
*** TURN *** [6c 4s 2s] [As]
PigStyles: checks
RaisemyNut$: bets $6
PigStyles: calls $6
*** RIVER *** [6c 4s 2s As] [8s]
PigStyles: checks
RaisemyNut$: checks
*** SHOW DOWN ***
PigStyles: shows [5h Ks] (a flush, Ace high)
RaisemyNut$: mucks hand
PigStyles collected $41.50 from pot
*** SUMMARY ***
Total pot $42 | Rake $0.50
Board [6c 4s 2s As 8s]
Seat 1: RaisemyNut$ (button) (small blind) mucked
Seat 2: PigStyles (big blind) showed [5h Ks] and won ($41.50) with a flush, Ace high


PokerStars Hand #148027991185:  Hold'em Limit ($3/$6 USD) - 2016/01/31 19:25:40 ET
Table 'Zanaih II' 2-max Seat #2 is the button
Seat 1: RaisemyNut$ ($389.07 in chips)
Seat 2: PigStyles ($124.88 in chips)
PigStyles: posts small blind $1
RaisemyNut$: posts big blind $3
*** HOLE CARDS ***
PigStyles: raises $3 to $6
RaisemyNut$: raises $3 to $9
PigStyles: calls $3
*** FLOP *** [Th 8c Qd]
RaisemyNut$: bets $3
PigStyles: calls $3
*** TURN *** [Th 8c Qd] [Kc]
RaisemyNut$: bets $6
PigStyles: calls $6
*** RIVER *** [Th 8c Qd Kc] [3d]
RaisemyNut$: bets $6
PigStyles: folds
Uncalled bet ($6) returned to RaisemyNut$
RaisemyNut$ collected $35.50 from pot
RaisemyNut$: doesn't show hand
*** SUMMARY ***
Total pot $36 | Rake $0.50
Board [Th 8c Qd Kc 3d]
Seat 1: RaisemyNut$ (big blind) collected ($35.50)
Seat 2: PigStyles (button) (small blind) folded on the River


PokerStars Hand #148028072632:  Hold'em Limit ($3/$6 USD) - 2016/01/31 19:27:36 ET
Table 'Zanaih II' 2-max Seat #2 is the button
Seat 1: RaisemyNut$ ($476.13 in chips)
Seat 2: PigStyles ($34.14 in chips)
PigStyles: posts small blind $1
RaisemyNut$: posts big blind $3
*** HOLE CARDS ***
PigStyles: raises $3 to $6
RaisemyNut$: calls $3
*** FLOP *** [Ts Qs 6s]
RaisemyNut$: checks
PigStyles: checks
*** TURN *** [Ts Qs 6s] [Jh]
RaisemyNut$: bets $6
PigStyles: calls $6
*** RIVER *** [Ts Qs 6s Jh] [Td]
RaisemyNut$: checks
PigStyles: bets $6
RaisemyNut$: folds
Uncalled bet ($6) returned to PigStyles
PigStyles collected $23.52 from pot
PigStyles: doesn't show hand
*** SUMMARY ***
Total pot $24 | Rake $0.48
Board [Ts Qs 6s Jh Td]
Seat 1: RaisemyNut$ (big blind) folded on the River
Seat 2: PigStyles (button) (small blind) collected ($23.52)


PokerStars Hand #148028060077:  Hold'em Limit ($3/$6 USD) - 2016/01/31 19:27:18 ET
Table 'Zanaih II' 2-max Seat #1 is the button
Seat 1: RaisemyNut$ ($434.63 in chips)
Seat 2: PigStyles ($76.14 in chips)
RaisemyNut$: posts small blind $1
PigStyles: posts big blind $3
*** HOLE CARDS ***
RaisemyNut$: raises $3 to $6
PigStyles: raises $3 to $9
RaisemyNut$: calls $3
*** FLOP *** [2h Ac 3d]
PigStyles: bets $3
RaisemyNut$: calls $3
*** TURN *** [2h Ac 3d] [9h]
PigStyles: bets $6
RaisemyNut$: raises $6 to $12
PigStyles: raises $6 to $18
RaisemyNut$: raises $6 to $24
Betting is capped
PigStyles: calls $6
*** RIVER *** [2h Ac 3d 9h] [Kh]
PigStyles: checks
RaisemyNut$: bets $6
PigStyles: calls $6
*** SHOW DOWN ***
RaisemyNut$: shows [4d 5d] (a straight, Ace to Five)
PigStyles: mucks hand
RaisemyNut$ collected $83.50 from pot
*** SUMMARY ***
Total pot $84 | Rake $0.50
Board [2h Ac 3d 9h Kh]
Seat 1: RaisemyNut$ (button) (small blind) showed [4d 5d] and won ($83.50) with a straight, Ace to Five
Seat 2: PigStyles (big blind) mucked


PokerStars Hand #148028054362:  Hold'em Limit ($3/$6 USD) - 2016/01/31 19:27:10 ET
Table 'Zanaih II' 2-max Seat #2 is the button
Seat 1: RaisemyNut$ ($440.63 in chips)
Seat 2: PigStyles ($70.38 in chips)
PigStyles: posts small blind $1
RaisemyNut$: posts big blind $3
*** HOLE CARDS ***
PigStyles: raises $3 to $6
RaisemyNut$: calls $3
*** FLOP *** [8c Ad Th]
RaisemyNut$: checks
PigStyles: bets $3
RaisemyNut$: folds
Uncalled bet ($3) returned to PigStyles
PigStyles collected $11.76 from pot
PigStyles: doesn't show hand
*** SUMMARY ***
Total pot $12 | Rake $0.24
Board [8c Ad Th]
Seat 1: RaisemyNut$ (big blind) folded on the Flop
Seat 2: PigStyles (button) (small blind) collected ($11.76)


PokerStars Hand #148028046263:  Hold'em Limit ($3/$6 USD) - 2016/01/31 19:26:59 ET
Table 'Zanaih II' 2-max Seat #1 is the button
Seat 1: RaisemyNut$ ($429.11 in chips)
Seat 2: PigStyles ($82.38 in chips)
RaisemyNut$: posts small blind $1
PigStyles: posts big blind $3
*** HOLE CARDS ***
PigStyles said, "got any poer"
RaisemyNut$: raises $3 to $6
PigStyles: raises $3 to $9
RaisemyNut$: calls $3
*** FLOP *** [Qc 4d 8h]
PigStyles: bets $3
RaisemyNut$: calls $3
*** TURN *** [Qc 4d 8h] [9s]
PigStyles: checks
RaisemyNut$: bets $6
PigStyles: folds
Uncalled bet ($6) returned to RaisemyNut$
RaisemyNut$ collected $23.52 from pot
RaisemyNut$: doesn't show hand
*** SUMMARY ***
Total pot $24 | Rake $0.48
Board [Qc 4d 8h 9s]
Seat 1: RaisemyNut$ (button) (small blind) collected ($23.52)
Seat 2: PigStyles (big blind) folded on the Turn


PokerStars Hand #148028033738:  Hold'em Limit ($3/$6 USD) - 2016/01/31 19:26:41 ET
Table 'Zanaih II' 2-max Seat #2 is the button
Seat 1: RaisemyNut$ ($417.59 in chips)
Seat 2: PigStyles ($94.38 in chips)
PigStyles: posts small blind $1
RaisemyNut$: posts big blind $3
*** HOLE CARDS ***
PigStyles: raises $3 to $6
RaisemyNut$: calls $3
*** FLOP *** [9h 3h 2h]
PigStyles said, "you only seem.ablr.to suck out"
RaisemyNut$: checks
PigStyles: checks
*** TURN *** [9h 3h 2h] [Ah]
RaisemyNut$: checks
PigStyles: bets $6
RaisemyNut$: raises $6 to $12
PigStyles: folds
Uncalled bet ($6) returned to RaisemyNut$
RaisemyNut$ collected $23.52 from pot
RaisemyNut$: doesn't show hand
*** SUMMARY ***
Total pot $24 | Rake $0.48
Board [9h 3h 2h Ah]
Seat 1: RaisemyNut$ (big blind) collected ($23.52)
Seat 2: PigStyles (button) (small blind) folded on the Turn


PokerStars Hand #148028113989:  Hold'em Limit ($3/$6 USD) - 2016/01/31 19:28:35 ET
Table 'Zanaih II' 2-max Seat #1 is the button
Seat 1: RaisemyNut$ ($436.65 in chips)
Seat 2: PigStyles ($71.42 in chips)
RaisemyNut$: posts small blind $1
PigStyles: posts big blind $3
*** HOLE CARDS ***
RaisemyNut$: raises $3 to $6
PigStyles: raises $3 to $9
RaisemyNut$: raises $3 to $12
Betting is capped
PigStyles: calls $3
*** FLOP *** [5d 2s Kc]
PigStyles: checks
RaisemyNut$: bets $3
PigStyles: calls $3
*** TURN *** [5d 2s Kc] [9h]
PigStyles: checks
RaisemyNut$: bets $6
PigStyles: calls $6
*** RIVER *** [5d 2s Kc 9h] [Kh]
PigStyles: checks
RaisemyNut$: bets $6
PigStyles: calls $6
*** SHOW DOWN ***
RaisemyNut$: shows [5c 3c] (two pair, Kings and Fives)
PigStyles: mucks hand
RaisemyNut$ collected $53.50 from pot
*** SUMMARY ***
Total pot $54 | Rake $0.50
Board [5d 2s Kc 9h Kh]
Seat 1: RaisemyNut$ (button) (small blind) showed [5c 3c] and won ($53.50) with two pair, Kings and Fives
Seat 2: PigStyles (big blind) mucked


PokerStars Hand #148028104249:  Hold'em Limit ($3/$6 USD) - 2016/01/31 19:28:21 ET
Table 'Zanaih II' 2-max Seat #2 is the button
Seat 1: RaisemyNut$ ($451.65 in chips)
Seat 2: PigStyles ($56.92 in chips)
PigStyles: posts small blind $1
RaisemyNut$: posts big blind $3
*** HOLE CARDS ***
PigStyles: raises $3 to $6
RaisemyNut$: calls $3
*** FLOP *** [Td Kc Qs]
RaisemyNut$: checks
PigStyles: bets $3
RaisemyNut$: calls $3
*** TURN *** [Td Kc Qs] [Qd]
RaisemyNut$: checks
PigStyles: bets $6
RaisemyNut$: calls $6
*** RIVER *** [Td Kc Qs Qd] [5h]
RaisemyNut$: checks
PigStyles: checks
*** SHOW DOWN ***
RaisemyNut$: shows [Ac 8d] (a pair of Queens)
PigStyles: shows [Tc 2s] (two pair, Queens and Tens)
PigStyles collected $29.50 from pot
*** SUMMARY ***
Total pot $30 | Rake $0.50
Board [Td Kc Qs Qd 5h]
Seat 1: RaisemyNut$ (big blind) showed [Ac 8d] and lost with a pair of Queens
Seat 2: PigStyles (button) (small blind) showed [Tc 2s] and won ($29.50) with two pair, Queens and Tens


PokerStars Hand #148028096050:  Hold'em Limit ($3/$6 USD) - 2016/01/31 19:28:10 ET
Table 'Zanaih II' 2-max Seat #1 is the button
Seat 1: RaisemyNut$ ($440.13 in chips)
Seat 2: PigStyles ($68.92 in chips)
RaisemyNut$: posts small blind $1
PigStyles: posts big blind $3
*** HOLE CARDS ***
RaisemyNut$: raises $3 to $6
PigStyles: raises $3 to $9
RaisemyNut$: calls $3
*** FLOP *** [Ks Ad 5s]
PigStyles: bets $3
RaisemyNut$: calls $3
*** TURN *** [Ks Ad 5s] [9c]
PigStyles: checks
RaisemyNut$: bets $6
PigStyles: folds
Uncalled bet ($6) returned to RaisemyNut$
RaisemyNut$ collected $23.52 from pot
RaisemyNut$: doesn't show hand
*** SUMMARY ***
Total pot $24 | Rake $0.48
Board [Ks Ad 5s 9c]
Seat 1: RaisemyNut$ (button) (small blind) collected ($23.52)
Seat 2: PigStyles (big blind) folded on the Turn


PokerStars Hand #148028090739:  Hold'em Limit ($3/$6 USD) - 2016/01/31 19:28:02 ET
Table 'Zanaih II' 2-max Seat #2 is the button
Seat 1: RaisemyNut$ ($446.13 in chips)
Seat 2: PigStyles ($63.16 in chips)
PigStyles: posts small blind $1
RaisemyNut$: posts big blind $3
*** HOLE CARDS ***
PigStyles: raises $3 to $6
RaisemyNut$: calls $3
*** FLOP *** [Qs Jh Th]
RaisemyNut$: checks
PigStyles: bets $3
RaisemyNut$: folds
Uncalled bet ($3) returned to PigStyles
PigStyles collected $11.76 from pot
PigStyles: doesn't show hand
*** SUMMARY ***
Total pot $12 | Rake $0.24
Board [Qs Jh Th]
Seat 1: RaisemyNut$ (big blind) folded on the Flop
Seat 2: PigStyles (button) (small blind) collected ($11.76)


PokerStars Hand #148028081107:  Hold'em Limit ($3/$6 USD) - 2016/01/31 19:27:48 ET
Table 'Zanaih II' 2-max Seat #1 is the button
Seat 1: RaisemyNut$ ($464.13 in chips)
Seat 2: PigStyles ($45.66 in chips)
RaisemyNut$: posts small blind $1
PigStyles: posts big blind $3
*** HOLE CARDS ***
RaisemyNut$: raises $3 to $6
PigStyles: raises $3 to $9
RaisemyNut$: calls $3
*** FLOP *** [8s 5s Jd]
PigStyles: bets $3
RaisemyNut$: calls $3
*** TURN *** [8s 5s Jd] [3h]
PigStyles: checks
RaisemyNut$: bets $6
PigStyles: raises $6 to $12
RaisemyNut$: folds
Uncalled bet ($6) returned to PigStyles
PigStyles collected $35.50 from pot
PigStyles: doesn't show hand
*** SUMMARY ***
Total pot $36 | Rake $0.50
Board [8s 5s Jd 3h]
Seat 1: RaisemyNut$ (button) (small blind) folded on the Turn
Seat 2: PigStyles (big blind) collected ($35.50)


PokerStars Hand #148028156064:  Hold'em Limit ($3/$6 USD) - 2016/01/31 19:29:36 ET
Table 'Zanaih II' 2-max Seat #1 is the button
Seat 1: RaisemyNut$ ($464.55 in chips)
Seat 2: PigStyles ($42.06 in chips)
RaisemyNut$: posts small blind $1
PigStyles: posts big blind $3
*** HOLE CARDS ***
RaisemyNut$: raises $3 to $6
PigStyles: folds
Uncalled bet ($3) returned to RaisemyNut$
RaisemyNut$ collected $6 from pot
RaisemyNut$: doesn't show hand
*** SUMMARY ***
Total pot $6 | Rake $0
Seat 1: RaisemyNut$ (button) (small blind) collected ($6)
Seat 2: PigStyles (big blind) folded before Flop


PokerStars Hand #148028149637:  Hold'em Limit ($3/$6 USD) - 2016/01/31 19:29:26 ET
Table 'Zanaih II' 2-max Seat #2 is the button
Seat 1: RaisemyNut$ ($458.79 in chips)
Seat 2: PigStyles ($48.06 in chips)
PigStyles: posts small blind $1
RaisemyNut$: posts big blind $3
*** HOLE CARDS ***
PigStyles: raises $3 to $6
RaisemyNut$: calls $3
*** FLOP *** [5d 3d Ac]
RaisemyNut$: checks
PigStyles: checks
*** TURN *** [5d 3d Ac] [Kd]
RaisemyNut$: bets $6
PigStyles: folds
Uncalled bet ($6) returned to RaisemyNut$
RaisemyNut$ collected $11.76 from pot
RaisemyNut$: doesn't show hand
*** SUMMARY ***
Total pot $12 | Rake $0.24
Board [5d 3d Ac Kd]
Seat 1: RaisemyNut$ (big blind) collected ($11.76)
Seat 2: PigStyles (button) (small blind) folded on the Turn


PokerStars Hand #148028139858:  Hold'em Limit ($3/$6 USD) - 2016/01/31 19:29:12 ET
Table 'Zanaih II' 2-max Seat #1 is the button
Seat 1: RaisemyNut$ ($467.79 in chips)
Seat 2: PigStyles ($39.42 in chips)
RaisemyNut$: posts small blind $1
PigStyles: posts big blind $3
*** HOLE CARDS ***
RaisemyNut$: raises $3 to $6
PigStyles: raises $3 to $9
RaisemyNut$: calls $3
*** FLOP *** [Ac 8h Kd]
PigStyles: bets $3
RaisemyNut$: folds
Uncalled bet ($3) returned to PigStyles
PigStyles collected $17.64 from pot
PigStyles: doesn't show hand
*** SUMMARY ***
Total pot $18 | Rake $0.36
Board [Ac 8h Kd]
Seat 1: RaisemyNut$ (button) (small blind) folded on the Flop
Seat 2: PigStyles (big blind) collected ($17.64)


PokerStars Hand #148028136132:  Hold'em Limit ($3/$6 USD) - 2016/01/31 19:29:07 ET
Table 'Zanaih II' 2-max Seat #2 is the button
Seat 1: RaisemyNut$ ($470.79 in chips)
Seat 2: PigStyles ($36.42 in chips)
PigStyles: posts small blind $1
RaisemyNut$: posts big blind $3
*** HOLE CARDS ***
PigStyles: raises $3 to $6
RaisemyNut$: folds
Uncalled bet ($3) returned to PigStyles
PigStyles collected $6 from pot
PigStyles: doesn't show hand
*** SUMMARY ***
Total pot $6 | Rake $0
Seat 1: RaisemyNut$ (big blind) folded before Flop
Seat 2: PigStyles (button) (small blind) collected ($6)


PokerStars Hand #148028133120:  Hold'em Limit ($3/$6 USD) - 2016/01/31 19:29:03 ET
Table 'Zanaih II' 2-max Seat #1 is the button
Seat 1: RaisemyNut$ ($471.79 in chips)
Seat 2: PigStyles ($35.42 in chips)
RaisemyNut$: posts small blind $1
PigStyles: posts big blind $3
*** HOLE CARDS ***
RaisemyNut$: folds
Uncalled bet ($2) returned to PigStyles
PigStyles collected $2 from pot
PigStyles: doesn't show hand
*** SUMMARY ***
Total pot $2 | Rake $0
Seat 1: RaisemyNut$ (button) (small blind) folded before Flop
Seat 2: PigStyles (big blind) collected ($2)


PokerStars Hand #148028124737:  Hold'em Limit ($3/$6 USD) - 2016/01/31 19:28:51 ET
Table 'Zanaih II' 2-max Seat #2 is the button
Seat 1: RaisemyNut$ ($463.15 in chips)
Seat 2: PigStyles ($44.42 in chips)
PigStyles: posts small blind $1
RaisemyNut$: posts big blind $3
*** HOLE CARDS ***
PigStyles: raises $3 to $6
RaisemyNut$: calls $3
*** FLOP *** [8d Qd 4c]
RaisemyNut$: checks
PigStyles: bets $3
RaisemyNut$: calls $3
*** TURN *** [8d Qd 4c] [Jd]
RaisemyNut$: checks
PigStyles: checks
*** RIVER *** [8d Qd 4c Jd] [9c]
RaisemyNut$: bets $6
PigStyles: folds
Uncalled bet ($6) returned to RaisemyNut$
RaisemyNut$ collected $17.64 from pot
RaisemyNut$: doesn't show hand
*** SUMMARY ***
Total pot $18 | Rake $0.36
Board [8d Qd 4c Jd 9c]
Seat 1: RaisemyNut$ (big blind) collected ($17.64)
Seat 2: PigStyles (button) (small blind) folded on the River


PokerStars Hand #148028197415:  Hold'em Limit ($3/$6 USD) - 2016/01/31 19:30:35 ET
Table 'Zanaih II' 2-max Seat #1 is the button
Seat 1: RaisemyNut$ ($480.63 in chips)
Seat 2: PigStyles ($24.62 in chips)
RaisemyNut$: posts small blind $1
PigStyles: posts big blind $3
*** HOLE CARDS ***
RaisemyNut$: raises $3 to $6
PigStyles: calls $3
*** FLOP *** [7c Ac 2h]
PigStyles: checks
RaisemyNut$: checks
*** TURN *** [7c Ac 2h] [3s]
PigStyles: bets $6
RaisemyNut$: raises $6 to $12
PigStyles: raises $6 to $18
RaisemyNut$: raises $6 to $24
Betting is capped
PigStyles: calls $0.62 and is all-in
Uncalled bet ($5.38) returned to RaisemyNut$
*** RIVER *** [7c Ac 2h 3s] [4h]
*** SHOW DOWN ***
PigStyles: shows [4c 6c] (a pair of Fours)
RaisemyNut$: shows [Ah 9s] (a pair of Aces)
RaisemyNut$ collected $48.74 from pot
*** SUMMARY ***
Total pot $49.24 | Rake $0.50
Board [7c Ac 2h 3s 4h]
Seat 1: RaisemyNut$ (button) (small blind) showed [Ah 9s] and won ($48.74) with a pair of Aces
Seat 2: PigStyles (big blind) showed [4c 6c] and lost with a pair of Fours


PokerStars Hand #148028194371:  Hold'em Limit ($3/$6 USD) - 2016/01/31 19:30:30 ET
Table 'Zanaih II' 2-max Seat #2 is the button
Seat 1: RaisemyNut$ ($479.63 in chips)
Seat 2: PigStyles ($25.62 in chips)
PigStyles: posts small blind $1
RaisemyNut$: posts big blind $3
*** HOLE CARDS ***
PigStyles: folds
Uncalled bet ($2) returned to RaisemyNut$
RaisemyNut$ collected $2 from pot
RaisemyNut$: doesn't show hand
*** SUMMARY ***
Total pot $2 | Rake $0
Seat 1: RaisemyNut$ (big blind) collected ($2)
Seat 2: PigStyles (button) (small blind) folded before Flop


PokerStars Hand #148028185576:  Hold'em Limit ($3/$6 USD) - 2016/01/31 19:30:18 ET
Table 'Zanaih II' 2-max Seat #1 is the button
Seat 1: RaisemyNut$ ($492.69 in chips)
Seat 2: PigStyles ($13.06 in chips)
RaisemyNut$: posts small blind $1
PigStyles: posts big blind $3
*** HOLE CARDS ***
RaisemyNut$: raises $3 to $6
PigStyles: calls $3
*** FLOP *** [4h 5h 3h]
PigStyles: bets $3
RaisemyNut$: calls $3
*** TURN *** [4h 5h 3h] [9d]
PigStyles: bets $4.06 and is all-in
RaisemyNut$: calls $4.06
*** RIVER *** [4h 5h 3h 9d] [Jd]
*** SHOW DOWN ***
PigStyles: shows [5s 8h] (a pair of Fives)
RaisemyNut$: shows [6h 8s] (high card Jack)
PigStyles collected $25.62 from pot
*** SUMMARY ***
Total pot $26.12 | Rake $0.50
Board [4h 5h 3h 9d Jd]
Seat 1: RaisemyNut$ (button) (small blind) showed [6h 8s] and lost with high card Jack
Seat 2: PigStyles (big blind) showed [5s 8h] and won ($25.62) with a pair of Fives


PokerStars Hand #148028182769:  Hold'em Limit ($3/$6 USD) - 2016/01/31 19:30:14 ET
Table 'Zanaih II' 2-max Seat #2 is the button
Seat 1: RaisemyNut$ ($495.69 in chips)
Seat 2: PigStyles ($10.06 in chips)
PigStyles: posts small blind $1
RaisemyNut$: posts big blind $3
*** HOLE CARDS ***
PigStyles: raises $3 to $6
RaisemyNut$: folds
Uncalled bet ($3) returned to PigStyles
PigStyles collected $6 from pot
PigStyles: doesn't show hand
*** SUMMARY ***
Total pot $6 | Rake $0
Seat 1: RaisemyNut$ (big blind) folded before Flop
Seat 2: PigStyles (button) (small blind) collected ($6)


PokerStars Hand #148028179865:  Hold'em Limit ($3/$6 USD) - 2016/01/31 19:30:10 ET
Table 'Zanaih II' 2-max Seat #1 is the button
Seat 1: RaisemyNut$ ($496.69 in chips)
Seat 2: PigStyles ($9.06 in chips)
RaisemyNut$: posts small blind $1
PigStyles: posts big blind $3
*** HOLE CARDS ***
RaisemyNut$: folds
Uncalled bet ($2) returned to PigStyles
PigStyles collected $2 from pot
PigStyles: doesn't show hand
*** SUMMARY ***
Total pot $2 | Rake $0
Seat 1: RaisemyNut$ (button) (small blind) folded before Flop
Seat 2: PigStyles (big blind) collected ($2)


PokerStars Hand #148028176687:  Hold'em Limit ($3/$6 USD) - 2016/01/31 19:30:05 ET
Table 'Zanaih II' 2-max Seat #2 is the button
Seat 1: RaisemyNut$ ($499.69 in chips)
Seat 2: PigStyles ($6.06 in chips)
PigStyles: posts small blind $1
RaisemyNut$: posts big blind $3
*** HOLE CARDS ***
PigStyles: raises $3 to $6
RaisemyNut$: folds
Uncalled bet ($3) returned to PigStyles
PigStyles collected $6 from pot
PigStyles: doesn't show hand
*** SUMMARY ***
Total pot $6 | Rake $0
Seat 1: RaisemyNut$ (big blind) folded before Flop
Seat 2: PigStyles (button) (small blind) collected ($6)


PokerStars Hand #148028167855:  Hold'em Limit ($3/$6 USD) - 2016/01/31 19:29:53 ET
Table 'Zanaih II' 2-max Seat #1 is the button
Seat 1: RaisemyNut$ ($476.19 in chips)
Seat 2: PigStyles ($30.06 in chips)
RaisemyNut$: posts small blind $1
PigStyles: posts big blind $3
*** HOLE CARDS ***
RaisemyNut$: raises $3 to $6
PigStyles: raises $3 to $9
RaisemyNut$: calls $3
*** FLOP *** [Qc 2s Qs]
PigStyles: bets $3
RaisemyNut$: calls $3
*** TURN *** [Qc 2s Qs] [5d]
PigStyles: bets $6
RaisemyNut$: raises $6 to $12
PigStyles: calls $6
*** RIVER *** [Qc 2s Qs 5d] [9d]
PigStyles: checks
RaisemyNut$: bets $6
PigStyles: folds
Uncalled bet ($6) returned to RaisemyNut$
RaisemyNut$ collected $47.50 from pot
RaisemyNut$: doesn't show hand
*** SUMMARY ***
Total pot $48 | Rake $0.50
Board [Qc 2s Qs 5d 9d]
Seat 1: RaisemyNut$ (button) (small blind) collected ($47.50)
Seat 2: PigStyles (big blind) folded on the River


PokerStars Hand #148028159410:  Hold'em Limit ($3/$6 USD) - 2016/01/31 19:29:40 ET
Table 'Zanaih II' 2-max Seat #2 is the button
Seat 1: RaisemyNut$ ($467.55 in chips)
Seat 2: PigStyles ($39.06 in chips)
PigStyles: posts small blind $1
RaisemyNut$: posts big blind $3
*** HOLE CARDS ***
PigStyles: raises $3 to $6
RaisemyNut$: calls $3
*** FLOP *** [7h 9c 8c]
RaisemyNut$: checks
PigStyles: bets $3
RaisemyNut$: calls $3
*** TURN *** [7h 9c 8c] [Kh]
RaisemyNut$: checks
PigStyles: checks
*** RIVER *** [7h 9c 8c Kh] [3c]
RaisemyNut$: checks
PigStyles: checks
*** SHOW DOWN ***
RaisemyNut$: shows [Js Ah] (high card Ace)
PigStyles: mucks hand
RaisemyNut$ collected $17.64 from pot
*** SUMMARY ***
Total pot $18 | Rake $0.36
Board [7h 9c 8c Kh 3c]
Seat 1: RaisemyNut$ (big blind) showed [Js Ah] and won ($17.64) with high card Ace
Seat 2: PigStyles (button) (small blind) mucked


