PokerStars Hand #148024639738:  Hold'em Limit ($3/$6 USD) - 2016/01/31 18:16:05 ET
Table 'Zanaih II' 2-max Seat #2 is the button
Seat 1: RaisemyNut$ ($107.50 in chips)
Seat 2: PigStyles ($131.26 in chips)
PigStyles: posts small blind $1
RaisemyNut$: posts big blind $3
*** HOLE CARDS ***
PigStyles: raises $3 to $6
RaisemyNut$: calls $3
*** FLOP *** [5c 9s 3c]
RaisemyNut$: checks
PigStyles: bets $3
RaisemyNut$: calls $3
*** TURN *** [5c 9s 3c] [6d]
RaisemyNut$: checks
PigStyles: checks
*** RIVER *** [5c 9s 3c 6d] [7d]
RaisemyNut$: bets $6
PigStyles: folds
Uncalled bet ($6) returned to RaisemyNut$
RaisemyNut$ collected $17.64 from pot
RaisemyNut$: doesn't show hand
*** SUMMARY ***
Total pot $18 | Rake $0.36
Board [5c 9s 3c 6d 7d]
Seat 1: RaisemyNut$ (big blind) collected ($17.64)
Seat 2: PigStyles (button) (small blind) folded on the River


PokerStars Hand #148024620271:  Hold'em Limit ($3/$6 USD) - 2016/01/31 18:15:44 ET
Table 'Zanaih II' 2-max Seat #1 is the button
Seat 1: RaisemyNut$ ($137.50 in chips)
Seat 2: PigStyles ($101.76 in chips)
RaisemyNut$: posts small blind $1
PigStyles: posts big blind $3
*** HOLE CARDS ***
RaisemyNut$: raises $3 to $6
PigStyles: raises $3 to $9
RaisemyNut$: calls $3
*** FLOP *** [6d Qs 5c]
PigStyles: bets $3
RaisemyNut$: calls $3
*** TURN *** [6d Qs 5c] [7c]
PigStyles: checks
RaisemyNut$: bets $6
PigStyles: raises $6 to $12
RaisemyNut$: calls $6
*** RIVER *** [6d Qs 5c 7c] [Td]
PigStyles: bets $6
RaisemyNut$: calls $6
*** SHOW DOWN ***
PigStyles: shows [6c 7d] (two pair, Sevens and Sixes)
RaisemyNut$: mucks hand
PigStyles collected $59.50 from pot
*** SUMMARY ***
Total pot $60 | Rake $0.50
Board [6d Qs 5c 7c Td]
Seat 1: RaisemyNut$ (button) (small blind) mucked
Seat 2: PigStyles (big blind) showed [6c 7d] and won ($59.50) with two pair, Sevens and Sixes


PokerStars Hand #148024693115:  Hold'em Limit ($3/$6 USD) - 2016/01/31 18:17:03 ET
Table 'Zanaih II' 2-max Seat #2 is the button
Seat 1: RaisemyNut$ ($103.64 in chips)
Seat 2: PigStyles ($152.55 in chips)
PigStyles: posts small blind $1
RaisemyNut$: posts big blind $3
*** HOLE CARDS ***
PigStyles: raises $3 to $6
RaisemyNut$: calls $3
*** FLOP *** [8s Qc 7h]
RaisemyNut$: checks
PigStyles: bets $3
RaisemyNut$: calls $3
*** TURN *** [8s Qc 7h] [6s]
RaisemyNut$: checks
PigStyles: checks
*** RIVER *** [8s Qc 7h 6s] [3s]
RaisemyNut$: bets $6
PigStyles: folds
Uncalled bet ($6) returned to RaisemyNut$
RaisemyNut$ collected $17.64 from pot
RaisemyNut$: doesn't show hand
*** SUMMARY ***
Total pot $18 | Rake $0.36
Board [8s Qc 7h 6s 3s]
Seat 1: RaisemyNut$ (big blind) collected ($17.64)
Seat 2: PigStyles (button) (small blind) folded on the River


PokerStars Hand #148024687463:  Hold'em Limit ($3/$6 USD) - 2016/01/31 18:16:57 ET
Table 'Zanaih II' 2-max Seat #1 is the button
Seat 1: RaisemyNut$ ($100.64 in chips)
Seat 2: PigStyles ($155.55 in chips)
RaisemyNut$: posts small blind $1
PigStyles: posts big blind $3
*** HOLE CARDS ***
PigStyles said, "lol"
RaisemyNut$: raises $3 to $6
PigStyles: folds
Uncalled bet ($3) returned to RaisemyNut$
RaisemyNut$ collected $6 from pot
RaisemyNut$: doesn't show hand
*** SUMMARY ***
Total pot $6 | Rake $0
Seat 1: RaisemyNut$ (button) (small blind) collected ($6)
Seat 2: PigStyles (big blind) folded before Flop


PokerStars Hand #148024672691:  Hold'em Limit ($3/$6 USD) - 2016/01/31 18:16:41 ET
Table 'Zanaih II' 2-max Seat #2 is the button
Seat 1: RaisemyNut$ ($83.14 in chips)
Seat 2: PigStyles ($173.55 in chips)
PigStyles: posts small blind $1
RaisemyNut$: posts big blind $3
*** HOLE CARDS ***
PigStyles: raises $3 to $6
RaisemyNut$: raises $3 to $9
PigStyles: calls $3
*** FLOP *** [Tc 9h 2c]
RaisemyNut$: bets $3
PigStyles: calls $3
*** TURN *** [Tc 9h 2c] [Jh]
RaisemyNut$: bets $6
PigStyles: calls $6
*** RIVER *** [Tc 9h 2c Jh] [7s]
RaisemyNut$: checks
PigStyles: checks
*** SHOW DOWN ***
RaisemyNut$: shows [8s 9s] (a straight, Seven to Jack)
PigStyles: mucks hand
RaisemyNut$ collected $35.50 from pot
*** SUMMARY ***
Total pot $36 | Rake $0.50
Board [Tc 9h 2c Jh 7s]
Seat 1: RaisemyNut$ (big blind) showed [8s 9s] and won ($35.50) with a straight, Seven to Jack
Seat 2: PigStyles (button) (small blind) mucked


PokerStars Hand #148024653372:  Hold'em Limit ($3/$6 USD) - 2016/01/31 18:16:20 ET
Table 'Zanaih II' 2-max Seat #1 is the button
Seat 1: RaisemyNut$ ($116.14 in chips)
Seat 2: PigStyles ($122.26 in chips)
RaisemyNut$: posts small blind $1
PigStyles: posts big blind $3
*** HOLE CARDS ***
RaisemyNut$: raises $3 to $6
PigStyles: raises $3 to $9
RaisemyNut$: calls $3
*** FLOP *** [2h Jd 2s]
PigStyles: bets $3
RaisemyNut$: raises $3 to $6
PigStyles: calls $3
*** TURN *** [2h Jd 2s] [Ah]
PigStyles: checks
RaisemyNut$: bets $6
PigStyles: raises $6 to $12
RaisemyNut$: calls $6
*** RIVER *** [2h Jd 2s Ah] [5h]
PigStyles: bets $6
RaisemyNut$: calls $6
*** SHOW DOWN ***
PigStyles: shows [Th 9h] (a flush, Ace high)
RaisemyNut$: mucks hand
PigStyles collected $65.50 from pot
*** SUMMARY ***
Total pot $66 | Rake $0.50
Board [2h Jd 2s Ah 5h]
Seat 1: RaisemyNut$ (button) (small blind) mucked
Seat 2: PigStyles (big blind) showed [Th 9h] and won ($65.50) with a flush, Ace high


PokerStars Hand #148024755667:  Hold'em Limit ($3/$6 USD) - 2016/01/31 18:18:11 ET
Table 'Zanaih II' 2-max Seat #1 is the button
Seat 1: RaisemyNut$ ($60 in chips)
Seat 2: PigStyles ($203.05 in chips)
RaisemyNut$: posts small blind $1
PigStyles: posts big blind $3
*** HOLE CARDS ***
RaisemyNut$: raises $3 to $6
PigStyles: calls $3
*** FLOP *** [5h 4c 6h]
PigStyles: checks
RaisemyNut$: bets $3
PigStyles: calls $3
*** TURN *** [5h 4c 6h] [Ad]
PigStyles: checks
RaisemyNut$: bets $6
PigStyles: folds
Uncalled bet ($6) returned to RaisemyNut$
RaisemyNut$ collected $17.64 from pot
RaisemyNut$: doesn't show hand
*** SUMMARY ***
Total pot $18 | Rake $0.36
Board [5h 4c 6h Ad]
Seat 1: RaisemyNut$ (button) (small blind) collected ($17.64)
Seat 2: PigStyles (big blind) folded on the Turn


PokerStars Hand #148024740312:  Hold'em Limit ($3/$6 USD) - 2016/01/31 18:17:55 ET
Table 'Zanaih II' 2-max Seat #2 is the button
Seat 1: RaisemyNut$ ($66.28 in chips)
Seat 2: PigStyles ($188.55 in chips)
PigStyles: posts small blind $1
RaisemyNut$: posts big blind $3
*** HOLE CARDS ***
PigStyles: raises $3 to $6
RaisemyNut$: raises $3 to $9
PigStyles: raises $3 to $12
Betting is capped
RaisemyNut$: calls $3
*** FLOP *** [Jd 8c 2d]
RaisemyNut$: checks
PigStyles: bets $3
RaisemyNut$: calls $3
*** TURN *** [Jd 8c 2d] [6c]
RaisemyNut$: checks
PigStyles: bets $6
RaisemyNut$: folds
Uncalled bet ($6) returned to PigStyles
PigStyles collected $29.50 from pot
PigStyles: doesn't show hand
*** SUMMARY ***
Total pot $30 | Rake $0.50
Board [Jd 8c 2d 6c]
Seat 1: RaisemyNut$ (big blind) folded on the Turn
Seat 2: PigStyles (button) (small blind) collected ($29.50)


PokerStars Hand #148024736194:  Hold'em Limit ($3/$6 USD) - 2016/01/31 18:17:50 ET
Table 'Zanaih II' 2-max Seat #1 is the button
Seat 1: RaisemyNut$ ($67.28 in chips)
Seat 2: PigStyles ($187.55 in chips)
RaisemyNut$: posts small blind $1
PigStyles: posts big blind $3
*** HOLE CARDS ***
RaisemyNut$: folds
Uncalled bet ($2) returned to PigStyles
PigStyles collected $2 from pot
PigStyles: doesn't show hand
*** SUMMARY ***
Total pot $2 | Rake $0
Seat 1: RaisemyNut$ (button) (small blind) folded before Flop
Seat 2: PigStyles (big blind) collected ($2)


PokerStars Hand #148024720196:  Hold'em Limit ($3/$6 USD) - 2016/01/31 18:17:33 ET
Table 'Zanaih II' 2-max Seat #2 is the button
Seat 1: RaisemyNut$ ($97.28 in chips)
Seat 2: PigStyles ($158.05 in chips)
PigStyles: posts small blind $1
RaisemyNut$: posts big blind $3
*** HOLE CARDS ***
PigStyles: raises $3 to $6
RaisemyNut$: calls $3
*** FLOP *** [As 7c 4h]
RaisemyNut$: checks
PigStyles: bets $3
RaisemyNut$: raises $3 to $6
PigStyles: calls $3
*** TURN *** [As 7c 4h] [8s]
RaisemyNut$: bets $6
PigStyles: raises $6 to $12
RaisemyNut$: calls $6
*** RIVER *** [As 7c 4h 8s] [Qd]
RaisemyNut$: checks
PigStyles: bets $6
RaisemyNut$: calls $6
*** SHOW DOWN ***
PigStyles: shows [Ad Ks] (a pair of Aces)
RaisemyNut$: mucks hand
PigStyles collected $59.50 from pot
*** SUMMARY ***
Total pot $60 | Rake $0.50
Board [As 7c 4h 8s Qd]
Seat 1: RaisemyNut$ (big blind) mucked
Seat 2: PigStyles (button) (small blind) showed [Ad Ks] and won ($59.50) with a pair of Aces


PokerStars Hand #148024705902:  Hold'em Limit ($3/$6 USD) - 2016/01/31 18:17:17 ET
Table 'Zanaih II' 2-max Seat #1 is the button
Seat 1: RaisemyNut$ ($112.28 in chips)
Seat 2: PigStyles ($143.55 in chips)
RaisemyNut$: posts small blind $1
PigStyles: posts big blind $3
*** HOLE CARDS ***
RaisemyNut$: raises $3 to $6
PigStyles: calls $3
*** FLOP *** [8s 3d Ks]
PigStyles: checks
RaisemyNut$: bets $3
PigStyles: calls $3
*** TURN *** [8s 3d Ks] [Qc]
PigStyles: checks
RaisemyNut$: checks
*** RIVER *** [8s 3d Ks Qc] [5c]
PigStyles: bets $6
RaisemyNut$: calls $6
*** SHOW DOWN ***
PigStyles: shows [Kh 7d] (a pair of Kings)
RaisemyNut$: mucks hand
PigStyles collected $29.50 from pot
*** SUMMARY ***
Total pot $30 | Rake $0.50
Board [8s 3d Ks Qc 5c]
Seat 1: RaisemyNut$ (button) (small blind) mucked
Seat 2: PigStyles (big blind) showed [Kh 7d] and won ($29.50) with a pair of Kings


PokerStars Hand #148024766997:  Hold'em Limit ($3/$6 USD) - 2016/01/31 18:18:24 ET
Table 'Zanaih II' 2-max Seat #2 is the button
Seat 1: RaisemyNut$ ($68.64 in chips)
Seat 2: PigStyles ($194.05 in chips)
PigStyles: posts small blind $1
RaisemyNut$: posts big blind $3
*** HOLE CARDS ***
PigStyles: raises $3 to $6
RaisemyNut$: calls $3
*** FLOP *** [4s 8s Kd]
RaisemyNut$: checks
PigStyles: bets $3
RaisemyNut$: raises $3 to $6
PigStyles: raises $3 to $9
RaisemyNut$: calls $3
*** TURN *** [4s 8s Kd] [Qd]
RaisemyNut$: checks
PigStyles: bets $6
RaisemyNut$: raises $6 to $12
PigStyles: folds
Uncalled bet ($6) returned to RaisemyNut$
RaisemyNut$ collected $41.50 from pot
RaisemyNut$: doesn't show hand
*** SUMMARY ***
Total pot $42 | Rake $0.50
Board [4s 8s Kd Qd]
Seat 1: RaisemyNut$ (big blind) collected ($41.50)
Seat 2: PigStyles (button) (small blind) folded on the Turn


PokerStars Hand #148024782483:  Hold'em Limit ($3/$6 USD) - 2016/01/31 18:18:41 ET
Table 'Zanaih II' 2-max Seat #1 is the button
Seat 1: RaisemyNut$ ($89.14 in chips)
Seat 2: PigStyles ($173.05 in chips)
RaisemyNut$: posts small blind $1
PigStyles: posts big blind $3
*** HOLE CARDS ***
RaisemyNut$: raises $3 to $6
PigStyles: calls $3
*** FLOP *** [Kh Qs 7s]
PigStyles: checks
RaisemyNut$: bets $3
PigStyles: calls $3
*** TURN *** [Kh Qs 7s] [2h]
PigStyles: checks
RaisemyNut$: bets $6
PigStyles: raises $6 to $12
RaisemyNut$: raises $6 to $18
PigStyles: calls $6
*** RIVER *** [Kh Qs 7s 2h] [Ad]
PigStyles: checks
RaisemyNut$: bets $6
PigStyles: calls $6
*** SHOW DOWN ***
RaisemyNut$: shows [As Ks] (two pair, Aces and Kings)
PigStyles: mucks hand
RaisemyNut$ collected $65.50 from pot
*** SUMMARY ***
Total pot $66 | Rake $0.50
Board [Kh Qs 7s 2h Ad]
Seat 1: RaisemyNut$ (button) (small blind) showed [As Ks] and won ($65.50) with two pair, Aces and Kings
Seat 2: PigStyles (big blind) mucked


PokerStars Hand #148024800747:  Hold'em Limit ($3/$6 USD) - 2016/01/31 18:19:01 ET
Table 'Zanaih II' 2-max Seat #2 is the button
Seat 1: RaisemyNut$ ($121.64 in chips)
Seat 2: PigStyles ($140.05 in chips)
PigStyles: posts small blind $1
RaisemyNut$: posts big blind $3
*** HOLE CARDS ***
PigStyles: raises $3 to $6
RaisemyNut$: calls $3
*** FLOP *** [5c 3s 6s]
RaisemyNut$: checks
PigStyles: checks
*** TURN *** [5c 3s 6s] [7h]
RaisemyNut$: bets $6
PigStyles: calls $6
*** RIVER *** [5c 3s 6s 7h] [Qh]
RaisemyNut$: bets $6
PigStyles: folds
Uncalled bet ($6) returned to RaisemyNut$
RaisemyNut$ collected $23.52 from pot
RaisemyNut$: doesn't show hand
*** SUMMARY ***
Total pot $24 | Rake $0.48
Board [5c 3s 6s 7h Qh]
Seat 1: RaisemyNut$ (big blind) collected ($23.52)
Seat 2: PigStyles (button) (small blind) folded on the River


PokerStars Hand #148024869800:  Hold'em Limit ($3/$6 USD) - 2016/01/31 18:20:18 ET
Table 'Zanaih II' 2-max Seat #1 is the button
Seat 1: RaisemyNut$ ($147.16 in chips)
Seat 2: PigStyles ($112.19 in chips)
RaisemyNut$: posts small blind $1
PigStyles: posts big blind $3
*** HOLE CARDS ***
PigStyles said, "omfg"
RaisemyNut$: folds
Uncalled bet ($2) returned to PigStyles
PigStyles collected $2 from pot
PigStyles: doesn't show hand
*** SUMMARY ***
Total pot $2 | Rake $0
Seat 1: RaisemyNut$ (button) (small blind) folded before Flop
Seat 2: PigStyles (big blind) collected ($2)


PokerStars Hand #148024855399:  Hold'em Limit ($3/$6 USD) - 2016/01/31 18:20:02 ET
Table 'Zanaih II' 2-max Seat #2 is the button
Seat 1: RaisemyNut$ ($114.66 in chips)
Seat 2: PigStyles ($145.19 in chips)
PigStyles: posts small blind $1
RaisemyNut$: posts big blind $3
*** HOLE CARDS ***
PigStyles: raises $3 to $6
RaisemyNut$: calls $3
*** FLOP *** [9s 8s 6s]
RaisemyNut$: checks
PigStyles: bets $3
RaisemyNut$: raises $3 to $6
PigStyles: raises $3 to $9
RaisemyNut$: calls $3
*** TURN *** [9s 8s 6s] [8d]
RaisemyNut$: checks
PigStyles: bets $6
RaisemyNut$: raises $6 to $12
PigStyles: calls $6
*** RIVER *** [9s 8s 6s 8d] [Tc]
RaisemyNut$: bets $6
PigStyles: calls $6
*** SHOW DOWN ***
RaisemyNut$: shows [8c Qh] (three of a kind, Eights)
PigStyles: mucks hand
RaisemyNut$ collected $65.50 from pot
*** SUMMARY ***
Total pot $66 | Rake $0.50
Board [9s 8s 6s 8d Tc]
Seat 1: RaisemyNut$ (big blind) showed [8c Qh] and won ($65.50) with three of a kind, Eights
Seat 2: PigStyles (button) (small blind) mucked


PokerStars Hand #148024824336:  Hold'em Limit ($3/$6 USD) - 2016/01/31 18:19:28 ET
Table 'Zanaih II' 2-max Seat #2 is the button
Seat 1: RaisemyNut$ ($124.16 in chips)
Seat 2: PigStyles ($136.69 in chips)
PigStyles: posts small blind $1
RaisemyNut$: posts big blind $3
*** HOLE CARDS ***
PigStyles: raises $3 to $6
RaisemyNut$: raises $3 to $9
PigStyles: calls $3
*** FLOP *** [6s 8s Jc]
RaisemyNut$: bets $3
PigStyles: calls $3
*** TURN *** [6s 8s Jc] [Qs]
RaisemyNut$: bets $6
PigStyles: calls $6
*** RIVER *** [6s 8s Jc Qs] [2s]
RaisemyNut$: checks
PigStyles: bets $6
RaisemyNut$: calls $6
*** SHOW DOWN ***
PigStyles: shows [Ks 6h] (a flush, King high)
RaisemyNut$: mucks hand
PigStyles collected $47.50 from pot
*** SUMMARY ***
Total pot $48 | Rake $0.50
Board [6s 8s Jc Qs 2s]
Seat 1: RaisemyNut$ (big blind) mucked
Seat 2: PigStyles (button) (small blind) showed [Ks 6h] and won ($47.50) with a flush, King high


PokerStars Hand #148024840824:  Hold'em Limit ($3/$6 USD) - 2016/01/31 18:19:46 ET
Table 'Zanaih II' 2-max Seat #1 is the button
Seat 1: RaisemyNut$ ($100.16 in chips)
Seat 2: PigStyles ($160.19 in chips)
RaisemyNut$: posts small blind $1
PigStyles: posts big blind $3
*** HOLE CARDS ***
RaisemyNut$: raises $3 to $6
PigStyles: calls $3
*** FLOP *** [2s Qs As]
PigStyles: checks
RaisemyNut$: bets $3
PigStyles: calls $3
*** TURN *** [2s Qs As] [Ad]
PigStyles: checks
RaisemyNut$: bets $6
PigStyles: calls $6
*** RIVER *** [2s Qs As Ad] [8c]
PigStyles: checks
RaisemyNut$: bets $6
PigStyles: folds
Uncalled bet ($6) returned to RaisemyNut$
RaisemyNut$ collected $29.50 from pot
RaisemyNut$: doesn't show hand
*** SUMMARY ***
Total pot $30 | Rake $0.50
Board [2s Qs As Ad 8c]
Seat 1: RaisemyNut$ (button) (small blind) collected ($29.50)
Seat 2: PigStyles (big blind) folded on the River


PokerStars Hand #148024812638:  Hold'em Limit ($3/$6 USD) - 2016/01/31 18:19:15 ET
Table 'Zanaih II' 2-max Seat #1 is the button
Seat 1: RaisemyNut$ ($133.16 in chips)
Seat 2: PigStyles ($128.05 in chips)
RaisemyNut$: posts small blind $1
PigStyles: posts big blind $3
*** HOLE CARDS ***
RaisemyNut$: raises $3 to $6
PigStyles: raises $3 to $9
RaisemyNut$: calls $3
*** FLOP *** [Kd 3h 9s]
PigStyles: bets $3
RaisemyNut$: folds
Uncalled bet ($3) returned to PigStyles
PigStyles collected $17.64 from pot
PigStyles: doesn't show hand
*** SUMMARY ***
Total pot $18 | Rake $0.36
Board [Kd 3h 9s]
Seat 1: RaisemyNut$ (button) (small blind) folded on the Flop
Seat 2: PigStyles (big blind) collected ($17.64)


PokerStars Hand #148024887066:  Hold'em Limit ($3/$6 USD) - 2016/01/31 18:20:37 ET
Table 'Zanaih II' 2-max Seat #1 is the button
Seat 1: RaisemyNut$ ($163.66 in chips)
Seat 2: PigStyles ($95.19 in chips)
RaisemyNut$: posts small blind $1
PigStyles: posts big blind $3
*** HOLE CARDS ***
RaisemyNut$: raises $3 to $6
PigStyles: folds
Uncalled bet ($3) returned to RaisemyNut$
RaisemyNut$ collected $6 from pot
RaisemyNut$: doesn't show hand
*** SUMMARY ***
Total pot $6 | Rake $0
Seat 1: RaisemyNut$ (button) (small blind) collected ($6)
Seat 2: PigStyles (big blind) folded before Flop


PokerStars Hand #148024891984:  Hold'em Limit ($3/$6 USD) - 2016/01/31 18:20:43 ET
Table 'Zanaih II' 2-max Seat #2 is the button
Seat 1: RaisemyNut$ ($166.66 in chips)
Seat 2: PigStyles ($92.19 in chips)
PigStyles: posts small blind $1
RaisemyNut$: posts big blind $3
*** HOLE CARDS ***
PigStyles: raises $3 to $6
RaisemyNut$: calls $3
*** FLOP *** [Ac 5h Qd]
RaisemyNut$: checks
PigStyles: bets $3
RaisemyNut$: raises $3 to $6
PigStyles: raises $3 to $9
RaisemyNut$: raises $3 to $12
Betting is capped
PigStyles: calls $3
*** TURN *** [Ac 5h Qd] [6d]
RaisemyNut$: bets $6
PigStyles: folds
Uncalled bet ($6) returned to RaisemyNut$
RaisemyNut$ collected $35.50 from pot
RaisemyNut$: doesn't show hand
*** SUMMARY ***
Total pot $36 | Rake $0.50
Board [Ac 5h Qd 6d]
Seat 1: RaisemyNut$ (big blind) collected ($35.50)
Seat 2: PigStyles (button) (small blind) folded on the Turn


PokerStars Hand #148024919216:  Hold'em Limit ($3/$6 USD) - 2016/01/31 18:21:13 ET
Table 'Zanaih II' 2-max Seat #2 is the button
Seat 1: RaisemyNut$ ($169.16 in chips)
Seat 2: PigStyles ($88.69 in chips)
PigStyles: posts small blind $1
RaisemyNut$: posts big blind $3
*** HOLE CARDS ***
PigStyles: raises $3 to $6
RaisemyNut$: folds
Uncalled bet ($3) returned to PigStyles
PigStyles collected $6 from pot
PigStyles: doesn't show hand
*** SUMMARY ***
Total pot $6 | Rake $0
Seat 1: RaisemyNut$ (big blind) folded before Flop
Seat 2: PigStyles (button) (small blind) collected ($6)


PokerStars Hand #148024906212:  Hold'em Limit ($3/$6 USD) - 2016/01/31 18:20:58 ET
Table 'Zanaih II' 2-max Seat #1 is the button
Seat 1: RaisemyNut$ ($184.16 in chips)
Seat 2: PigStyles ($74.19 in chips)
RaisemyNut$: posts small blind $1
PigStyles: posts big blind $3
*** HOLE CARDS ***
PigStyles said, "omfg"
RaisemyNut$: raises $3 to $6
PigStyles: calls $3
*** FLOP *** [5d Js 2c]
PigStyles: checks
RaisemyNut$: bets $3
PigStyles: calls $3
*** TURN *** [5d Js 2c] [8s]
PigStyles: checks
RaisemyNut$: checks
*** RIVER *** [5d Js 2c 8s] [4c]
PigStyles: bets $6
RaisemyNut$: calls $6
*** SHOW DOWN ***
PigStyles: shows [Jd 7h] (a pair of Jacks)
RaisemyNut$: mucks hand
PigStyles collected $29.50 from pot
*** SUMMARY ***
Total pot $30 | Rake $0.50
Board [5d Js 2c 8s 4c]
Seat 1: RaisemyNut$ (button) (small blind) mucked
Seat 2: PigStyles (big blind) showed [Jd 7h] and won ($29.50) with a pair of Jacks


PokerStars Hand #148024874007:  Hold'em Limit ($3/$6 USD) - 2016/01/31 18:20:23 ET
Table 'Zanaih II' 2-max Seat #2 is the button
Seat 1: RaisemyNut$ ($146.16 in chips)
Seat 2: PigStyles ($113.19 in chips)
PigStyles: posts small blind $1
RaisemyNut$: posts big blind $3
*** HOLE CARDS ***
PigStyles: raises $3 to $6
RaisemyNut$: raises $3 to $9
PigStyles: calls $3
*** FLOP *** [9s 6d 5s]
RaisemyNut$: bets $3
PigStyles: calls $3
*** TURN *** [9s 6d 5s] [Qc]
RaisemyNut$: bets $6
PigStyles: calls $6
*** RIVER *** [9s 6d 5s Qc] [5d]
RaisemyNut$: bets $6
PigStyles: folds
Uncalled bet ($6) returned to RaisemyNut$
RaisemyNut$ collected $35.50 from pot
RaisemyNut$: doesn't show hand
*** SUMMARY ***
Total pot $36 | Rake $0.50
Board [9s 6d 5s Qc 5d]
Seat 1: RaisemyNut$ (big blind) collected ($35.50)
Seat 2: PigStyles (button) (small blind) folded on the River


PokerStars Hand #148024936324:  Hold'em Limit ($3/$6 USD) - 2016/01/31 18:21:32 ET
Table 'Zanaih II' 2-max Seat #2 is the button
Seat 1: RaisemyNut$ ($183.66 in chips)
Seat 2: PigStyles ($73.69 in chips)
PigStyles: posts small blind $1
RaisemyNut$: posts big blind $3
*** HOLE CARDS ***
PigStyles: raises $3 to $6
RaisemyNut$: calls $3
*** FLOP *** [Jd 7d 9c]
RaisemyNut$: checks
PigStyles: checks
*** TURN *** [Jd 7d 9c] [Kh]
RaisemyNut$: bets $6
PigStyles: raises $6 to $12
RaisemyNut$: folds
Uncalled bet ($6) returned to PigStyles
PigStyles collected $23.52 from pot
PigStyles: doesn't show hand
*** SUMMARY ***
Total pot $24 | Rake $0.48
Board [Jd 7d 9c Kh]
Seat 1: RaisemyNut$ (big blind) folded on the Turn
Seat 2: PigStyles (button) (small blind) collected ($23.52)


PokerStars Hand #148024945611:  Hold'em Limit ($3/$6 USD) - 2016/01/31 18:21:43 ET
Table 'Zanaih II' 2-max Seat #1 is the button
Seat 1: RaisemyNut$ ($171.66 in chips)
Seat 2: PigStyles ($85.21 in chips)
RaisemyNut$: posts small blind $1
PigStyles: posts big blind $3
*** HOLE CARDS ***
RaisemyNut$: raises $3 to $6
PigStyles: raises $3 to $9
RaisemyNut$: raises $3 to $12
Betting is capped
PigStyles: calls $3
*** FLOP *** [5h 2s 7s]
PigStyles: checks
RaisemyNut$: bets $3
PigStyles: calls $3
*** TURN *** [5h 2s 7s] [2c]
PigStyles: checks
RaisemyNut$: bets $6
PigStyles: calls $6
*** RIVER *** [5h 2s 7s 2c] [5c]
PigStyles: checks
RaisemyNut$: bets $6
PigStyles: folds
Uncalled bet ($6) returned to RaisemyNut$
RaisemyNut$ collected $41.50 from pot
RaisemyNut$: doesn't show hand
*** SUMMARY ***
Total pot $42 | Rake $0.50
Board [5h 2s 7s 2c 5c]
Seat 1: RaisemyNut$ (button) (small blind) collected ($41.50)
Seat 2: PigStyles (big blind) folded on the River


PokerStars Hand #148024967992:  Hold'em Limit ($3/$6 USD) - 2016/01/31 18:22:09 ET
Table 'Zanaih II' 2-max Seat #1 is the button
Seat 1: RaisemyNut$ ($200.80 in chips)
Seat 2: PigStyles ($55.21 in chips)
RaisemyNut$: posts small blind $1
PigStyles: posts big blind $3
*** HOLE CARDS ***
RaisemyNut$: folds
Uncalled bet ($2) returned to PigStyles
PigStyles collected $2 from pot
PigStyles: doesn't show hand
*** SUMMARY ***
Total pot $2 | Rake $0
Seat 1: RaisemyNut$ (button) (small blind) folded before Flop
Seat 2: PigStyles (big blind) collected ($2)


PokerStars Hand #148024960618:  Hold'em Limit ($3/$6 USD) - 2016/01/31 18:22:00 ET
Table 'Zanaih II' 2-max Seat #2 is the button
Seat 1: RaisemyNut$ ($192.16 in chips)
Seat 2: PigStyles ($64.21 in chips)
PigStyles: posts small blind $1
RaisemyNut$: posts big blind $3
*** HOLE CARDS ***
PigStyles: raises $3 to $6
RaisemyNut$: raises $3 to $9
PigStyles: calls $3
*** FLOP *** [7d Qc As]
RaisemyNut$: bets $3
PigStyles: folds
Uncalled bet ($3) returned to RaisemyNut$
RaisemyNut$ collected $17.64 from pot
RaisemyNut$: doesn't show hand
*** SUMMARY ***
Total pot $18 | Rake $0.36
Board [7d Qc As]
Seat 1: RaisemyNut$ (big blind) collected ($17.64)
Seat 2: PigStyles (button) (small blind) folded on the Flop


PokerStars Hand #148024971800:  Hold'em Limit ($3/$6 USD) - 2016/01/31 18:22:13 ET
Table 'Zanaih II' 2-max Seat #2 is the button
Seat 1: RaisemyNut$ ($199.80 in chips)
Seat 2: PigStyles ($56.21 in chips)
PigStyles: posts small blind $1
RaisemyNut$: posts big blind $3
*** HOLE CARDS ***
PigStyles: raises $3 to $6
RaisemyNut$: calls $3
*** FLOP *** [2s Ad Jd]
RaisemyNut$: checks
PigStyles: bets $3
RaisemyNut$: calls $3
*** TURN *** [2s Ad Jd] [Js]
RaisemyNut$: checks
PigStyles: checks
*** RIVER *** [2s Ad Jd Js] [5s]
RaisemyNut$: checks
PigStyles: checks
*** SHOW DOWN ***
RaisemyNut$: shows [8h 2h] (two pair, Jacks and Deuces)
PigStyles: mucks hand
RaisemyNut$ collected $17.64 from pot
*** SUMMARY ***
Total pot $18 | Rake $0.36
Board [2s Ad Jd Js 5s]
Seat 1: RaisemyNut$ (big blind) showed [8h 2h] and won ($17.64) with two pair, Jacks and Deuces
Seat 2: PigStyles (button) (small blind) mucked


PokerStars Hand #148024923596:  Hold'em Limit ($3/$6 USD) - 2016/01/31 18:21:18 ET
Table 'Zanaih II' 2-max Seat #1 is the button
Seat 1: RaisemyNut$ ($166.16 in chips)
Seat 2: PigStyles ($91.69 in chips)
RaisemyNut$: posts small blind $1
PigStyles: posts big blind $3
*** HOLE CARDS ***
RaisemyNut$: raises $3 to $6
PigStyles: raises $3 to $9
RaisemyNut$: calls $3
*** FLOP *** [7d 5s 9c]
PigStyles: bets $3
RaisemyNut$: calls $3
*** TURN *** [7d 5s 9c] [4h]
PigStyles: bets $6
RaisemyNut$: raises $6 to $12
PigStyles: folds
Uncalled bet ($6) returned to RaisemyNut$
RaisemyNut$ collected $35.50 from pot
RaisemyNut$: doesn't show hand
*** SUMMARY ***
Total pot $36 | Rake $0.50
Board [7d 5s 9c 4h]
Seat 1: RaisemyNut$ (button) (small blind) collected ($35.50)
Seat 2: PigStyles (big blind) folded on the Turn


PokerStars Hand #148024994732:  Hold'em Limit ($3/$6 USD) - 2016/01/31 18:22:39 ET
Table 'Zanaih II' 2-max Seat #2 is the button
Seat 1: RaisemyNut$ ($196.44 in chips)
Seat 2: PigStyles ($58.73 in chips)
PigStyles: posts small blind $1
RaisemyNut$: posts big blind $3
*** HOLE CARDS ***
PigStyles: raises $3 to $6
RaisemyNut$: folds
Uncalled bet ($3) returned to PigStyles
PigStyles collected $6 from pot
PigStyles: doesn't show hand
*** SUMMARY ***
Total pot $6 | Rake $0
Seat 1: RaisemyNut$ (big blind) folded before Flop
Seat 2: PigStyles (button) (small blind) collected ($6)


PokerStars Hand #148024984631:  Hold'em Limit ($3/$6 USD) - 2016/01/31 18:22:27 ET
Table 'Zanaih II' 2-max Seat #1 is the button
Seat 1: RaisemyNut$ ($208.44 in chips)
Seat 2: PigStyles ($47.21 in chips)
RaisemyNut$: posts small blind $1
PigStyles: posts big blind $3
*** HOLE CARDS ***
PigStyles said, "omfg"
RaisemyNut$: raises $3 to $6
PigStyles: raises $3 to $9
RaisemyNut$: calls $3
*** FLOP *** [9s 4s 3d]
PigStyles: bets $3
RaisemyNut$: calls $3
*** TURN *** [9s 4s 3d] [Jd]
PigStyles: bets $6
RaisemyNut$: folds
Uncalled bet ($6) returned to PigStyles
PigStyles collected $23.52 from pot
PigStyles: doesn't show hand
*** SUMMARY ***
Total pot $24 | Rake $0.48
Board [9s 4s 3d Jd]
Seat 1: RaisemyNut$ (button) (small blind) folded on the Turn
Seat 2: PigStyles (big blind) collected ($23.52)


PokerStars Hand #148024999086:  Hold'em Limit ($3/$6 USD) - 2016/01/31 18:22:44 ET
Table 'Zanaih II' 2-max Seat #1 is the button
Seat 1: RaisemyNut$ ($193.44 in chips)
Seat 2: PigStyles ($61.73 in chips)
RaisemyNut$: posts small blind $1
PigStyles: posts big blind $3
*** HOLE CARDS ***
RaisemyNut$: raises $3 to $6
PigStyles: calls $3
*** FLOP *** [Qd 5s 7h]
PigStyles: checks
RaisemyNut$: bets $3
PigStyles: folds
Uncalled bet ($3) returned to RaisemyNut$
RaisemyNut$ collected $11.76 from pot
RaisemyNut$: doesn't show hand
*** SUMMARY ***
Total pot $12 | Rake $0.24
Board [Qd 5s 7h]
Seat 1: RaisemyNut$ (button) (small blind) collected ($11.76)
Seat 2: PigStyles (big blind) folded on the Flop


PokerStars Hand #148025005983:  Hold'em Limit ($3/$6 USD) - 2016/01/31 18:22:52 ET
Table 'Zanaih II' 2-max Seat #2 is the button
Seat 1: RaisemyNut$ ($199.20 in chips)
Seat 2: PigStyles ($55.73 in chips)
PigStyles: posts small blind $1
RaisemyNut$: posts big blind $3
*** HOLE CARDS ***
PigStyles: raises $3 to $6
RaisemyNut$: calls $3
*** FLOP *** [Qc 9c 5c]
RaisemyNut$: checks
PigStyles: checks
*** TURN *** [Qc 9c 5c] [8s]
RaisemyNut$: bets $6
PigStyles: folds
Uncalled bet ($6) returned to RaisemyNut$
RaisemyNut$ collected $11.76 from pot
RaisemyNut$: doesn't show hand
*** SUMMARY ***
Total pot $12 | Rake $0.24
Board [Qc 9c 5c 8s]
Seat 1: RaisemyNut$ (big blind) collected ($11.76)
Seat 2: PigStyles (button) (small blind) folded on the Turn


PokerStars Hand #148025014144:  Hold'em Limit ($3/$6 USD) - 2016/01/31 18:23:01 ET
Table 'Zanaih II' 2-max Seat #1 is the button
Seat 1: RaisemyNut$ ($204.96 in chips)
Seat 2: PigStyles ($49.73 in chips)
RaisemyNut$: posts small blind $1
PigStyles: posts big blind $3
*** HOLE CARDS ***
RaisemyNut$: raises $3 to $6
PigStyles: calls $3
*** FLOP *** [7s Jc Ts]
PigStyles: checks
RaisemyNut$: bets $3
PigStyles: calls $3
*** TURN *** [7s Jc Ts] [4c]
PigStyles: checks
RaisemyNut$: bets $6
PigStyles: calls $6
*** RIVER *** [7s Jc Ts 4c] [Kh]
PigStyles: checks
RaisemyNut$: bets $6
PigStyles: folds
Uncalled bet ($6) returned to RaisemyNut$
RaisemyNut$ collected $29.50 from pot
RaisemyNut$: doesn't show hand
*** SUMMARY ***
Total pot $30 | Rake $0.50
Board [7s Jc Ts 4c Kh]
Seat 1: RaisemyNut$ (button) (small blind) collected ($29.50)
Seat 2: PigStyles (big blind) folded on the River


PokerStars Hand #148025029948:  Hold'em Limit ($3/$6 USD) - 2016/01/31 18:23:19 ET
Table 'Zanaih II' 2-max Seat #2 is the button
Seat 1: RaisemyNut$ ($219.46 in chips)
Seat 2: PigStyles ($34.73 in chips)
PigStyles: posts small blind $1
RaisemyNut$: posts big blind $3
*** HOLE CARDS ***
PigStyles said, "omfg"
PigStyles: raises $3 to $6
RaisemyNut$: calls $3
*** FLOP *** [Qs Th 6d]
RaisemyNut$: checks
PigStyles: bets $3
RaisemyNut$: folds
Uncalled bet ($3) returned to PigStyles
PigStyles collected $11.76 from pot
PigStyles: doesn't show hand
*** SUMMARY ***
Total pot $12 | Rake $0.24
Board [Qs Th 6d]
Seat 1: RaisemyNut$ (big blind) folded on the Flop
Seat 2: PigStyles (button) (small blind) collected ($11.76)


PokerStars Hand #148025038143:  Hold'em Limit ($3/$6 USD) - 2016/01/31 18:23:28 ET
Table 'Zanaih II' 2-max Seat #1 is the button
Seat 1: RaisemyNut$ ($213.46 in chips)
Seat 2: PigStyles ($40.49 in chips)
RaisemyNut$: posts small blind $1
PigStyles: posts big blind $3
*** HOLE CARDS ***
RaisemyNut$: raises $3 to $6
PigStyles: calls $3
*** FLOP *** [6c 9c Qc]
PigStyles: checks
RaisemyNut$: bets $3
PigStyles: raises $3 to $6
RaisemyNut$: calls $3
*** TURN *** [6c 9c Qc] [3d]
PigStyles: bets $6
RaisemyNut$: calls $6
*** RIVER *** [6c 9c Qc 3d] [9h]
PigStyles: bets $6
RaisemyNut$: calls $6
*** SHOW DOWN ***
PigStyles: shows [Tc 8s] (a pair of Nines)
RaisemyNut$: shows [Jh Ad] (a pair of Nines - Ace kicker)
RaisemyNut$ collected $47.50 from pot
*** SUMMARY ***
Total pot $48 | Rake $0.50
Board [6c 9c Qc 3d 9h]
Seat 1: RaisemyNut$ (button) (small blind) showed [Jh Ad] and won ($47.50) with a pair of Nines
Seat 2: PigStyles (big blind) showed [Tc 8s] and lost with a pair of Nines


PokerStars Hand #148025051741:  Hold'em Limit ($3/$6 USD) - 2016/01/31 18:23:43 ET
Table 'Zanaih II' 2-max Seat #2 is the button
Seat 1: RaisemyNut$ ($236.96 in chips)
Seat 2: PigStyles ($16.49 in chips)
PigStyles: posts small blind $1
RaisemyNut$: posts big blind $3
*** HOLE CARDS ***
PigStyles: raises $3 to $6
RaisemyNut$: calls $3
*** FLOP *** [Js 5d 5h]
RaisemyNut$: checks
PigStyles: checks
*** TURN *** [Js 5d 5h] [Ah]
RaisemyNut$: bets $6
PigStyles: folds
Uncalled bet ($6) returned to RaisemyNut$
RaisemyNut$ collected $11.76 from pot
RaisemyNut$: doesn't show hand
*** SUMMARY ***
Total pot $12 | Rake $0.24
Board [Js 5d 5h Ah]
Seat 1: RaisemyNut$ (big blind) collected ($11.76)
Seat 2: PigStyles (button) (small blind) folded on the Turn


PokerStars Hand #148025064812:  Hold'em Limit ($3/$6 USD) - 2016/01/31 18:23:57 ET
Table 'Zanaih II' 2-max Seat #1 is the button
Seat 1: RaisemyNut$ ($242.72 in chips)
Seat 2: PigStyles ($10.49 in chips)
RaisemyNut$: posts small blind $1
PigStyles: posts big blind $3
*** HOLE CARDS ***
RaisemyNut$: raises $3 to $6
PigStyles: raises $3 to $9
RaisemyNut$: raises $3 to $12
Betting is capped
PigStyles: calls $1.49 and is all-in
Uncalled bet ($1.51) returned to RaisemyNut$
*** FLOP *** [4s 9h Ks]
*** TURN *** [4s 9h Ks] [3h]
*** RIVER *** [4s 9h Ks 3h] [Kd]
*** SHOW DOWN ***
PigStyles: shows [5s 2d] (a pair of Kings)
RaisemyNut$: shows [Kh Jd] (three of a kind, Kings)
RaisemyNut$ collected $20.56 from pot
*** SUMMARY ***
Total pot $20.98 | Rake $0.42
Board [4s 9h Ks 3h Kd]
Seat 1: RaisemyNut$ (button) (small blind) showed [Kh Jd] and won ($20.56) with three of a kind, Kings
Seat 2: PigStyles (big blind) showed [5s 2d] and lost with a pair of Kings


PokerStars Hand #148025423906:  Hold'em Limit ($3/$6 USD) - 2016/01/31 18:30:49 ET
Table 'Zanaih II' 2-max Seat #2 is the button
Seat 1: RaisemyNut$ ($252.79 in chips)
Seat 2: PigStyles ($130.77 in chips)
PigStyles: posts small blind $1
RaisemyNut$: posts big blind $3
*** HOLE CARDS ***
PigStyles: raises $3 to $6
RaisemyNut$: raises $3 to $9
PigStyles: calls $3
*** FLOP *** [Ad 4c Kc]
RaisemyNut$: bets $3
PigStyles: calls $3
*** TURN *** [Ad 4c Kc] [Ks]
RaisemyNut$: checks
PigStyles: bets $6
RaisemyNut$: calls $6
*** RIVER *** [Ad 4c Kc Ks] [3c]
RaisemyNut$: checks
PigStyles: bets $6
RaisemyNut$: folds
Uncalled bet ($6) returned to PigStyles
PigStyles collected $35.50 from pot
PigStyles: doesn't show hand
*** SUMMARY ***
Total pot $36 | Rake $0.50
Board [Ad 4c Kc Ks 3c]
Seat 1: RaisemyNut$ (big blind) folded on the River
Seat 2: PigStyles (button) (small blind) collected ($35.50)


PokerStars Hand #148025453461:  Hold'em Limit ($3/$6 USD) - 2016/01/31 18:31:24 ET
Table 'Zanaih II' 2-max Seat #2 is the button
Seat 1: RaisemyNut$ ($233.79 in chips)
Seat 2: PigStyles ($149.27 in chips)
PigStyles: posts small blind $1
RaisemyNut$: posts big blind $3
*** HOLE CARDS ***
PigStyles: folds
Uncalled bet ($2) returned to RaisemyNut$
RaisemyNut$ collected $2 from pot
RaisemyNut$: doesn't show hand
*** SUMMARY ***
Total pot $2 | Rake $0
Seat 1: RaisemyNut$ (big blind) collected ($2)
Seat 2: PigStyles (button) (small blind) folded before Flop


PokerStars Hand #148025449622:  Hold'em Limit ($3/$6 USD) - 2016/01/31 18:31:20 ET
Table 'Zanaih II' 2-max Seat #1 is the button
Seat 1: RaisemyNut$ ($234.79 in chips)
Seat 2: PigStyles ($148.27 in chips)
RaisemyNut$: posts small blind $1
PigStyles: posts big blind $3
*** HOLE CARDS ***
RaisemyNut$: folds
Uncalled bet ($2) returned to PigStyles
PigStyles collected $2 from pot
PigStyles: doesn't show hand
*** SUMMARY ***
Total pot $2 | Rake $0
Seat 1: RaisemyNut$ (button) (small blind) folded before Flop
Seat 2: PigStyles (big blind) collected ($2)


PokerStars Hand #148025457477:  Hold'em Limit ($3/$6 USD) - 2016/01/31 18:31:29 ET
Table 'Zanaih II' 2-max Seat #1 is the button
Seat 1: RaisemyNut$ ($234.79 in chips)
Seat 2: PigStyles ($148.27 in chips)
RaisemyNut$: posts small blind $1
PigStyles: posts big blind $3
*** HOLE CARDS ***
RaisemyNut$: raises $3 to $6
PigStyles: calls $3
*** FLOP *** [7h 5h Th]
PigStyles: checks
RaisemyNut$: bets $3
PigStyles: calls $3
*** TURN *** [7h 5h Th] [6h]
PigStyles: checks
RaisemyNut$: bets $6
PigStyles: raises $6 to $12
RaisemyNut$: calls $6
*** RIVER *** [7h 5h Th 6h] [3d]
PigStyles: checks
RaisemyNut$: bets $6
PigStyles: folds
Uncalled bet ($6) returned to RaisemyNut$
RaisemyNut$ collected $41.50 from pot
RaisemyNut$: doesn't show hand
*** SUMMARY ***
Total pot $42 | Rake $0.50
Board [7h 5h Th 6h 3d]
Seat 1: RaisemyNut$ (button) (small blind) collected ($41.50)
Seat 2: PigStyles (big blind) folded on the River


PokerStars Hand #148025476177:  Hold'em Limit ($3/$6 USD) - 2016/01/31 18:31:51 ET
Table 'Zanaih II' 2-max Seat #2 is the button
Seat 1: RaisemyNut$ ($255.29 in chips)
Seat 2: PigStyles ($127.27 in chips)
PigStyles: posts small blind $1
RaisemyNut$: posts big blind $3
*** HOLE CARDS ***
PigStyles: raises $3 to $6
RaisemyNut$: calls $3
*** FLOP *** [Ks Th 3h]
RaisemyNut$: checks
PigStyles: bets $3
RaisemyNut$: calls $3
*** TURN *** [Ks Th 3h] [2d]
RaisemyNut$: checks
PigStyles: checks
*** RIVER *** [Ks Th 3h 2d] [3d]
RaisemyNut$: checks
PigStyles: bets $6
RaisemyNut$: calls $6
*** SHOW DOWN ***
PigStyles: shows [4s 7d] (a pair of Threes)
RaisemyNut$: shows [6c As] (a pair of Threes - Ace kicker)
RaisemyNut$ collected $29.50 from pot
*** SUMMARY ***
Total pot $30 | Rake $0.50
Board [Ks Th 3h 2d 3d]
Seat 1: RaisemyNut$ (big blind) showed [6c As] and won ($29.50) with a pair of Threes
Seat 2: PigStyles (button) (small blind) showed [4s 7d] and lost with a pair of Threes


PokerStars Hand #148025491329:  Hold'em Limit ($3/$6 USD) - 2016/01/31 18:32:08 ET
Table 'Zanaih II' 2-max Seat #1 is the button
Seat 1: RaisemyNut$ ($269.79 in chips)
Seat 2: PigStyles ($112.27 in chips)
RaisemyNut$: posts small blind $1
PigStyles: posts big blind $3
*** HOLE CARDS ***
RaisemyNut$: raises $3 to $6
PigStyles: calls $3
*** FLOP *** [Th 2d 6h]
PigStyles: checks
RaisemyNut$: bets $3
PigStyles: calls $3
*** TURN *** [Th 2d 6h] [3d]
PigStyles: checks
RaisemyNut$: bets $6
PigStyles: raises $6 to $12
RaisemyNut$: calls $6
*** RIVER *** [Th 2d 6h 3d] [4h]
PigStyles: bets $6
RaisemyNut$: raises $6 to $12
PigStyles: calls $6
*** SHOW DOWN ***
RaisemyNut$: shows [5c 5h] (a straight, Deuce to Six)
PigStyles: mucks hand
RaisemyNut$ collected $65.50 from pot
*** SUMMARY ***
Total pot $66 | Rake $0.50
Board [Th 2d 6h 3d 4h]
Seat 1: RaisemyNut$ (button) (small blind) showed [5c 5h] and won ($65.50) with a straight, Deuce to Six
Seat 2: PigStyles (big blind) mucked


PokerStars Hand #148025519272:  Hold'em Limit ($3/$6 USD) - 2016/01/31 18:32:41 ET
Table 'Zanaih II' 2-max Seat #1 is the button
Seat 1: RaisemyNut$ ($296.29 in chips)
Seat 2: PigStyles ($85.03 in chips)
RaisemyNut$: posts small blind $1
PigStyles: posts big blind $3
*** HOLE CARDS ***
RaisemyNut$: raises $3 to $6
PigStyles: calls $3
*** FLOP *** [Ah 7c Jd]
PigStyles: checks
RaisemyNut$: bets $3
PigStyles: folds
Uncalled bet ($3) returned to RaisemyNut$
RaisemyNut$ collected $11.76 from pot
RaisemyNut$: doesn't show hand
*** SUMMARY ***
Total pot $12 | Rake $0.24
Board [Ah 7c Jd]
Seat 1: RaisemyNut$ (button) (small blind) collected ($11.76)
Seat 2: PigStyles (big blind) folded on the Flop


PokerStars Hand #148025527357:  Hold'em Limit ($3/$6 USD) - 2016/01/31 18:32:50 ET
Table 'Zanaih II' 2-max Seat #2 is the button
Seat 1: RaisemyNut$ ($302.05 in chips)
Seat 2: PigStyles ($79.03 in chips)
PigStyles: posts small blind $1
RaisemyNut$: posts big blind $3
*** HOLE CARDS ***
PigStyles said, "ofc"
PigStyles: raises $3 to $6
RaisemyNut$: calls $3
*** FLOP *** [Jd 5h 5d]
RaisemyNut$: checks
PigStyles: bets $3
RaisemyNut$: folds
Uncalled bet ($3) returned to PigStyles
PigStyles collected $11.76 from pot
PigStyles: doesn't show hand
*** SUMMARY ***
Total pot $12 | Rake $0.24
Board [Jd 5h 5d]
Seat 1: RaisemyNut$ (big blind) folded on the Flop
Seat 2: PigStyles (button) (small blind) collected ($11.76)


PokerStars Hand #148025534109:  Hold'em Limit ($3/$6 USD) - 2016/01/31 18:32:58 ET
Table 'Zanaih II' 2-max Seat #1 is the button
Seat 1: RaisemyNut$ ($296.05 in chips)
Seat 2: PigStyles ($84.79 in chips)
RaisemyNut$: posts small blind $1
PigStyles: posts big blind $3
*** HOLE CARDS ***
RaisemyNut$: raises $3 to $6
PigStyles: calls $3
*** FLOP *** [9c 7s 4s]
PigStyles: checks
RaisemyNut$: checks
*** TURN *** [9c 7s 4s] [2h]
PigStyles: checks
RaisemyNut$: bets $6
PigStyles: folds
Uncalled bet ($6) returned to RaisemyNut$
RaisemyNut$ collected $11.76 from pot
RaisemyNut$: doesn't show hand
*** SUMMARY ***
Total pot $12 | Rake $0.24
Board [9c 7s 4s 2h]
Seat 1: RaisemyNut$ (button) (small blind) collected ($11.76)
Seat 2: PigStyles (big blind) folded on the Turn


PokerStars Hand #148025546497:  Hold'em Limit ($3/$6 USD) - 2016/01/31 18:33:13 ET
Table 'Zanaih II' 2-max Seat #2 is the button
Seat 1: RaisemyNut$ ($301.81 in chips)
Seat 2: PigStyles ($78.79 in chips)
PigStyles: posts small blind $1
RaisemyNut$: posts big blind $3
*** HOLE CARDS ***
PigStyles: raises $3 to $6
RaisemyNut$: raises $3 to $9
PigStyles: raises $3 to $12
Betting is capped
RaisemyNut$: calls $3
*** FLOP *** [6h 2s 8c]
RaisemyNut$: checks
PigStyles: bets $3
RaisemyNut$: calls $3
*** TURN *** [6h 2s 8c] [3s]
RaisemyNut$: checks
PigStyles: bets $6
RaisemyNut$: folds
Uncalled bet ($6) returned to PigStyles
PigStyles collected $29.50 from pot
PigStyles: doesn't show hand
*** SUMMARY ***
Total pot $30 | Rake $0.50
Board [6h 2s 8c 3s]
Seat 1: RaisemyNut$ (big blind) folded on the Turn
Seat 2: PigStyles (button) (small blind) collected ($29.50)


PokerStars Hand #148025506226:  Hold'em Limit ($3/$6 USD) - 2016/01/31 18:32:26 ET
Table 'Zanaih II' 2-max Seat #2 is the button
Seat 1: RaisemyNut$ ($302.29 in chips)
Seat 2: PigStyles ($79.27 in chips)
PigStyles: posts small blind $1
RaisemyNut$: posts big blind $3
*** HOLE CARDS ***
PigStyles: raises $3 to $6
RaisemyNut$: calls $3
*** FLOP *** [Kh Js Jd]
RaisemyNut$: checks
PigStyles: bets $3
RaisemyNut$: folds
Uncalled bet ($3) returned to PigStyles
PigStyles collected $11.76 from pot
PigStyles: doesn't show hand
*** SUMMARY ***
Total pot $12 | Rake $0.24
Board [Kh Js Jd]
Seat 1: RaisemyNut$ (big blind) folded on the Flop
Seat 2: PigStyles (button) (small blind) collected ($11.76)


PokerStars Hand #148025560909:  Hold'em Limit ($3/$6 USD) - 2016/01/31 18:33:30 ET
Table 'Zanaih II' 2-max Seat #1 is the button
Seat 1: RaisemyNut$ ($286.81 in chips)
Seat 2: PigStyles ($93.29 in chips)
RaisemyNut$: posts small blind $1
PigStyles: posts big blind $3
*** HOLE CARDS ***
RaisemyNut$: raises $3 to $6
PigStyles: calls $3
*** FLOP *** [3d Ac 5h]
PigStyles: checks
RaisemyNut$: bets $3
PigStyles: calls $3
*** TURN *** [3d Ac 5h] [2h]
PigStyles: checks
RaisemyNut$: bets $6
PigStyles: raises $6 to $12
RaisemyNut$: raises $6 to $18
PigStyles: raises $6 to $24
Betting is capped
RaisemyNut$: calls $6
*** RIVER *** [3d Ac 5h 2h] [Qd]
PigStyles: bets $6
RaisemyNut$: calls $6
*** SHOW DOWN ***
PigStyles: shows [4s 8d] (a straight, Ace to Five)
RaisemyNut$: shows [4h Kh] (a straight, Ace to Five)
PigStyles collected $38.75 from pot
RaisemyNut$ collected $38.75 from pot
*** SUMMARY ***
Total pot $78 | Rake $0.50
Board [3d Ac 5h 2h Qd]
Seat 1: RaisemyNut$ (button) (small blind) showed [4h Kh] and won ($38.75) with a straight, Ace to Five
Seat 2: PigStyles (big blind) showed [4s 8d] and won ($38.75) with a straight, Ace to Five


PokerStars Hand #148025590053:  Hold'em Limit ($3/$6 USD) - 2016/01/31 18:34:04 ET
Table 'Zanaih II' 2-max Seat #1 is the button
Seat 1: RaisemyNut$ ($262.56 in chips)
Seat 2: PigStyles ($116.54 in chips)
RaisemyNut$: posts small blind $1
PigStyles: posts big blind $3
*** HOLE CARDS ***
RaisemyNut$: raises $3 to $6
PigStyles: calls $3
*** FLOP *** [4s 2d 5d]
PigStyles: checks
RaisemyNut$: bets $3
PigStyles: calls $3
*** TURN *** [4s 2d 5d] [8d]
PigStyles: checks
RaisemyNut$: bets $6
PigStyles: calls $6
*** RIVER *** [4s 2d 5d 8d] [Js]
PigStyles: checks
RaisemyNut$: checks
*** SHOW DOWN ***
PigStyles: shows [Kd Kc] (a pair of Kings)
RaisemyNut$: mucks hand
PigStyles collected $29.50 from pot
*** SUMMARY ***
Total pot $30 | Rake $0.50
Board [4s 2d 5d 8d Js]
Seat 1: RaisemyNut$ (button) (small blind) mucked
Seat 2: PigStyles (big blind) showed [Kd Kc] and won ($29.50) with a pair of Kings


PokerStars Hand #148025577437:  Hold'em Limit ($3/$6 USD) - 2016/01/31 18:33:49 ET
Table 'Zanaih II' 2-max Seat #2 is the button
Seat 1: RaisemyNut$ ($286.56 in chips)
Seat 2: PigStyles ($93.04 in chips)
PigStyles: posts small blind $1
RaisemyNut$: posts big blind $3
*** HOLE CARDS ***
PigStyles: raises $3 to $6
RaisemyNut$: calls $3
*** FLOP *** [3c Jc Kc]
RaisemyNut$: checks
PigStyles: bets $3
RaisemyNut$: raises $3 to $6
PigStyles: calls $3
*** TURN *** [3c Jc Kc] [4c]
RaisemyNut$: bets $6
PigStyles: calls $6
*** RIVER *** [3c Jc Kc 4c] [7h]
RaisemyNut$: bets $6
PigStyles: calls $6
*** SHOW DOWN ***
RaisemyNut$: shows [8c 2c] (a flush, King high)
PigStyles: shows [Ad Tc] (a flush, King high - Ten higher)
PigStyles collected $47.50 from pot
*** SUMMARY ***
Total pot $48 | Rake $0.50
Board [3c Jc Kc 4c 7h]
Seat 1: RaisemyNut$ (big blind) showed [8c 2c] and lost with a flush, King high
Seat 2: PigStyles (button) (small blind) showed [Ad Tc] and won ($47.50) with a flush, King high


PokerStars Hand #148025650943:  Hold'em Limit ($3/$6 USD) - 2016/01/31 18:35:16 ET
Table 'Zanaih II' 2-max Seat #1 is the button
Seat 1: RaisemyNut$ ($196.56 in chips)
Seat 2: PigStyles ($180.80 in chips)
RaisemyNut$: posts small blind $1
PigStyles: posts big blind $3
*** HOLE CARDS ***
RaisemyNut$: raises $3 to $6
PigStyles: calls $3
*** FLOP *** [Jc Kh 5d]
PigStyles: checks
RaisemyNut$: bets $3
PigStyles: calls $3
*** TURN *** [Jc Kh 5d] [8d]
PigStyles: checks
RaisemyNut$: checks
*** RIVER *** [Jc Kh 5d 8d] [Tc]
PigStyles: checks
RaisemyNut$: checks
*** SHOW DOWN ***
PigStyles: shows [Ad 6s] (high card Ace)
RaisemyNut$: shows [5h Qd] (a pair of Fives)
RaisemyNut$ collected $17.64 from pot
*** SUMMARY ***
Total pot $18 | Rake $0.36
Board [Jc Kh 5d 8d Tc]
Seat 1: RaisemyNut$ (button) (small blind) showed [5h Qd] and won ($17.64) with a pair of Fives
Seat 2: PigStyles (big blind) showed [Ad 6s] and lost with high card Ace


PokerStars Hand #148025647000:  Hold'em Limit ($3/$6 USD) - 2016/01/31 18:35:11 ET
Table 'Zanaih II' 2-max Seat #2 is the button
Seat 1: RaisemyNut$ ($199.56 in chips)
Seat 2: PigStyles ($177.80 in chips)
PigStyles: posts small blind $1
RaisemyNut$: posts big blind $3
*** HOLE CARDS ***
PigStyles: raises $3 to $6
RaisemyNut$: folds
Uncalled bet ($3) returned to PigStyles
PigStyles collected $6 from pot
PigStyles: doesn't show hand
*** SUMMARY ***
Total pot $6 | Rake $0
Seat 1: RaisemyNut$ (big blind) folded before Flop
Seat 2: PigStyles (button) (small blind) collected ($6)


PokerStars Hand #148025636973:  Hold'em Limit ($3/$6 USD) - 2016/01/31 18:35:00 ET
Table 'Zanaih II' 2-max Seat #1 is the button
Seat 1: RaisemyNut$ ($205.56 in chips)
Seat 2: PigStyles ($172.04 in chips)
RaisemyNut$: posts small blind $1
PigStyles: posts big blind $3
*** HOLE CARDS ***
RaisemyNut$: raises $3 to $6
PigStyles: calls $3
*** FLOP *** [5s Tc Ts]
PigStyles: checks
RaisemyNut$: checks
*** TURN *** [5s Tc Ts] [As]
PigStyles: bets $6
RaisemyNut$: folds
Uncalled bet ($6) returned to PigStyles
PigStyles collected $11.76 from pot
PigStyles: doesn't show hand
*** SUMMARY ***
Total pot $12 | Rake $0.24
Board [5s Tc Ts As]
Seat 1: RaisemyNut$ (button) (small blind) folded on the Turn
Seat 2: PigStyles (big blind) collected ($11.76)


PokerStars Hand #148025632592:  Hold'em Limit ($3/$6 USD) - 2016/01/31 18:34:55 ET
Table 'Zanaih II' 2-max Seat #2 is the button
Seat 1: RaisemyNut$ ($208.56 in chips)
Seat 2: PigStyles ($169.04 in chips)
PigStyles: posts small blind $1
RaisemyNut$: posts big blind $3
*** HOLE CARDS ***
PigStyles: raises $3 to $6
RaisemyNut$: folds
Uncalled bet ($3) returned to PigStyles
PigStyles collected $6 from pot
PigStyles: doesn't show hand
*** SUMMARY ***
Total pot $6 | Rake $0
Seat 1: RaisemyNut$ (big blind) folded before Flop
Seat 2: PigStyles (button) (small blind) collected ($6)


PokerStars Hand #148025619136:  Hold'em Limit ($3/$6 USD) - 2016/01/31 18:34:39 ET
Table 'Zanaih II' 2-max Seat #1 is the button
Seat 1: RaisemyNut$ ($223.56 in chips)
Seat 2: PigStyles ($154.54 in chips)
RaisemyNut$: posts small blind $1
PigStyles: posts big blind $3
*** HOLE CARDS ***
RaisemyNut$: raises $3 to $6
PigStyles: calls $3
*** FLOP *** [Js Ac Qd]
PigStyles: checks
RaisemyNut$: bets $3
PigStyles: calls $3
*** TURN *** [Js Ac Qd] [6h]
PigStyles: checks
RaisemyNut$: bets $6
PigStyles: calls $6
*** RIVER *** [Js Ac Qd 6h] [6c]
PigStyles: checks
RaisemyNut$: checks
*** SHOW DOWN ***
PigStyles: shows [Kc 6d] (three of a kind, Sixes)
RaisemyNut$: mucks hand
PigStyles collected $29.50 from pot
*** SUMMARY ***
Total pot $30 | Rake $0.50
Board [Js Ac Qd 6h 6c]
Seat 1: RaisemyNut$ (button) (small blind) mucked
Seat 2: PigStyles (big blind) showed [Kc 6d] and won ($29.50) with three of a kind, Sixes


PokerStars Hand #148025603716:  Hold'em Limit ($3/$6 USD) - 2016/01/31 18:34:21 ET
Table 'Zanaih II' 2-max Seat #2 is the button
Seat 1: RaisemyNut$ ($247.56 in chips)
Seat 2: PigStyles ($131.04 in chips)
PigStyles: posts small blind $1
RaisemyNut$: posts big blind $3
*** HOLE CARDS ***
PigStyles: raises $3 to $6
RaisemyNut$: raises $3 to $9
PigStyles: calls $3
*** FLOP *** [4d Jc 5c]
RaisemyNut$: bets $3
PigStyles: calls $3
*** TURN *** [4d Jc 5c] [Jd]
RaisemyNut$: checks
PigStyles: bets $6
RaisemyNut$: calls $6
*** RIVER *** [4d Jc 5c Jd] [7d]
RaisemyNut$: checks
PigStyles: bets $6
RaisemyNut$: calls $6
*** SHOW DOWN ***
PigStyles: shows [4s Js] (a full house, Jacks full of Fours)
RaisemyNut$: mucks hand
PigStyles collected $47.50 from pot
*** SUMMARY ***
Total pot $48 | Rake $0.50
Board [4d Jc 5c Jd 7d]
Seat 1: RaisemyNut$ (big blind) mucked
Seat 2: PigStyles (button) (small blind) showed [4s Js] and won ($47.50) with a full house, Jacks full of Fours


PokerStars Hand #148025709119:  Hold'em Limit ($3/$6 USD) - 2016/01/31 18:36:25 ET
Table 'Zanaih II' 2-max Seat #1 is the button
Seat 1: RaisemyNut$ ($197.36 in chips)
Seat 2: PigStyles ($178.06 in chips)
RaisemyNut$: posts small blind $1
PigStyles: posts big blind $3
*** HOLE CARDS ***
RaisemyNut$: folds
Uncalled bet ($2) returned to PigStyles
PigStyles collected $2 from pot
PigStyles: doesn't show hand
*** SUMMARY ***
Total pot $2 | Rake $0
Seat 1: RaisemyNut$ (button) (small blind) folded before Flop
Seat 2: PigStyles (big blind) collected ($2)


PokerStars Hand #148025700194:  Hold'em Limit ($3/$6 USD) - 2016/01/31 18:36:14 ET
Table 'Zanaih II' 2-max Seat #2 is the button
Seat 1: RaisemyNut$ ($185.84 in chips)
Seat 2: PigStyles ($190.06 in chips)
PigStyles: posts small blind $1
RaisemyNut$: posts big blind $3
*** HOLE CARDS ***
PigStyles: raises $3 to $6
RaisemyNut$: raises $3 to $9
PigStyles: calls $3
*** FLOP *** [9s 4h 7c]
RaisemyNut$: bets $3
PigStyles: calls $3
*** TURN *** [9s 4h 7c] [Qs]
RaisemyNut$: bets $6
PigStyles: folds
Uncalled bet ($6) returned to RaisemyNut$
RaisemyNut$ collected $23.52 from pot
RaisemyNut$: doesn't show hand
*** SUMMARY ***
Total pot $24 | Rake $0.48
Board [9s 4h 7c Qs]
Seat 1: RaisemyNut$ (big blind) collected ($23.52)
Seat 2: PigStyles (button) (small blind) folded on the Turn


PokerStars Hand #148025696652:  Hold'em Limit ($3/$6 USD) - 2016/01/31 18:36:10 ET
Table 'Zanaih II' 2-max Seat #1 is the button
Seat 1: RaisemyNut$ ($186.84 in chips)
Seat 2: PigStyles ($189.06 in chips)
RaisemyNut$: posts small blind $1
PigStyles: posts big blind $3
*** HOLE CARDS ***
RaisemyNut$: folds
Uncalled bet ($2) returned to PigStyles
PigStyles collected $2 from pot
PigStyles: doesn't show hand
*** SUMMARY ***
Total pot $2 | Rake $0
Seat 1: RaisemyNut$ (button) (small blind) folded before Flop
Seat 2: PigStyles (big blind) collected ($2)


PokerStars Hand #148025684269:  Hold'em Limit ($3/$6 USD) - 2016/01/31 18:35:55 ET
Table 'Zanaih II' 2-max Seat #2 is the button
Seat 1: RaisemyNut$ ($178.20 in chips)
Seat 2: PigStyles ($198.06 in chips)
PigStyles: posts small blind $1
RaisemyNut$: posts big blind $3
*** HOLE CARDS ***
PigStyles: raises $3 to $6
RaisemyNut$: calls $3
*** FLOP *** [7s Tc 3h]
RaisemyNut$: checks
PigStyles: bets $3
RaisemyNut$: calls $3
*** TURN *** [7s Tc 3h] [Qd]
RaisemyNut$: checks
PigStyles: checks
*** RIVER *** [7s Tc 3h Qd] [2c]
RaisemyNut$: checks
PigStyles: checks
*** SHOW DOWN ***
RaisemyNut$: shows [Ac 5h] (high card Ace)
PigStyles: mucks hand
RaisemyNut$ collected $17.64 from pot
*** SUMMARY ***
Total pot $18 | Rake $0.36
Board [7s Tc 3h Qd 2c]
Seat 1: RaisemyNut$ (big blind) showed [Ac 5h] and won ($17.64) with high card Ace
Seat 2: PigStyles (button) (small blind) mucked


PokerStars Hand #148025670277:  Hold'em Limit ($3/$6 USD) - 2016/01/31 18:35:39 ET
Table 'Zanaih II' 2-max Seat #1 is the button
Seat 1: RaisemyNut$ ($199.20 in chips)
Seat 2: PigStyles ($177.56 in chips)
RaisemyNut$: posts small blind $1
PigStyles: posts big blind $3
*** HOLE CARDS ***
RaisemyNut$: raises $3 to $6
PigStyles: raises $3 to $9
RaisemyNut$: raises $3 to $12
Betting is capped
PigStyles: calls $3
*** FLOP *** [Qc Kc 5s]
PigStyles: checks
RaisemyNut$: bets $3
PigStyles: calls $3
*** TURN *** [Qc Kc 5s] [8s]
PigStyles: checks
RaisemyNut$: checks
*** RIVER *** [Qc Kc 5s 8s] [9c]
PigStyles: bets $6
RaisemyNut$: calls $6
*** SHOW DOWN ***
PigStyles: shows [Qh Th] (a pair of Queens)
RaisemyNut$: mucks hand
PigStyles collected $41.50 from pot
*** SUMMARY ***
Total pot $42 | Rake $0.50
Board [Qc Kc 5s 8s 9c]
Seat 1: RaisemyNut$ (button) (small blind) mucked
Seat 2: PigStyles (big blind) showed [Qh Th] and won ($41.50) with a pair of Queens


PokerStars Hand #148025662683:  Hold'em Limit ($3/$6 USD) - 2016/01/31 18:35:30 ET
Table 'Zanaih II' 2-max Seat #2 is the button
Seat 1: RaisemyNut$ ($205.20 in chips)
Seat 2: PigStyles ($171.80 in chips)
PigStyles: posts small blind $1
RaisemyNut$: posts big blind $3
*** HOLE CARDS ***
PigStyles: raises $3 to $6
RaisemyNut$: calls $3
*** FLOP *** [Jc 6s 6h]
RaisemyNut$: checks
PigStyles: bets $3
RaisemyNut$: folds
Uncalled bet ($3) returned to PigStyles
PigStyles collected $11.76 from pot
PigStyles: doesn't show hand
*** SUMMARY ***
Total pot $12 | Rake $0.24
Board [Jc 6s 6h]
Seat 1: RaisemyNut$ (big blind) folded on the Flop
Seat 2: PigStyles (button) (small blind) collected ($11.76)


PokerStars Hand #148025745745:  Hold'em Limit ($3/$6 USD) - 2016/01/31 18:37:08 ET
Table 'Zanaih II' 2-max Seat #2 is the button
Seat 1: RaisemyNut$ ($205.76 in chips)
Seat 2: PigStyles ($168.82 in chips)
PigStyles: posts small blind $1
RaisemyNut$: posts big blind $3
*** HOLE CARDS ***
PigStyles: raises $3 to $6
RaisemyNut$: calls $3
*** FLOP *** [Kd 2d Ah]
RaisemyNut$: checks
PigStyles: bets $3
RaisemyNut$: folds
Uncalled bet ($3) returned to PigStyles
PigStyles collected $11.76 from pot
PigStyles: doesn't show hand
*** SUMMARY ***
Total pot $12 | Rake $0.24
Board [Kd 2d Ah]
Seat 1: RaisemyNut$ (big blind) folded on the Flop
Seat 2: PigStyles (button) (small blind) collected ($11.76)


PokerStars Hand #148025737398:  Hold'em Limit ($3/$6 USD) - 2016/01/31 18:36:58 ET
Table 'Zanaih II' 2-max Seat #1 is the button
Seat 1: RaisemyNut$ ($200 in chips)
Seat 2: PigStyles ($174.82 in chips)
RaisemyNut$: posts small blind $1
PigStyles: posts big blind $3
*** HOLE CARDS ***
RaisemyNut$: raises $3 to $6
PigStyles: calls $3
*** FLOP *** [Kc Jh 3c]
PigStyles: checks
RaisemyNut$: bets $3
PigStyles: folds
Uncalled bet ($3) returned to RaisemyNut$
RaisemyNut$ collected $11.76 from pot
RaisemyNut$: doesn't show hand
*** SUMMARY ***
Total pot $12 | Rake $0.24
Board [Kc Jh 3c]
Seat 1: RaisemyNut$ (button) (small blind) collected ($11.76)
Seat 2: PigStyles (big blind) folded on the Flop


PokerStars Hand #148025733692:  Hold'em Limit ($3/$6 USD) - 2016/01/31 18:36:53 ET
Table 'Zanaih II' 2-max Seat #2 is the button
Seat 1: RaisemyNut$ ($199 in chips)
Seat 2: PigStyles ($175.82 in chips)
PigStyles: posts small blind $1
RaisemyNut$: posts big blind $3
*** HOLE CARDS ***
PigStyles: folds
Uncalled bet ($2) returned to RaisemyNut$
RaisemyNut$ collected $2 from pot
RaisemyNut$: doesn't show hand
*** SUMMARY ***
Total pot $2 | Rake $0
Seat 1: RaisemyNut$ (big blind) collected ($2)
Seat 2: PigStyles (button) (small blind) folded before Flop


PokerStars Hand #148025720774:  Hold'em Limit ($3/$6 USD) - 2016/01/31 18:36:38 ET
Table 'Zanaih II' 2-max Seat #1 is the button
Seat 1: RaisemyNut$ ($190.36 in chips)
Seat 2: PigStyles ($184.82 in chips)
RaisemyNut$: posts small blind $1
PigStyles: posts big blind $3
*** HOLE CARDS ***
RaisemyNut$: raises $3 to $6
PigStyles: calls $3
*** FLOP *** [6d 8c 4h]
PigStyles: checks
RaisemyNut$: bets $3
PigStyles: calls $3
*** TURN *** [6d 8c 4h] [5c]
PigStyles: checks
RaisemyNut$: bets $6
PigStyles: folds
Uncalled bet ($6) returned to RaisemyNut$
RaisemyNut$ collected $17.64 from pot
RaisemyNut$: doesn't show hand
*** SUMMARY ***
Total pot $18 | Rake $0.36
Board [6d 8c 4h 5c]
Seat 1: RaisemyNut$ (button) (small blind) collected ($17.64)
Seat 2: PigStyles (big blind) folded on the Turn


PokerStars Hand #148025713028:  Hold'em Limit ($3/$6 USD) - 2016/01/31 18:36:29 ET
Table 'Zanaih II' 2-max Seat #2 is the button
Seat 1: RaisemyNut$ ($196.36 in chips)
Seat 2: PigStyles ($179.06 in chips)
PigStyles: posts small blind $1
RaisemyNut$: posts big blind $3
*** HOLE CARDS ***
PigStyles: raises $3 to $6
RaisemyNut$: calls $3
*** FLOP *** [Qd Jd Js]
RaisemyNut$: checks
PigStyles: bets $3
RaisemyNut$: folds
Uncalled bet ($3) returned to PigStyles
PigStyles collected $11.76 from pot
PigStyles: doesn't show hand
*** SUMMARY ***
Total pot $12 | Rake $0.24
Board [Qd Jd Js]
Seat 1: RaisemyNut$ (big blind) folded on the Flop
Seat 2: PigStyles (button) (small blind) collected ($11.76)


PokerStars Hand #148025799034:  Hold'em Limit ($3/$6 USD) - 2016/01/31 18:38:12 ET
Table 'Zanaih II' 2-max Seat #2 is the button
Seat 1: RaisemyNut$ ($236.42 in chips)
Seat 2: PigStyles ($136.10 in chips)
PigStyles: posts small blind $1
RaisemyNut$: posts big blind $3
*** HOLE CARDS ***
PigStyles: raises $3 to $6
RaisemyNut$: calls $3
*** FLOP *** [4c 4h 5d]
RaisemyNut$: checks
PigStyles: bets $3
RaisemyNut$: raises $3 to $6
PigStyles: raises $3 to $9
RaisemyNut$: calls $3
*** TURN *** [4c 4h 5d] [Ah]
RaisemyNut$: checks
PigStyles: bets $6
RaisemyNut$: calls $6
*** RIVER *** [4c 4h 5d Ah] [2s]
RaisemyNut$: checks
PigStyles: bets $6
RaisemyNut$: calls $6
*** SHOW DOWN ***
PigStyles: shows [5s 3h] (a straight, Ace to Five)
RaisemyNut$: mucks hand
PigStyles collected $53.50 from pot
*** SUMMARY ***
Total pot $54 | Rake $0.50
Board [4c 4h 5d Ah 2s]
Seat 1: RaisemyNut$ (big blind) mucked
Seat 2: PigStyles (button) (small blind) showed [5s 3h] and won ($53.50) with a straight, Ace to Five


PokerStars Hand #148025788854:  Hold'em Limit ($3/$6 USD) - 2016/01/31 18:38:00 ET
Table 'Zanaih II' 2-max Seat #1 is the button
Seat 1: RaisemyNut$ ($248.42 in chips)
Seat 2: PigStyles ($124.58 in chips)
RaisemyNut$: posts small blind $1
PigStyles: posts big blind $3
*** HOLE CARDS ***
RaisemyNut$: raises $3 to $6
PigStyles: raises $3 to $9
RaisemyNut$: calls $3
*** FLOP *** [Ts 3h 4s]
PigStyles: bets $3
RaisemyNut$: calls $3
*** TURN *** [Ts 3h 4s] [Qc]
PigStyles: bets $6
RaisemyNut$: folds
Uncalled bet ($6) returned to PigStyles
PigStyles collected $23.52 from pot
PigStyles: doesn't show hand
*** SUMMARY ***
Total pot $24 | Rake $0.48
Board [Ts 3h 4s Qc]
Seat 1: RaisemyNut$ (button) (small blind) folded on the Turn
Seat 2: PigStyles (big blind) collected ($23.52)


PokerStars Hand #148025781950:  Hold'em Limit ($3/$6 USD) - 2016/01/31 18:37:51 ET
Table 'Zanaih II' 2-max Seat #2 is the button
Seat 1: RaisemyNut$ ($239.78 in chips)
Seat 2: PigStyles ($133.58 in chips)
PigStyles: posts small blind $1
RaisemyNut$: posts big blind $3
*** HOLE CARDS ***
PigStyles: raises $3 to $6
RaisemyNut$: raises $3 to $9
PigStyles: calls $3
*** FLOP *** [Qh Kd Jh]
RaisemyNut$: bets $3
PigStyles: folds
Uncalled bet ($3) returned to RaisemyNut$
RaisemyNut$ collected $17.64 from pot
RaisemyNut$: doesn't show hand
*** SUMMARY ***
Total pot $18 | Rake $0.36
Board [Qh Kd Jh]
Seat 1: RaisemyNut$ (big blind) collected ($17.64)
Seat 2: PigStyles (button) (small blind) folded on the Flop


PokerStars Hand #148025778407:  Hold'em Limit ($3/$6 USD) - 2016/01/31 18:37:47 ET
Table 'Zanaih II' 2-max Seat #1 is the button
Seat 1: RaisemyNut$ ($240.78 in chips)
Seat 2: PigStyles ($132.58 in chips)
RaisemyNut$: posts small blind $1
PigStyles: posts big blind $3
*** HOLE CARDS ***
PigStyles said, "omfg"
RaisemyNut$: folds
Uncalled bet ($2) returned to PigStyles
PigStyles collected $2 from pot
PigStyles: doesn't show hand
*** SUMMARY ***
Total pot $2 | Rake $0
Seat 1: RaisemyNut$ (button) (small blind) folded before Flop
Seat 2: PigStyles (big blind) collected ($2)


PokerStars Hand #148025766715:  Hold'em Limit ($3/$6 USD) - 2016/01/31 18:37:33 ET
Table 'Zanaih II' 2-max Seat #2 is the button
Seat 1: RaisemyNut$ ($229.26 in chips)
Seat 2: PigStyles ($144.58 in chips)
PigStyles: posts small blind $1
RaisemyNut$: posts big blind $3
*** HOLE CARDS ***
PigStyles: raises $3 to $6
RaisemyNut$: calls $3
*** FLOP *** [4s 2h 5s]
RaisemyNut$: checks
PigStyles: bets $3
RaisemyNut$: raises $3 to $6
PigStyles: calls $3
*** TURN *** [4s 2h 5s] [5d]
RaisemyNut$: bets $6
PigStyles: folds
Uncalled bet ($6) returned to RaisemyNut$
RaisemyNut$ collected $23.52 from pot
RaisemyNut$: doesn't show hand
*** SUMMARY ***
Total pot $24 | Rake $0.48
Board [4s 2h 5s 5d]
Seat 1: RaisemyNut$ (big blind) collected ($23.52)
Seat 2: PigStyles (button) (small blind) folded on the Turn


PokerStars Hand #148025862912:  Hold'em Limit ($3/$6 USD) - 2016/01/31 18:39:28 ET
Table 'Zanaih II' 2-max Seat #1 is the button
Seat 1: RaisemyNut$ ($217.44 in chips)
Seat 2: PigStyles ($152.86 in chips)
RaisemyNut$: posts small blind $1
PigStyles: posts big blind $3
*** HOLE CARDS ***
RaisemyNut$: raises $3 to $6
PigStyles: calls $3
*** FLOP *** [Qc 2h Jd]
PigStyles: checks
RaisemyNut$: bets $3
PigStyles: folds
Uncalled bet ($3) returned to RaisemyNut$
RaisemyNut$ collected $11.76 from pot
RaisemyNut$: doesn't show hand
*** SUMMARY ***
Total pot $12 | Rake $0.24
Board [Qc 2h Jd]
Seat 1: RaisemyNut$ (button) (small blind) collected ($11.76)
Seat 2: PigStyles (big blind) folded on the Flop


PokerStars Hand #148025852123:  Hold'em Limit ($3/$6 USD) - 2016/01/31 18:39:15 ET
Table 'Zanaih II' 2-max Seat #2 is the button
Seat 1: RaisemyNut$ ($223.44 in chips)
Seat 2: PigStyles ($147.10 in chips)
PigStyles: posts small blind $1
RaisemyNut$: posts big blind $3
*** HOLE CARDS ***
PigStyles: raises $3 to $6
RaisemyNut$: calls $3
*** FLOP *** [6c 6h Js]
RaisemyNut$: checks
PigStyles: checks
*** TURN *** [6c 6h Js] [Ah]
RaisemyNut$: checks
PigStyles: bets $6
RaisemyNut$: folds
Uncalled bet ($6) returned to PigStyles
PigStyles collected $11.76 from pot
PigStyles: doesn't show hand
*** SUMMARY ***
Total pot $12 | Rake $0.24
Board [6c 6h Js Ah]
Seat 1: RaisemyNut$ (big blind) folded on the Turn
Seat 2: PigStyles (button) (small blind) collected ($11.76)


PokerStars Hand #148025840792:  Hold'em Limit ($3/$6 USD) - 2016/01/31 18:39:01 ET
Table 'Zanaih II' 2-max Seat #1 is the button
Seat 1: RaisemyNut$ ($238.44 in chips)
Seat 2: PigStyles ($132.60 in chips)
RaisemyNut$: posts small blind $1
PigStyles: posts big blind $3
*** HOLE CARDS ***
PigStyles said, "j 6/cap kumt"
RaisemyNut$: raises $3 to $6
PigStyles: calls $3
*** FLOP *** [6s Jh 9d]
PigStyles: checks
RaisemyNut$: bets $3
PigStyles: calls $3
*** TURN *** [6s Jh 9d] [6c]
PigStyles: checks
RaisemyNut$: bets $6
PigStyles: raises $6 to $12
RaisemyNut$: folds
Uncalled bet ($6) returned to PigStyles
PigStyles collected $29.50 from pot
PigStyles: doesn't show hand
*** SUMMARY ***
Total pot $30 | Rake $0.50
Board [6s Jh 9d 6c]
Seat 1: RaisemyNut$ (button) (small blind) folded on the Turn
Seat 2: PigStyles (big blind) collected ($29.50)


PokerStars Hand #148025825936:  Hold'em Limit ($3/$6 USD) - 2016/01/31 18:38:44 ET
Table 'Zanaih II' 2-max Seat #2 is the button
Seat 1: RaisemyNut$ ($226.92 in chips)
Seat 2: PigStyles ($144.60 in chips)
PigStyles: posts small blind $1
RaisemyNut$: posts big blind $3
*** HOLE CARDS ***
PigStyles: raises $3 to $6
RaisemyNut$: calls $3
*** FLOP *** [5d 7d Jd]
RaisemyNut$: checks
PigStyles: checks
*** TURN *** [5d 7d Jd] [Js]
RaisemyNut$: checks
PigStyles: checks
*** RIVER *** [5d 7d Jd Js] [9d]
RaisemyNut$: checks
PigStyles: bets $6
RaisemyNut$: raises $6 to $12
PigStyles: folds
Uncalled bet ($6) returned to RaisemyNut$
RaisemyNut$ collected $23.52 from pot
RaisemyNut$: doesn't show hand
*** SUMMARY ***
Total pot $24 | Rake $0.48
Board [5d 7d Jd Js 9d]
Seat 1: RaisemyNut$ (big blind) collected ($23.52)
Seat 2: PigStyles (button) (small blind) folded on the River


PokerStars Hand #148025813913:  Hold'em Limit ($3/$6 USD) - 2016/01/31 18:38:29 ET
Table 'Zanaih II' 2-max Seat #1 is the button
Seat 1: RaisemyNut$ ($209.42 in chips)
Seat 2: PigStyles ($162.60 in chips)
RaisemyNut$: posts small blind $1
PigStyles: posts big blind $3
*** HOLE CARDS ***
RaisemyNut$: raises $3 to $6
PigStyles: raises $3 to $9
RaisemyNut$: calls $3
*** FLOP *** [Qd Ks Ad]
PigStyles: bets $3
RaisemyNut$: calls $3
*** TURN *** [Qd Ks Ad] [2h]
PigStyles: bets $6
RaisemyNut$: raises $6 to $12
PigStyles: folds
Uncalled bet ($6) returned to RaisemyNut$
RaisemyNut$ collected $35.50 from pot
RaisemyNut$: doesn't show hand
*** SUMMARY ***
Total pot $36 | Rake $0.50
Board [Qd Ks Ad 2h]
Seat 1: RaisemyNut$ (button) (small blind) collected ($35.50)
Seat 2: PigStyles (big blind) folded on the Turn


PokerStars Hand #148025898095:  Hold'em Limit ($3/$6 USD) - 2016/01/31 18:40:09 ET
Table 'Zanaih II' 2-max Seat #2 is the button
Seat 1: RaisemyNut$ ($230.60 in chips)
Seat 2: PigStyles ($138.62 in chips)
PigStyles: posts small blind $1
RaisemyNut$: posts big blind $3
*** HOLE CARDS ***
PigStyles: raises $3 to $6
RaisemyNut$: calls $3
*** FLOP *** [6d Ah 3s]
RaisemyNut$: checks
PigStyles: bets $3
RaisemyNut$: calls $3
*** TURN *** [6d Ah 3s] [Td]
RaisemyNut$: checks
PigStyles: bets $6
RaisemyNut$: calls $6
*** RIVER *** [6d Ah 3s Td] [Ks]
RaisemyNut$: bets $6
PigStyles: raises $6 to $12
RaisemyNut$: calls $6
*** SHOW DOWN ***
PigStyles: shows [Th 3h] (two pair, Tens and Threes)
RaisemyNut$: mucks hand
PigStyles collected $53.50 from pot
*** SUMMARY ***
Total pot $54 | Rake $0.50
Board [6d Ah 3s Td Ks]
Seat 1: RaisemyNut$ (big blind) mucked
Seat 2: PigStyles (button) (small blind) showed [Th 3h] and won ($53.50) with two pair, Tens and Threes


PokerStars Hand #148025894724:  Hold'em Limit ($3/$6 USD) - 2016/01/31 18:40:05 ET
Table 'Zanaih II' 2-max Seat #1 is the button
Seat 1: RaisemyNut$ ($231.60 in chips)
Seat 2: PigStyles ($137.62 in chips)
RaisemyNut$: posts small blind $1
PigStyles: posts big blind $3
*** HOLE CARDS ***
RaisemyNut$: folds
Uncalled bet ($2) returned to PigStyles
PigStyles collected $2 from pot
PigStyles: doesn't show hand
*** SUMMARY ***
Total pot $2 | Rake $0
Seat 1: RaisemyNut$ (button) (small blind) folded before Flop
Seat 2: PigStyles (big blind) collected ($2)


PokerStars Hand #148025885922:  Hold'em Limit ($3/$6 USD) - 2016/01/31 18:39:56 ET
Table 'Zanaih II' 2-max Seat #2 is the button
Seat 1: RaisemyNut$ ($225.84 in chips)
Seat 2: PigStyles ($143.62 in chips)
PigStyles: posts small blind $1
RaisemyNut$: posts big blind $3
*** HOLE CARDS ***
PigStyles: raises $3 to $6
RaisemyNut$: calls $3
*** FLOP *** [3h 5d 3d]
RaisemyNut$: checks
PigStyles: checks
*** TURN *** [3h 5d 3d] [Ts]
RaisemyNut$: bets $6
PigStyles: folds
Uncalled bet ($6) returned to RaisemyNut$
RaisemyNut$ collected $11.76 from pot
RaisemyNut$: doesn't show hand
*** SUMMARY ***
Total pot $12 | Rake $0.24
Board [3h 5d 3d Ts]
Seat 1: RaisemyNut$ (big blind) collected ($11.76)
Seat 2: PigStyles (button) (small blind) folded on the Turn


PokerStars Hand #148025875546:  Hold'em Limit ($3/$6 USD) - 2016/01/31 18:39:43 ET
Table 'Zanaih II' 2-max Seat #1 is the button
Seat 1: RaisemyNut$ ($217.20 in chips)
Seat 2: PigStyles ($152.62 in chips)
RaisemyNut$: posts small blind $1
PigStyles: posts big blind $3
*** HOLE CARDS ***
RaisemyNut$: raises $3 to $6
PigStyles: calls $3
*** FLOP *** [Th 9c 8d]
PigStyles: checks
RaisemyNut$: bets $3
PigStyles: calls $3
*** TURN *** [Th 9c 8d] [Ad]
PigStyles: checks
RaisemyNut$: bets $6
PigStyles: folds
Uncalled bet ($6) returned to RaisemyNut$
RaisemyNut$ collected $17.64 from pot
RaisemyNut$: doesn't show hand
*** SUMMARY ***
Total pot $18 | Rake $0.36
Board [Th 9c 8d Ad]
Seat 1: RaisemyNut$ (button) (small blind) collected ($17.64)
Seat 2: PigStyles (big blind) folded on the Turn


PokerStars Hand #148025868949:  Hold'em Limit ($3/$6 USD) - 2016/01/31 18:39:35 ET
Table 'Zanaih II' 2-max Seat #2 is the button
Seat 1: RaisemyNut$ ($223.20 in chips)
Seat 2: PigStyles ($146.86 in chips)
PigStyles: posts small blind $1
RaisemyNut$: posts big blind $3
*** HOLE CARDS ***
PigStyles: raises $3 to $6
RaisemyNut$: calls $3
*** FLOP *** [5c 5d 8c]
RaisemyNut$: checks
PigStyles: bets $3
RaisemyNut$: folds
Uncalled bet ($3) returned to PigStyles
PigStyles collected $11.76 from pot
PigStyles: doesn't show hand
*** SUMMARY ***
Total pot $12 | Rake $0.24
Board [5c 5d 8c]
Seat 1: RaisemyNut$ (big blind) folded on the Flop
Seat 2: PigStyles (button) (small blind) collected ($11.76)


PokerStars Hand #148025948968:  Hold'em Limit ($3/$6 USD) - 2016/01/31 18:41:06 ET
Table 'Zanaih II' 2-max Seat #2 is the button
Seat 1: RaisemyNut$ ($202.10 in chips)
Seat 2: PigStyles ($165.62 in chips)
PigStyles: posts small blind $1
RaisemyNut$: posts big blind $3
*** HOLE CARDS ***
PigStyles: raises $3 to $6
RaisemyNut$: calls $3
*** FLOP *** [4h Kc 6s]
RaisemyNut$: checks
PigStyles: bets $3
RaisemyNut$: folds
Uncalled bet ($3) returned to PigStyles
PigStyles collected $11.76 from pot
PigStyles: doesn't show hand
*** SUMMARY ***
Total pot $12 | Rake $0.24
Board [4h Kc 6s]
Seat 1: RaisemyNut$ (big blind) folded on the Flop
Seat 2: PigStyles (button) (small blind) collected ($11.76)


PokerStars Hand #148025927089:  Hold'em Limit ($3/$6 USD) - 2016/01/31 18:40:42 ET
Table 'Zanaih II' 2-max Seat #2 is the button
Seat 1: RaisemyNut$ ($224.10 in chips)
Seat 2: PigStyles ($144.12 in chips)
PigStyles: posts small blind $1
RaisemyNut$: posts big blind $3
*** HOLE CARDS ***
PigStyles: raises $3 to $6
RaisemyNut$: calls $3
*** FLOP *** [6d Qh 4c]
RaisemyNut$: checks
PigStyles: bets $3
RaisemyNut$: calls $3
*** TURN *** [6d Qh 4c] [Jc]
RaisemyNut$: checks
PigStyles: bets $6
RaisemyNut$: calls $6
*** RIVER *** [6d Qh 4c Jc] [7h]
RaisemyNut$: checks
PigStyles: bets $6
RaisemyNut$: calls $6
*** SHOW DOWN ***
PigStyles: shows [8s Jd] (a pair of Jacks)
RaisemyNut$: mucks hand
PigStyles collected $41.50 from pot
*** SUMMARY ***
Total pot $42 | Rake $0.50
Board [6d Qh 4c Jc 7h]
Seat 1: RaisemyNut$ (big blind) mucked
Seat 2: PigStyles (button) (small blind) showed [8s Jd] and won ($41.50) with a pair of Jacks


PokerStars Hand #148025912351:  Hold'em Limit ($3/$6 USD) - 2016/01/31 18:40:25 ET
Table 'Zanaih II' 2-max Seat #1 is the button
Seat 1: RaisemyNut$ ($203.60 in chips)
Seat 2: PigStyles ($165.12 in chips)
RaisemyNut$: posts small blind $1
PigStyles: posts big blind $3
*** HOLE CARDS ***
RaisemyNut$: raises $3 to $6
PigStyles: calls $3
*** FLOP *** [9h 5d 8h]
PigStyles: checks
RaisemyNut$: bets $3
PigStyles: calls $3
*** TURN *** [9h 5d 8h] [Ah]
PigStyles: checks
RaisemyNut$: bets $6
PigStyles: calls $6
*** RIVER *** [9h 5d 8h Ah] [Ac]
PigStyles: checks
RaisemyNut$: bets $6
PigStyles: calls $6
*** SHOW DOWN ***
RaisemyNut$: shows [Ad 7d] (three of a kind, Aces)
PigStyles: mucks hand
RaisemyNut$ collected $41.50 from pot
*** SUMMARY ***
Total pot $42 | Rake $0.50
Board [9h 5d 8h Ah Ac]
Seat 1: RaisemyNut$ (button) (small blind) showed [Ad 7d] and won ($41.50) with three of a kind, Aces
Seat 2: PigStyles (big blind) mucked


PokerStars Hand #148025956991:  Hold'em Limit ($3/$6 USD) - 2016/01/31 18:41:15 ET
Table 'Zanaih II' 2-max Seat #1 is the button
Seat 1: RaisemyNut$ ($196.10 in chips)
Seat 2: PigStyles ($171.38 in chips)
RaisemyNut$: posts small blind $1
PigStyles: posts big blind $3
*** HOLE CARDS ***
RaisemyNut$: raises $3 to $6
PigStyles: calls $3
*** FLOP *** [Ah 8h 7d]
PigStyles: checks
RaisemyNut$: bets $3
PigStyles: raises $3 to $6
RaisemyNut$: raises $3 to $9
PigStyles: calls $3
*** TURN *** [Ah 8h 7d] [3c]
PigStyles: checks
RaisemyNut$: bets $6
PigStyles: calls $6
*** RIVER *** [Ah 8h 7d 3c] [8s]
PigStyles: checks
RaisemyNut$: checks
*** SHOW DOWN ***
PigStyles: shows [7s 6d] (two pair, Eights and Sevens)
RaisemyNut$: shows [Qd 7h] (two pair, Eights and Sevens)
PigStyles collected $20.75 from pot
RaisemyNut$ collected $20.75 from pot
*** SUMMARY ***
Total pot $42 | Rake $0.50
Board [Ah 8h 7d 3c 8s]
Seat 1: RaisemyNut$ (button) (small blind) showed [Qd 7h] and won ($20.75) with two pair, Eights and Sevens
Seat 2: PigStyles (big blind) showed [7s 6d] and won ($20.75) with two pair, Eights and Sevens


PokerStars Hand #148025993731:  Hold'em Limit ($3/$6 USD) - 2016/01/31 18:41:55 ET
Table 'Zanaih II' 2-max Seat #2 is the button
Seat 1: RaisemyNut$ ($189.49 in chips)
Seat 2: PigStyles ($176.63 in chips)
PigStyles: posts small blind $1
RaisemyNut$: posts big blind $3
*** HOLE CARDS ***
PigStyles: raises $3 to $6
RaisemyNut$: calls $3
*** FLOP *** [7d Jd 9h]
RaisemyNut$: checks
PigStyles: bets $3
RaisemyNut$: calls $3
*** TURN *** [7d Jd 9h] [Ah]
RaisemyNut$: checks
PigStyles: bets $6
RaisemyNut$: raises $6 to $12
PigStyles: raises $6 to $18
RaisemyNut$: raises $6 to $24
Betting is capped
PigStyles: folds
Uncalled bet ($6) returned to RaisemyNut$
RaisemyNut$ collected $53.50 from pot
RaisemyNut$: doesn't show hand
*** SUMMARY ***
Total pot $54 | Rake $0.50
Board [7d Jd 9h Ah]
Seat 1: RaisemyNut$ (big blind) collected ($53.50)
Seat 2: PigStyles (button) (small blind) folded on the Turn


PokerStars Hand #148025980519:  Hold'em Limit ($3/$6 USD) - 2016/01/31 18:41:40 ET
Table 'Zanaih II' 2-max Seat #1 is the button
Seat 1: RaisemyNut$ ($204.49 in chips)
Seat 2: PigStyles ($162.13 in chips)
RaisemyNut$: posts small blind $1
PigStyles: posts big blind $3
*** HOLE CARDS ***
RaisemyNut$: raises $3 to $6
PigStyles: calls $3
*** FLOP *** [Qc 8s 6h]
PigStyles: checks
RaisemyNut$: bets $3
PigStyles: calls $3
*** TURN *** [Qc 8s 6h] [4h]
PigStyles: checks
RaisemyNut$: bets $6
PigStyles: calls $6
*** RIVER *** [Qc 8s 6h 4h] [3d]
PigStyles: checks
RaisemyNut$: checks
*** SHOW DOWN ***
PigStyles: shows [Td 8c] (a pair of Eights)
RaisemyNut$: mucks hand
PigStyles collected $29.50 from pot
*** SUMMARY ***
Total pot $30 | Rake $0.50
Board [Qc 8s 6h 4h 3d]
Seat 1: RaisemyNut$ (button) (small blind) mucked
Seat 2: PigStyles (big blind) showed [Td 8c] and won ($29.50) with a pair of Eights


PokerStars Hand #148025973018:  Hold'em Limit ($3/$6 USD) - 2016/01/31 18:41:32 ET
Table 'Zanaih II' 2-max Seat #2 is the button
Seat 1: RaisemyNut$ ($195.85 in chips)
Seat 2: PigStyles ($171.13 in chips)
PigStyles: posts small blind $1
RaisemyNut$: posts big blind $3
*** HOLE CARDS ***
PigStyles: raises $3 to $6
RaisemyNut$: raises $3 to $9
PigStyles: calls $3
*** FLOP *** [Td Tc 4d]
RaisemyNut$: bets $3
PigStyles: folds
Uncalled bet ($3) returned to RaisemyNut$
RaisemyNut$ collected $17.64 from pot
RaisemyNut$: doesn't show hand
*** SUMMARY ***
Total pot $18 | Rake $0.36
Board [Td Tc 4d]
Seat 1: RaisemyNut$ (big blind) collected ($17.64)
Seat 2: PigStyles (button) (small blind) folded on the Flop


PokerStars Hand #148026062762:  Hold'em Limit ($3/$6 USD) - 2016/01/31 18:43:09 ET
Table 'Zanaih II' 2-max Seat #1 is the button
Seat 1: RaisemyNut$ ($226.53 in chips)
Seat 2: PigStyles ($137.13 in chips)
RaisemyNut$: posts small blind $1
PigStyles: posts big blind $3
*** HOLE CARDS ***
RaisemyNut$: raises $3 to $6
PigStyles: calls $3
*** FLOP *** [9h 7c Js]
PigStyles: checks
RaisemyNut$: bets $3
PigStyles: calls $3
*** TURN *** [9h 7c Js] [Th]
PigStyles: checks
RaisemyNut$: checks
*** RIVER *** [9h 7c Js Th] [7d]
PigStyles: bets $6
RaisemyNut$: folds
Uncalled bet ($6) returned to PigStyles
PigStyles collected $17.64 from pot
PigStyles: doesn't show hand
*** SUMMARY ***
Total pot $18 | Rake $0.36
Board [9h 7c Js Th 7d]
Seat 1: RaisemyNut$ (button) (small blind) folded on the River
Seat 2: PigStyles (big blind) collected ($17.64)


PokerStars Hand #148026052650:  Hold'em Limit ($3/$6 USD) - 2016/01/31 18:42:58 ET
Table 'Zanaih II' 2-max Seat #2 is the button
Seat 1: RaisemyNut$ ($215.01 in chips)
Seat 2: PigStyles ($149.13 in chips)
PigStyles: posts small blind $1
RaisemyNut$: posts big blind $3
*** HOLE CARDS ***
PigStyles: raises $3 to $6
RaisemyNut$: raises $3 to $9
PigStyles: calls $3
*** FLOP *** [2d 9d Js]
RaisemyNut$: bets $3
PigStyles: calls $3
*** TURN *** [2d 9d Js] [Ac]
RaisemyNut$: bets $6
PigStyles: folds
Uncalled bet ($6) returned to RaisemyNut$
RaisemyNut$ collected $23.52 from pot
RaisemyNut$: doesn't show hand
*** SUMMARY ***
Total pot $24 | Rake $0.48
Board [2d 9d Js Ac]
Seat 1: RaisemyNut$ (big blind) collected ($23.52)
Seat 2: PigStyles (button) (small blind) folded on the Turn


PokerStars Hand #148026039735:  Hold'em Limit ($3/$6 USD) - 2016/01/31 18:42:44 ET
Table 'Zanaih II' 2-max Seat #1 is the button
Seat 1: RaisemyNut$ ($191.51 in chips)
Seat 2: PigStyles ($173.13 in chips)
RaisemyNut$: posts small blind $1
PigStyles: posts big blind $3
*** HOLE CARDS ***
RaisemyNut$: raises $3 to $6
PigStyles: raises $3 to $9
RaisemyNut$: calls $3
*** FLOP *** [5d 2h Qh]
PigStyles: bets $3
RaisemyNut$: calls $3
*** TURN *** [5d 2h Qh] [7h]
PigStyles: bets $6
RaisemyNut$: calls $6
*** RIVER *** [5d 2h Qh 7h] [8d]
PigStyles: bets $6
RaisemyNut$: calls $6
*** SHOW DOWN ***
PigStyles: shows [9h Ks] (high card King)
RaisemyNut$: shows [Jd 5h] (a pair of Fives)
RaisemyNut$ collected $47.50 from pot
*** SUMMARY ***
Total pot $48 | Rake $0.50
Board [5d 2h Qh 7h 8d]
Seat 1: RaisemyNut$ (button) (small blind) showed [Jd 5h] and won ($47.50) with a pair of Fives
Seat 2: PigStyles (big blind) showed [9h Ks] and lost with high card King


PokerStars Hand #148026027626:  Hold'em Limit ($3/$6 USD) - 2016/01/31 18:42:31 ET
Table 'Zanaih II' 2-max Seat #2 is the button
Seat 1: RaisemyNut$ ($179.99 in chips)
Seat 2: PigStyles ($185.13 in chips)
PigStyles: posts small blind $1
RaisemyNut$: posts big blind $3
*** HOLE CARDS ***
PigStyles: raises $3 to $6
RaisemyNut$: raises $3 to $9
PigStyles: calls $3
*** FLOP *** [Ts Tc 9s]
RaisemyNut$: bets $3
PigStyles: calls $3
*** TURN *** [Ts Tc 9s] [Kh]
RaisemyNut$: checks
PigStyles: checks
*** RIVER *** [Ts Tc 9s Kh] [5s]
RaisemyNut$: bets $6
PigStyles: folds
Uncalled bet ($6) returned to RaisemyNut$
RaisemyNut$ collected $23.52 from pot
RaisemyNut$: doesn't show hand
*** SUMMARY ***
Total pot $24 | Rake $0.48
Board [Ts Tc 9s Kh 5s]
Seat 1: RaisemyNut$ (big blind) collected ($23.52)
Seat 2: PigStyles (button) (small blind) folded on the River


PokerStars Hand #148026077440:  Hold'em Limit ($3/$6 USD) - 2016/01/31 18:43:26 ET
Table 'Zanaih II' 2-max Seat #2 is the button
Seat 1: RaisemyNut$ ($217.53 in chips)
Seat 2: PigStyles ($145.77 in chips)
PigStyles: posts small blind $1
RaisemyNut$: posts big blind $3
*** HOLE CARDS ***
PigStyles: raises $3 to $6
RaisemyNut$: folds
Uncalled bet ($3) returned to PigStyles
PigStyles collected $6 from pot
PigStyles: doesn't show hand
*** SUMMARY ***
Total pot $6 | Rake $0
Seat 1: RaisemyNut$ (big blind) folded before Flop
Seat 2: PigStyles (button) (small blind) collected ($6)


PokerStars Hand #148026112837:  Hold'em Limit ($3/$6 USD) - 2016/01/31 18:44:04 ET
Table 'Zanaih II' 2-max Seat #1 is the button
Seat 1: RaisemyNut$ ($160.53 in chips)
Seat 2: PigStyles ($201.77 in chips)
RaisemyNut$: posts small blind $1
PigStyles: posts big blind $3
*** HOLE CARDS ***
RaisemyNut$: raises $3 to $6
PigStyles: calls $3
*** FLOP *** [4s Kh Kc]
PigStyles: checks
RaisemyNut$: bets $3
PigStyles: raises $3 to $6
RaisemyNut$: calls $3
*** TURN *** [4s Kh Kc] [Ts]
PigStyles: bets $6
RaisemyNut$: raises $6 to $12
PigStyles: raises $6 to $18
RaisemyNut$: folds
Uncalled bet ($6) returned to PigStyles
PigStyles collected $47.50 from pot
PigStyles: doesn't show hand
*** SUMMARY ***
Total pot $48 | Rake $0.50
Board [4s Kh Kc Ts]
Seat 1: RaisemyNut$ (button) (small blind) folded on the Turn
Seat 2: PigStyles (big blind) collected ($47.50)


PokerStars Hand #148026096581:  Hold'em Limit ($3/$6 USD) - 2016/01/31 18:43:46 ET
Table 'Zanaih II' 2-max Seat #2 is the button
Seat 1: RaisemyNut$ ($196.53 in chips)
Seat 2: PigStyles ($166.27 in chips)
PigStyles: posts small blind $1
RaisemyNut$: posts big blind $3
*** HOLE CARDS ***
PigStyles: raises $3 to $6
RaisemyNut$: calls $3
*** FLOP *** [Qd Tc Jh]
RaisemyNut$: checks
PigStyles: bets $3
RaisemyNut$: raises $3 to $6
PigStyles: raises $3 to $9
RaisemyNut$: raises $3 to $12
Betting is capped
PigStyles: calls $3
*** TURN *** [Qd Tc Jh] [5h]
RaisemyNut$: bets $6
PigStyles: calls $6
*** RIVER *** [Qd Tc Jh 5h] [2c]
RaisemyNut$: bets $6
PigStyles: raises $6 to $12
RaisemyNut$: calls $6
*** SHOW DOWN ***
PigStyles: shows [Th 2h] (two pair, Tens and Deuces)
RaisemyNut$: mucks hand
PigStyles collected $71.50 from pot
*** SUMMARY ***
Total pot $72 | Rake $0.50
Board [Qd Tc Jh 5h 2c]
Seat 1: RaisemyNut$ (big blind) mucked
Seat 2: PigStyles (button) (small blind) showed [Th 2h] and won ($71.50) with two pair, Tens and Deuces


PokerStars Hand #148026081151:  Hold'em Limit ($3/$6 USD) - 2016/01/31 18:43:30 ET
Table 'Zanaih II' 2-max Seat #1 is the button
Seat 1: RaisemyNut$ ($214.53 in chips)
Seat 2: PigStyles ($148.77 in chips)
RaisemyNut$: posts small blind $1
PigStyles: posts big blind $3
*** HOLE CARDS ***
RaisemyNut$: raises $3 to $6
PigStyles: calls $3
*** FLOP *** [7h 8c 7s]
PigStyles: checks
RaisemyNut$: bets $3
PigStyles: raises $3 to $6
RaisemyNut$: calls $3
*** TURN *** [7h 8c 7s] [4d]
PigStyles: bets $6
RaisemyNut$: calls $6
*** RIVER *** [7h 8c 7s 4d] [5c]
PigStyles: bets $6
RaisemyNut$: folds
Uncalled bet ($6) returned to PigStyles
PigStyles collected $35.50 from pot
PigStyles: doesn't show hand
*** SUMMARY ***
Total pot $36 | Rake $0.50
Board [7h 8c 7s 4d 5c]
Seat 1: RaisemyNut$ (button) (small blind) folded on the River
Seat 2: PigStyles (big blind) collected ($35.50)


PokerStars Hand #148026126468:  Hold'em Limit ($3/$6 USD) - 2016/01/31 18:44:19 ET
Table 'Zanaih II' 2-max Seat #2 is the button
Seat 1: RaisemyNut$ ($136.53 in chips)
Seat 2: PigStyles ($225.27 in chips)
PigStyles: posts small blind $1
RaisemyNut$: posts big blind $3
*** HOLE CARDS ***
PigStyles: raises $3 to $6
RaisemyNut$: calls $3
*** FLOP *** [3h 3d Qd]
RaisemyNut$: checks
PigStyles: checks
*** TURN *** [3h 3d Qd] [Jh]
RaisemyNut$: checks
PigStyles: bets $6
RaisemyNut$: raises $6 to $12
PigStyles: folds
Uncalled bet ($6) returned to RaisemyNut$
RaisemyNut$ collected $23.52 from pot
RaisemyNut$: doesn't show hand
*** SUMMARY ***
Total pot $24 | Rake $0.48
Board [3h 3d Qd Jh]
Seat 1: RaisemyNut$ (big blind) collected ($23.52)
Seat 2: PigStyles (button) (small blind) folded on the Turn


PokerStars Hand #148026185553:  Hold'em Limit ($3/$6 USD) - 2016/01/31 18:45:24 ET
Table 'Zanaih II' 2-max Seat #1 is the button
Seat 1: RaisemyNut$ ($84.81 in chips)
Seat 2: PigStyles ($274.91 in chips)
RaisemyNut$: posts small blind $1
PigStyles: posts big blind $3
*** HOLE CARDS ***
RaisemyNut$: raises $3 to $6
PigStyles: calls $3
*** FLOP *** [9d Qs 5h]
PigStyles: checks
RaisemyNut$: bets $3
PigStyles: calls $3
*** TURN *** [9d Qs 5h] [Th]
PigStyles: checks
RaisemyNut$: bets $6
PigStyles: folds
Uncalled bet ($6) returned to RaisemyNut$
RaisemyNut$ collected $17.64 from pot
RaisemyNut$: doesn't show hand
*** SUMMARY ***
Total pot $18 | Rake $0.36
Board [9d Qs 5h Th]
Seat 1: RaisemyNut$ (button) (small blind) collected ($17.64)
Seat 2: PigStyles (big blind) folded on the Turn


PokerStars Hand #148026167700:  Hold'em Limit ($3/$6 USD) - 2016/01/31 18:45:05 ET
Table 'Zanaih II' 2-max Seat #2 is the button
Seat 1: RaisemyNut$ ($117.81 in chips)
Seat 2: PigStyles ($242.41 in chips)
PigStyles: posts small blind $1
RaisemyNut$: posts big blind $3
*** HOLE CARDS ***
PigStyles: raises $3 to $6
RaisemyNut$: raises $3 to $9
PigStyles: calls $3
*** FLOP *** [6c 9h 2s]
RaisemyNut$: bets $3
PigStyles: raises $3 to $6
RaisemyNut$: calls $3
*** TURN *** [6c 9h 2s] [7c]
RaisemyNut$: checks
PigStyles: bets $6
RaisemyNut$: raises $6 to $12
PigStyles: calls $6
*** RIVER *** [6c 9h 2s 7c] [8c]
RaisemyNut$: checks
PigStyles: bets $6
RaisemyNut$: calls $6
*** SHOW DOWN ***
PigStyles: shows [7s 5h] (a straight, Five to Nine)
RaisemyNut$: mucks hand
PigStyles collected $65.50 from pot
*** SUMMARY ***
Total pot $66 | Rake $0.50
Board [6c 9h 2s 7c 8c]
Seat 1: RaisemyNut$ (big blind) mucked
Seat 2: PigStyles (button) (small blind) showed [7s 5h] and won ($65.50) with a straight, Five to Nine


PokerStars Hand #148026160492:  Hold'em Limit ($3/$6 USD) - 2016/01/31 18:44:57 ET
Table 'Zanaih II' 2-max Seat #1 is the button
Seat 1: RaisemyNut$ ($112.05 in chips)
Seat 2: PigStyles ($248.41 in chips)
RaisemyNut$: posts small blind $1
PigStyles: posts big blind $3
*** HOLE CARDS ***
RaisemyNut$: raises $3 to $6
PigStyles: calls $3
*** FLOP *** [Jh 4h 8h]
PigStyles: checks
RaisemyNut$: bets $3
PigStyles: folds
Uncalled bet ($3) returned to RaisemyNut$
RaisemyNut$ collected $11.76 from pot
RaisemyNut$: doesn't show hand
*** SUMMARY ***
Total pot $12 | Rake $0.24
Board [Jh 4h 8h]
Seat 1: RaisemyNut$ (button) (small blind) collected ($11.76)
Seat 2: PigStyles (big blind) folded on the Flop


PokerStars Hand #148026146025:  Hold'em Limit ($3/$6 USD) - 2016/01/31 18:44:41 ET
Table 'Zanaih II' 2-max Seat #2 is the button
Seat 1: RaisemyNut$ ($139.05 in chips)
Seat 2: PigStyles ($221.91 in chips)
PigStyles: posts small blind $1
RaisemyNut$: posts big blind $3
*** HOLE CARDS ***
PigStyles: raises $3 to $6
RaisemyNut$: calls $3
*** FLOP *** [9s Jc Ks]
RaisemyNut$: checks
PigStyles: bets $3
RaisemyNut$: calls $3
*** TURN *** [9s Jc Ks] [Kd]
RaisemyNut$: bets $6
PigStyles: raises $6 to $12
RaisemyNut$: calls $6
*** RIVER *** [9s Jc Ks Kd] [9h]
RaisemyNut$: checks
PigStyles: bets $6
RaisemyNut$: calls $6
*** SHOW DOWN ***
PigStyles: shows [9d 3c] (a full house, Nines full of Kings)
RaisemyNut$: mucks hand
PigStyles collected $53.50 from pot
*** SUMMARY ***
Total pot $54 | Rake $0.50
Board [9s Jc Ks Kd 9h]
Seat 1: RaisemyNut$ (big blind) mucked
Seat 2: PigStyles (button) (small blind) showed [9d 3c] and won ($53.50) with a full house, Nines full of Kings


PokerStars Hand #148026137094:  Hold'em Limit ($3/$6 USD) - 2016/01/31 18:44:31 ET
Table 'Zanaih II' 2-max Seat #1 is the button
Seat 1: RaisemyNut$ ($148.05 in chips)
Seat 2: PigStyles ($213.27 in chips)
RaisemyNut$: posts small blind $1
PigStyles: posts big blind $3
*** HOLE CARDS ***
RaisemyNut$: raises $3 to $6
PigStyles: raises $3 to $9
RaisemyNut$: calls $3
*** FLOP *** [Th Kc Qs]
PigStyles: bets $3
RaisemyNut$: folds
Uncalled bet ($3) returned to PigStyles
PigStyles collected $17.64 from pot
PigStyles: doesn't show hand
*** SUMMARY ***
Total pot $18 | Rake $0.36
Board [Th Kc Qs]
Seat 1: RaisemyNut$ (button) (small blind) folded on the Flop
Seat 2: PigStyles (big blind) collected ($17.64)


PokerStars Hand #148026236529:  Hold'em Limit ($3/$6 USD) - 2016/01/31 18:46:20 ET
Table 'Zanaih II' 2-max Seat #2 is the button
Seat 1: RaisemyNut$ ($130.35 in chips)
Seat 2: PigStyles ($227.91 in chips)
PigStyles: posts small blind $1
RaisemyNut$: posts big blind $3
*** HOLE CARDS ***
PigStyles: raises $3 to $6
RaisemyNut$: calls $3
*** FLOP *** [7s Jc Kc]
RaisemyNut$: checks
PigStyles: bets $3
RaisemyNut$: raises $3 to $6
PigStyles: raises $3 to $9
RaisemyNut$: folds
Uncalled bet ($3) returned to PigStyles
PigStyles collected $23.52 from pot
PigStyles: doesn't show hand
*** SUMMARY ***
Total pot $24 | Rake $0.48
Board [7s Jc Kc]
Seat 1: RaisemyNut$ (big blind) folded on the Flop
Seat 2: PigStyles (button) (small blind) collected ($23.52)


PokerStars Hand #148026232822:  Hold'em Limit ($3/$6 USD) - 2016/01/31 18:46:16 ET
Table 'Zanaih II' 2-max Seat #1 is the button
Seat 1: RaisemyNut$ ($131.35 in chips)
Seat 2: PigStyles ($226.91 in chips)
RaisemyNut$: posts small blind $1
PigStyles: posts big blind $3
*** HOLE CARDS ***
RaisemyNut$: folds
Uncalled bet ($2) returned to PigStyles
PigStyles collected $2 from pot
PigStyles: doesn't show hand
*** SUMMARY ***
Total pot $2 | Rake $0
Seat 1: RaisemyNut$ (button) (small blind) folded before Flop
Seat 2: PigStyles (big blind) collected ($2)


PokerStars Hand #148026205380:  Hold'em Limit ($3/$6 USD) - 2016/01/31 18:45:46 ET
Table 'Zanaih II' 2-max Seat #1 is the button
Seat 1: RaisemyNut$ ($102.09 in chips)
Seat 2: PigStyles ($256.91 in chips)
RaisemyNut$: posts small blind $1
PigStyles: posts big blind $3
*** HOLE CARDS ***
RaisemyNut$: raises $3 to $6
PigStyles: calls $3
*** FLOP *** [6h 2h 3d]
PigStyles: checks
RaisemyNut$: checks
*** TURN *** [6h 2h 3d] [Jc]
PigStyles: checks
RaisemyNut$: checks
*** RIVER *** [6h 2h 3d Jc] [Ac]
PigStyles: checks
RaisemyNut$: bets $6
PigStyles: folds
Uncalled bet ($6) returned to RaisemyNut$
RaisemyNut$ collected $11.76 from pot
RaisemyNut$: doesn't show hand
*** SUMMARY ***
Total pot $12 | Rake $0.24
Board [6h 2h 3d Jc Ac]
Seat 1: RaisemyNut$ (button) (small blind) collected ($11.76)
Seat 2: PigStyles (big blind) folded on the River


PokerStars Hand #148026196580:  Hold'em Limit ($3/$6 USD) - 2016/01/31 18:45:36 ET
Table 'Zanaih II' 2-max Seat #2 is the button
Seat 1: RaisemyNut$ ($93.45 in chips)
Seat 2: PigStyles ($265.91 in chips)
PigStyles: posts small blind $1
RaisemyNut$: posts big blind $3
*** HOLE CARDS ***
PigStyles: raises $3 to $6
RaisemyNut$: calls $3
*** FLOP *** [9s 2h Jd]
RaisemyNut$: checks
PigStyles: bets $3
RaisemyNut$: raises $3 to $6
PigStyles: folds
Uncalled bet ($3) returned to RaisemyNut$
RaisemyNut$ collected $17.64 from pot
RaisemyNut$: doesn't show hand
*** SUMMARY ***
Total pot $18 | Rake $0.36
Board [9s 2h Jd]
Seat 1: RaisemyNut$ (big blind) collected ($17.64)
Seat 2: PigStyles (button) (small blind) folded on the Flop


PokerStars Hand #148026275729:  Hold'em Limit ($3/$6 USD) - 2016/01/31 18:47:03 ET
Table 'Zanaih II' 2-max Seat #1 is the button
Seat 1: RaisemyNut$ ($76.35 in chips)
Seat 2: PigStyles ($280.57 in chips)
RaisemyNut$: posts small blind $1
PigStyles: posts big blind $3
*** HOLE CARDS ***
RaisemyNut$: raises $3 to $6
PigStyles: calls $3
*** FLOP *** [6h Th 8h]
PigStyles: checks
RaisemyNut$: bets $3
PigStyles: calls $3
*** TURN *** [6h Th 8h] [Js]
PigStyles: checks
RaisemyNut$: checks
*** RIVER *** [6h Th 8h Js] [Ts]
PigStyles: bets $6
RaisemyNut$: calls $6
*** SHOW DOWN ***
PigStyles: shows [Jc Qs] (two pair, Jacks and Tens)
RaisemyNut$: mucks hand
PigStyles collected $29.50 from pot
*** SUMMARY ***
Total pot $30 | Rake $0.50
Board [6h Th 8h Js Ts]
Seat 1: RaisemyNut$ (button) (small blind) mucked
Seat 2: PigStyles (big blind) showed [Jc Qs] and won ($29.50) with two pair, Jacks and Tens


PokerStars Hand #148026271504:  Hold'em Limit ($3/$6 USD) - 2016/01/31 18:46:58 ET
Table 'Zanaih II' 2-max Seat #2 is the button
Seat 1: RaisemyNut$ ($79.35 in chips)
Seat 2: PigStyles ($277.57 in chips)
PigStyles: posts small blind $1
RaisemyNut$: posts big blind $3
*** HOLE CARDS ***
PigStyles: raises $3 to $6
RaisemyNut$: folds
Uncalled bet ($3) returned to PigStyles
PigStyles collected $6 from pot
PigStyles: doesn't show hand
*** SUMMARY ***
Total pot $6 | Rake $0
Seat 1: RaisemyNut$ (big blind) folded before Flop
Seat 2: PigStyles (button) (small blind) collected ($6)


PokerStars Hand #148026264049:  Hold'em Limit ($3/$6 USD) - 2016/01/31 18:46:50 ET
Table 'Zanaih II' 2-max Seat #1 is the button
Seat 1: RaisemyNut$ ($88.35 in chips)
Seat 2: PigStyles ($268.93 in chips)
RaisemyNut$: posts small blind $1
PigStyles: posts big blind $3
*** HOLE CARDS ***
RaisemyNut$: raises $3 to $6
PigStyles: raises $3 to $9
RaisemyNut$: calls $3
*** FLOP *** [Ks 5h 8d]
PigStyles: bets $3
RaisemyNut$: folds
Uncalled bet ($3) returned to PigStyles
PigStyles collected $17.64 from pot
PigStyles: doesn't show hand
*** SUMMARY ***
Total pot $18 | Rake $0.36
Board [Ks 5h 8d]
Seat 1: RaisemyNut$ (button) (small blind) folded on the Flop
Seat 2: PigStyles (big blind) collected ($17.64)


PokerStars Hand #148026259953:  Hold'em Limit ($3/$6 USD) - 2016/01/31 18:46:45 ET
Table 'Zanaih II' 2-max Seat #2 is the button
Seat 1: RaisemyNut$ ($91.35 in chips)
Seat 2: PigStyles ($265.93 in chips)
PigStyles: posts small blind $1
RaisemyNut$: posts big blind $3
*** HOLE CARDS ***
PigStyles: raises $3 to $6
RaisemyNut$: folds
Uncalled bet ($3) returned to PigStyles
PigStyles collected $6 from pot
PigStyles: doesn't show hand
*** SUMMARY ***
Total pot $6 | Rake $0
Seat 1: RaisemyNut$ (big blind) folded before Flop
Seat 2: PigStyles (button) (small blind) collected ($6)


PokerStars Hand #148026288548:  Hold'em Limit ($3/$6 USD) - 2016/01/31 18:47:18 ET
Table 'Zanaih II' 2-max Seat #2 is the button
Seat 1: RaisemyNut$ ($61.35 in chips)
Seat 2: PigStyles ($295.07 in chips)
PigStyles: posts small blind $1
RaisemyNut$: posts big blind $3
*** HOLE CARDS ***
PigStyles: raises $3 to $6
RaisemyNut$: raises $3 to $9
PigStyles: raises $3 to $12
Betting is capped
RaisemyNut$: calls $3
*** FLOP *** [2s 5c Qc]
RaisemyNut$: checks
PigStyles: bets $3
RaisemyNut$: calls $3
*** TURN *** [2s 5c Qc] [Qs]
RaisemyNut$: checks
PigStyles: bets $6
RaisemyNut$: calls $6
*** RIVER *** [2s 5c Qc Qs] [9s]
RaisemyNut$: checks
PigStyles: checks
*** SHOW DOWN ***
RaisemyNut$: shows [Kh Td] (a pair of Queens)
PigStyles: shows [Jd Ah] (a pair of Queens - Ace kicker)
PigStyles collected $41.50 from pot
*** SUMMARY ***
Total pot $42 | Rake $0.50
Board [2s 5c Qc Qs 9s]
Seat 1: RaisemyNut$ (big blind) showed [Kh Td] and lost with a pair of Queens
Seat 2: PigStyles (button) (small blind) showed [Jd Ah] and won ($41.50) with a pair of Queens


PokerStars Hand #148026341811:  Hold'em Limit ($3/$6 USD) - 2016/01/31 18:48:20 ET
Table 'Zanaih II' 2-max Seat #2 is the button
Seat 1: RaisemyNut$ ($60 in chips)
Seat 2: PigStyles ($335.57 in chips)
PigStyles: posts small blind $1
RaisemyNut$: posts big blind $3
*** HOLE CARDS ***
PigStyles: raises $3 to $6
RaisemyNut$: calls $3
*** FLOP *** [9c Ah 6d]
RaisemyNut$: checks
PigStyles: bets $3
RaisemyNut$: folds
Uncalled bet ($3) returned to PigStyles
PigStyles collected $11.76 from pot
PigStyles: doesn't show hand
*** SUMMARY ***
Total pot $12 | Rake $0.24
Board [9c Ah 6d]
Seat 1: RaisemyNut$ (big blind) folded on the Flop
Seat 2: PigStyles (button) (small blind) collected ($11.76)


PokerStars Hand #148026327636:  Hold'em Limit ($3/$6 USD) - 2016/01/31 18:48:03 ET
Table 'Zanaih II' 2-max Seat #1 is the button
Seat 1: RaisemyNut$ ($77.50 in chips)
Seat 2: PigStyles ($312.07 in chips)
RaisemyNut$: posts small blind $1
PigStyles: posts big blind $3
*** HOLE CARDS ***
RaisemyNut$: raises $3 to $6
PigStyles: calls $3
*** FLOP *** [4d 2c 4s]
PigStyles: checks
RaisemyNut$: bets $3
PigStyles: raises $3 to $6
RaisemyNut$: calls $3
*** TURN *** [4d 2c 4s] [9s]
PigStyles: bets $6
RaisemyNut$: calls $6
*** RIVER *** [4d 2c 4s 9s] [6c]
PigStyles: bets $6
RaisemyNut$: calls $6
*** SHOW DOWN ***
PigStyles: shows [3c 5s] (a straight, Deuce to Six)
RaisemyNut$: mucks hand
PigStyles collected $47.50 from pot
*** SUMMARY ***
Total pot $48 | Rake $0.50
Board [4d 2c 4s 9s 6c]
Seat 1: RaisemyNut$ (button) (small blind) mucked
Seat 2: PigStyles (big blind) showed [3c 5s] and won ($47.50) with a straight, Deuce to Six


PokerStars Hand #148026315944:  Hold'em Limit ($3/$6 USD) - 2016/01/31 18:47:49 ET
Table 'Zanaih II' 2-max Seat #2 is the button
Seat 1: RaisemyNut$ ($60 in chips)
Seat 2: PigStyles ($330.07 in chips)
PigStyles: posts small blind $1
RaisemyNut$: posts big blind $3
*** HOLE CARDS ***
PigStyles: raises $3 to $6
RaisemyNut$: raises $3 to $9
PigStyles: calls $3
*** FLOP *** [5c Td Jc]
RaisemyNut$: bets $3
PigStyles: calls $3
*** TURN *** [5c Td Jc] [5s]
RaisemyNut$: bets $6
PigStyles: calls $6
*** RIVER *** [5c Td Jc 5s] [Kd]
RaisemyNut$: bets $6
PigStyles: folds
Uncalled bet ($6) returned to RaisemyNut$
RaisemyNut$ collected $35.50 from pot
RaisemyNut$: doesn't show hand
*** SUMMARY ***
Total pot $36 | Rake $0.50
Board [5c Td Jc 5s Kd]
Seat 1: RaisemyNut$ (big blind) collected ($35.50)
Seat 2: PigStyles (button) (small blind) folded on the River


PokerStars Hand #148026391893:  Hold'em Limit ($3/$6 USD) - 2016/01/31 18:49:19 ET
Table 'Zanaih II' 2-max Seat #2 is the button
Seat 1: RaisemyNut$ ($89 in chips)
Seat 2: PigStyles ($310.83 in chips)
PigStyles: posts small blind $1
RaisemyNut$: posts big blind $3
*** HOLE CARDS ***
PigStyles: raises $3 to $6
RaisemyNut$: calls $3
*** FLOP *** [5s 8d 9c]
RaisemyNut$: checks
PigStyles: checks
*** TURN *** [5s 8d 9c] [6c]
RaisemyNut$: bets $6
PigStyles: folds
Uncalled bet ($6) returned to RaisemyNut$
RaisemyNut$ collected $11.76 from pot
RaisemyNut$: doesn't show hand
*** SUMMARY ***
Total pot $12 | Rake $0.24
Board [5s 8d 9c 6c]
Seat 1: RaisemyNut$ (big blind) collected ($11.76)
Seat 2: PigStyles (button) (small blind) folded on the Turn


PokerStars Hand #148026377906:  Hold'em Limit ($3/$6 USD) - 2016/01/31 18:49:02 ET
Table 'Zanaih II' 2-max Seat #1 is the button
Seat 1: RaisemyNut$ ($125 in chips)
Seat 2: PigStyles ($275.33 in chips)
RaisemyNut$: posts small blind $1
PigStyles: posts big blind $3
*** HOLE CARDS ***
RaisemyNut$: raises $3 to $6
PigStyles said, "omfg"
PigStyles: raises $3 to $9
RaisemyNut$: calls $3
*** FLOP *** [7d Ks 5c]
PigStyles: bets $3
RaisemyNut$: calls $3
*** TURN *** [7d Ks 5c] [Jc]
PigStyles: bets $6
RaisemyNut$: raises $6 to $12
PigStyles: raises $6 to $18
RaisemyNut$: calls $6
*** RIVER *** [7d Ks 5c Jc] [Jh]
PigStyles: bets $6
RaisemyNut$: calls $6
*** SHOW DOWN ***
PigStyles: shows [Jd 2c] (three of a kind, Jacks)
RaisemyNut$: mucks hand
PigStyles collected $71.50 from pot
*** SUMMARY ***
Total pot $72 | Rake $0.50
Board [7d Ks 5c Jc Jh]
Seat 1: RaisemyNut$ (button) (small blind) mucked
Seat 2: PigStyles (big blind) showed [Jd 2c] and won ($71.50) with three of a kind, Jacks


PokerStars Hand #148026348628:  Hold'em Limit ($3/$6 USD) - 2016/01/31 18:48:28 ET
Table 'Zanaih II' 2-max Seat #1 is the button
Seat 1: RaisemyNut$ ($60 in chips)
Seat 2: PigStyles ($341.33 in chips)
RaisemyNut$: posts small blind $1
PigStyles: posts big blind $3
*** HOLE CARDS ***
RaisemyNut$: raises $3 to $6
PigStyles: raises $3 to $9
RaisemyNut$: calls $3
*** FLOP *** [6h 4c 5s]
PigStyles: bets $3
RaisemyNut$: calls $3
*** TURN *** [6h 4c 5s] [8d]
PigStyles: bets $6
RaisemyNut$: raises $6 to $12
PigStyles: raises $6 to $18
RaisemyNut$: raises $6 to $24
Betting is capped
PigStyles: calls $6
*** RIVER *** [6h 4c 5s 8d] [2c]
PigStyles: checks
RaisemyNut$: bets $6
PigStyles: folds
Uncalled bet ($6) returned to RaisemyNut$
RaisemyNut$ collected $71.50 from pot
RaisemyNut$: doesn't show hand
*** SUMMARY ***
Total pot $72 | Rake $0.50
Board [6h 4c 5s 8d 2c]
Seat 1: RaisemyNut$ (button) (small blind) collected ($71.50)
Seat 2: PigStyles (big blind) folded on the River


PokerStars Hand #148026436531:  Hold'em Limit ($3/$6 USD) - 2016/01/31 18:50:13 ET
Table 'Zanaih II' 2-max Seat #2 is the button
Seat 1: RaisemyNut$ ($60 in chips)
Seat 2: PigStyles ($351.49 in chips)
PigStyles: posts small blind $1
RaisemyNut$: posts big blind $3
*** HOLE CARDS ***
PigStyles: raises $3 to $6
RaisemyNut$: calls $3
*** FLOP *** [Qd Td 2c]
RaisemyNut$: checks
PigStyles: bets $3
RaisemyNut$: raises $3 to $6
PigStyles: calls $3
*** TURN *** [Qd Td 2c] [4d]
RaisemyNut$: bets $6
PigStyles: calls $6
*** RIVER *** [Qd Td 2c 4d] [5s]
RaisemyNut$: bets $6
PigStyles: calls $6
*** SHOW DOWN ***
RaisemyNut$: shows [6h Qh] (a pair of Queens)
PigStyles: shows [9h Qs] (a pair of Queens - Ten+Nine kicker)
PigStyles collected $47.50 from pot
*** SUMMARY ***
Total pot $48 | Rake $0.50
Board [Qd Td 2c 4d 5s]
Seat 1: RaisemyNut$ (big blind) showed [6h Qh] and lost with a pair of Queens
Seat 2: PigStyles (button) (small blind) showed [9h Qs] and won ($47.50) with a pair of Queens


PokerStars Hand #148026410385:  Hold'em Limit ($3/$6 USD) - 2016/01/31 18:49:41 ET
Table 'Zanaih II' 2-max Seat #2 is the button
Seat 1: RaisemyNut$ ($82.76 in chips)
Seat 2: PigStyles ($316.35 in chips)
PigStyles: posts small blind $1
RaisemyNut$: posts big blind $3
*** HOLE CARDS ***
PigStyles: raises $3 to $6
RaisemyNut$: raises $3 to $9
PigStyles: raises $3 to $12
Betting is capped
RaisemyNut$: calls $3
*** FLOP *** [3d 3s Ts]
RaisemyNut$: checks
PigStyles: bets $3
RaisemyNut$: calls $3
*** TURN *** [3d 3s Ts] [2d]
RaisemyNut$: checks
PigStyles: bets $6
RaisemyNut$: calls $6
*** RIVER *** [3d 3s Ts 2d] [7s]
RaisemyNut$: checks
PigStyles: bets $6
RaisemyNut$: calls $6
*** SHOW DOWN ***
PigStyles: shows [7c 7h] (a full house, Sevens full of Threes)
RaisemyNut$: mucks hand
PigStyles collected $53.50 from pot
*** SUMMARY ***
Total pot $54 | Rake $0.50
Board [3d 3s Ts 2d 7s]
Seat 1: RaisemyNut$ (big blind) mucked
Seat 2: PigStyles (button) (small blind) showed [7c 7h] and won ($53.50) with a full house, Sevens full of Threes


PokerStars Hand #148026424144:  Hold'em Limit ($3/$6 USD) - 2016/01/31 18:49:58 ET
Table 'Zanaih II' 2-max Seat #1 is the button
Seat 1: RaisemyNut$ ($60 in chips)
Seat 2: PigStyles ($342.85 in chips)
RaisemyNut$: posts small blind $1
PigStyles: posts big blind $3
*** HOLE CARDS ***
RaisemyNut$: raises $3 to $6
PigStyles: calls $3
*** FLOP *** [7s Qs Td]
PigStyles: checks
RaisemyNut$: bets $3
PigStyles: calls $3
*** TURN *** [7s Qs Td] [3h]
PigStyles: checks
RaisemyNut$: checks
*** RIVER *** [7s Qs Td 3h] [Kh]
PigStyles: bets $6
RaisemyNut$: folds
Uncalled bet ($6) returned to PigStyles
PigStyles collected $17.64 from pot
PigStyles: doesn't show hand
*** SUMMARY ***
Total pot $18 | Rake $0.36
Board [7s Qs Td 3h Kh]
Seat 1: RaisemyNut$ (button) (small blind) folded on the River
Seat 2: PigStyles (big blind) collected ($17.64)


PokerStars Hand #148026451289:  Hold'em Limit ($3/$6 USD) - 2016/01/31 18:50:31 ET
Table 'Zanaih II' 2-max Seat #2 is the button
Seat 1: RaisemyNut$ ($63 in chips)
Seat 2: PigStyles ($371.99 in chips)
PigStyles: posts small blind $1
RaisemyNut$: posts big blind $3
*** HOLE CARDS ***
PigStyles: raises $3 to $6
RaisemyNut$: folds
Uncalled bet ($3) returned to PigStyles
PigStyles collected $6 from pot
PigStyles: doesn't show hand
*** SUMMARY ***
Total pot $6 | Rake $0
Seat 1: RaisemyNut$ (big blind) folded before Flop
Seat 2: PigStyles (button) (small blind) collected ($6)


PokerStars Hand #148026447432:  Hold'em Limit ($3/$6 USD) - 2016/01/31 18:50:27 ET
Table 'Zanaih II' 2-max Seat #1 is the button
Seat 1: RaisemyNut$ ($60 in chips)
Seat 2: PigStyles ($374.99 in chips)
RaisemyNut$: posts small blind $1
PigStyles: posts big blind $3
*** HOLE CARDS ***
RaisemyNut$: raises $3 to $6
PigStyles: folds
Uncalled bet ($3) returned to RaisemyNut$
RaisemyNut$ collected $6 from pot
RaisemyNut$: doesn't show hand
*** SUMMARY ***
Total pot $6 | Rake $0
Seat 1: RaisemyNut$ (button) (small blind) collected ($6)
Seat 2: PigStyles (big blind) folded before Flop


PokerStars Hand #148026461751:  Hold'em Limit ($3/$6 USD) - 2016/01/31 18:50:44 ET
Table 'Zanaih II' 2-max Seat #2 is the button
Seat 1: RaisemyNut$ ($65.76 in chips)
Seat 2: PigStyles ($368.99 in chips)
PigStyles: posts small blind $1
RaisemyNut$: posts big blind $3
*** HOLE CARDS ***
PigStyles: raises $3 to $6
RaisemyNut$: folds
Uncalled bet ($3) returned to PigStyles
PigStyles collected $6 from pot
PigStyles: doesn't show hand
*** SUMMARY ***
Total pot $6 | Rake $0
Seat 1: RaisemyNut$ (big blind) folded before Flop
Seat 2: PigStyles (button) (small blind) collected ($6)


PokerStars Hand #148026454920:  Hold'em Limit ($3/$6 USD) - 2016/01/31 18:50:36 ET
Table 'Zanaih II' 2-max Seat #1 is the button
Seat 1: RaisemyNut$ ($60 in chips)
Seat 2: PigStyles ($374.99 in chips)
RaisemyNut$: posts small blind $1
PigStyles: posts big blind $3
*** HOLE CARDS ***
RaisemyNut$: raises $3 to $6
PigStyles: calls $3
*** FLOP *** [4c 7h Qc]
PigStyles: checks
RaisemyNut$: bets $3
PigStyles: folds
Uncalled bet ($3) returned to RaisemyNut$
RaisemyNut$ collected $11.76 from pot
RaisemyNut$: doesn't show hand
*** SUMMARY ***
Total pot $12 | Rake $0.24
Board [4c 7h Qc]
Seat 1: RaisemyNut$ (button) (small blind) collected ($11.76)
Seat 2: PigStyles (big blind) folded on the Flop


PokerStars Hand #148026465310:  Hold'em Limit ($3/$6 USD) - 2016/01/31 18:50:48 ET
Table 'Zanaih II' 2-max Seat #1 is the button
Seat 1: RaisemyNut$ ($62.76 in chips)
Seat 2: PigStyles ($371.99 in chips)
RaisemyNut$: posts small blind $1
PigStyles: posts big blind $3
*** HOLE CARDS ***
RaisemyNut$: raises $3 to $6
PigStyles: raises $3 to $9
RaisemyNut$: calls $3
*** FLOP *** [Ah 9s 2h]
PigStyles: bets $3
RaisemyNut$: folds
Uncalled bet ($3) returned to PigStyles
PigStyles collected $17.64 from pot
PigStyles: doesn't show hand
*** SUMMARY ***
Total pot $18 | Rake $0.36
Board [Ah 9s 2h]
Seat 1: RaisemyNut$ (button) (small blind) folded on the Flop
Seat 2: PigStyles (big blind) collected ($17.64)


PokerStars Hand #148026472522:  Hold'em Limit ($3/$6 USD) - 2016/01/31 18:50:57 ET
Table 'Zanaih II' 2-max Seat #2 is the button
Seat 1: RaisemyNut$ ($60 in chips)
Seat 2: PigStyles ($380.63 in chips)
PigStyles: posts small blind $1
RaisemyNut$: posts big blind $3
*** HOLE CARDS ***
PigStyles: raises $3 to $6
RaisemyNut$: folds
Uncalled bet ($3) returned to PigStyles
PigStyles collected $6 from pot
PigStyles: doesn't show hand
*** SUMMARY ***
Total pot $6 | Rake $0
Seat 1: RaisemyNut$ (big blind) folded before Flop
Seat 2: PigStyles (button) (small blind) collected ($6)


PokerStars Hand #148026476222:  Hold'em Limit ($3/$6 USD) - 2016/01/31 18:51:01 ET
Table 'Zanaih II' 2-max Seat #1 is the button
Seat 1: RaisemyNut$ ($60 in chips)
Seat 2: PigStyles ($383.63 in chips)
RaisemyNut$: posts small blind $1
PigStyles: posts big blind $3
*** HOLE CARDS ***
RaisemyNut$: raises $3 to $6
PigStyles: calls $3
*** FLOP *** [4s 5d 7d]
PigStyles: checks
RaisemyNut$: bets $3
PigStyles: calls $3
*** TURN *** [4s 5d 7d] [Qd]
PigStyles: checks
RaisemyNut$: checks
*** RIVER *** [4s 5d 7d Qd] [8c]
PigStyles: bets $6
RaisemyNut$: calls $6
*** SHOW DOWN ***
PigStyles: shows [2s Ks] (high card King)
RaisemyNut$: shows [4c 3c] (a pair of Fours)
RaisemyNut$ collected $29.50 from pot
*** SUMMARY ***
Total pot $30 | Rake $0.50
Board [4s 5d 7d Qd 8c]
Seat 1: RaisemyNut$ (button) (small blind) showed [4c 3c] and won ($29.50) with a pair of Fours
Seat 2: PigStyles (big blind) showed [2s Ks] and lost with high card King


PokerStars Hand #148026487395:  Hold'em Limit ($3/$6 USD) - 2016/01/31 18:51:15 ET
Table 'Zanaih II' 2-max Seat #2 is the button
Seat 1: RaisemyNut$ ($74.50 in chips)
Seat 2: PigStyles ($368.63 in chips)
PigStyles: posts small blind $1
RaisemyNut$: posts big blind $3
*** HOLE CARDS ***
PigStyles: raises $3 to $6
RaisemyNut$: calls $3
*** FLOP *** [8s 5s Qc]
RaisemyNut$: checks
PigStyles: bets $3
RaisemyNut$: calls $3
*** TURN *** [8s 5s Qc] [3h]
RaisemyNut$: checks
PigStyles: bets $6
RaisemyNut$: calls $6
*** RIVER *** [8s 5s Qc 3h] [9c]
RaisemyNut$: checks
PigStyles: bets $6
RaisemyNut$: calls $6
*** SHOW DOWN ***
PigStyles: shows [9d 3s] (two pair, Nines and Threes)
RaisemyNut$: mucks hand
PigStyles collected $41.50 from pot
*** SUMMARY ***
Total pot $42 | Rake $0.50
Board [8s 5s Qc 3h 9c]
Seat 1: RaisemyNut$ (big blind) mucked
Seat 2: PigStyles (button) (small blind) showed [9d 3s] and won ($41.50) with two pair, Nines and Threes


PokerStars Hand #148026500497:  Hold'em Limit ($3/$6 USD) - 2016/01/31 18:51:30 ET
Table 'Zanaih II' 2-max Seat #1 is the button
Seat 1: RaisemyNut$ ($60 in chips)
Seat 2: PigStyles ($389.13 in chips)
RaisemyNut$: posts small blind $1
PigStyles: posts big blind $3
*** HOLE CARDS ***
RaisemyNut$: raises $3 to $6
PigStyles: calls $3
*** FLOP *** [Kd 3c Jd]
PigStyles: checks
RaisemyNut$: bets $3
PigStyles: raises $3 to $6
RaisemyNut$: calls $3
*** TURN *** [Kd 3c Jd] [Kc]
PigStyles: bets $6
RaisemyNut$: calls $6
*** RIVER *** [Kd 3c Jd Kc] [Kh]
PigStyles: bets $6
RaisemyNut$: raises $6 to $12
PigStyles: folds
Uncalled bet ($6) returned to RaisemyNut$
RaisemyNut$ collected $47.50 from pot
RaisemyNut$: doesn't show hand
*** SUMMARY ***
Total pot $48 | Rake $0.50
Board [Kd 3c Jd Kc Kh]
Seat 1: RaisemyNut$ (button) (small blind) collected ($47.50)
Seat 2: PigStyles (big blind) folded on the River


PokerStars Hand #148026513431:  Hold'em Limit ($3/$6 USD) - 2016/01/31 18:51:46 ET
Table 'Zanaih II' 2-max Seat #2 is the button
Seat 1: RaisemyNut$ ($83.50 in chips)
Seat 2: PigStyles ($365.13 in chips)
PigStyles: posts small blind $1
RaisemyNut$: posts big blind $3
*** HOLE CARDS ***
PigStyles: raises $3 to $6
RaisemyNut$: calls $3
*** FLOP *** [Td Kd 6c]
RaisemyNut$: checks
PigStyles: bets $3
RaisemyNut$: raises $3 to $6
PigStyles: folds
Uncalled bet ($3) returned to RaisemyNut$
RaisemyNut$ collected $17.64 from pot
RaisemyNut$: doesn't show hand
*** SUMMARY ***
Total pot $18 | Rake $0.36
Board [Td Kd 6c]
Seat 1: RaisemyNut$ (big blind) collected ($17.64)
Seat 2: PigStyles (button) (small blind) folded on the Flop


PokerStars Hand #148026521234:  Hold'em Limit ($3/$6 USD) - 2016/01/31 18:51:56 ET
Table 'Zanaih II' 2-max Seat #1 is the button
Seat 1: RaisemyNut$ ($92.14 in chips)
Seat 2: PigStyles ($356.13 in chips)
RaisemyNut$: posts small blind $1
PigStyles: posts big blind $3
*** HOLE CARDS ***
RaisemyNut$: folds
Uncalled bet ($2) returned to PigStyles
PigStyles collected $2 from pot
PigStyles: doesn't show hand
*** SUMMARY ***
Total pot $2 | Rake $0
Seat 1: RaisemyNut$ (button) (small blind) folded before Flop
Seat 2: PigStyles (big blind) collected ($2)


PokerStars Hand #148026524926:  Hold'em Limit ($3/$6 USD) - 2016/01/31 18:52:00 ET
Table 'Zanaih II' 2-max Seat #2 is the button
Seat 1: RaisemyNut$ ($91.14 in chips)
Seat 2: PigStyles ($357.13 in chips)
PigStyles: posts small blind $1
RaisemyNut$: posts big blind $3
*** HOLE CARDS ***
PigStyles: raises $3 to $6
RaisemyNut$: calls $3
*** FLOP *** [Kh Qc Kc]
RaisemyNut$: checks
PigStyles: checks
*** TURN *** [Kh Qc Kc] [Jc]
RaisemyNut$: checks
PigStyles: bets $6
RaisemyNut$: folds
Uncalled bet ($6) returned to PigStyles
PigStyles collected $11.76 from pot
PigStyles: doesn't show hand
*** SUMMARY ***
Total pot $12 | Rake $0.24
Board [Kh Qc Kc Jc]
Seat 1: RaisemyNut$ (big blind) folded on the Turn
Seat 2: PigStyles (button) (small blind) collected ($11.76)


PokerStars Hand #148026548870:  Hold'em Limit ($3/$6 USD) - 2016/01/31 18:52:30 ET
Table 'Zanaih II' 2-max Seat #2 is the button
Seat 1: RaisemyNut$ ($60 in chips)
Seat 2: PigStyles ($389.39 in chips)
PigStyles: posts small blind $1
RaisemyNut$: posts big blind $3
*** HOLE CARDS ***
PigStyles: raises $3 to $6
RaisemyNut$: calls $3
*** FLOP *** [Jh Qs 5c]
RaisemyNut$: checks
PigStyles: bets $3
RaisemyNut$: folds
Uncalled bet ($3) returned to PigStyles
PigStyles collected $11.76 from pot
PigStyles: doesn't show hand
*** SUMMARY ***
Total pot $12 | Rake $0.24
Board [Jh Qs 5c]
Seat 1: RaisemyNut$ (big blind) folded on the Flop
Seat 2: PigStyles (button) (small blind) collected ($11.76)


PokerStars Hand #148026535121:  Hold'em Limit ($3/$6 USD) - 2016/01/31 18:52:13 ET
Table 'Zanaih II' 2-max Seat #1 is the button
Seat 1: RaisemyNut$ ($85.14 in chips)
Seat 2: PigStyles ($362.89 in chips)
RaisemyNut$: posts small blind $1
PigStyles: posts big blind $3
*** HOLE CARDS ***
RaisemyNut$: raises $3 to $6
PigStyles: calls $3
*** FLOP *** [Qh 9d 6d]
PigStyles: checks
RaisemyNut$: bets $3
PigStyles: calls $3
*** TURN *** [Qh 9d 6d] [5s]
PigStyles: checks
RaisemyNut$: bets $6
PigStyles: raises $6 to $12
RaisemyNut$: calls $6
*** RIVER *** [Qh 9d 6d 5s] [Kc]
PigStyles: bets $6
RaisemyNut$: calls $6
*** SHOW DOWN ***
PigStyles: shows [Qc 8c] (a pair of Queens)
RaisemyNut$: mucks hand
PigStyles collected $53.50 from pot
*** SUMMARY ***
Total pot $54 | Rake $0.50
Board [Qh 9d 6d 5s Kc]
Seat 1: RaisemyNut$ (button) (small blind) mucked
Seat 2: PigStyles (big blind) showed [Qc 8c] and won ($53.50) with a pair of Queens


PokerStars Hand #148026555148:  Hold'em Limit ($3/$6 USD) - 2016/01/31 18:52:38 ET
Table 'Zanaih II' 2-max Seat #1 is the button
Seat 1: RaisemyNut$ ($60 in chips)
Seat 2: PigStyles ($395.15 in chips)
RaisemyNut$: posts small blind $1
PigStyles: posts big blind $3
*** HOLE CARDS ***
RaisemyNut$: raises $3 to $6
PigStyles: calls $3
*** FLOP *** [Jc Qc 9d]
PigStyles: checks
RaisemyNut$: bets $3
PigStyles: folds
Uncalled bet ($3) returned to RaisemyNut$
RaisemyNut$ collected $11.76 from pot
RaisemyNut$: doesn't show hand
*** SUMMARY ***
Total pot $12 | Rake $0.24
Board [Jc Qc 9d]
Seat 1: RaisemyNut$ (button) (small blind) collected ($11.76)
Seat 2: PigStyles (big blind) folded on the Flop


PokerStars Hand #148026568627:  Hold'em Limit ($3/$6 USD) - 2016/01/31 18:52:55 ET
Table 'Zanaih II' 2-max Seat #1 is the button
Seat 1: RaisemyNut$ ($60 in chips)
Seat 2: PigStyles ($394.91 in chips)
RaisemyNut$: posts small blind $1
PigStyles: posts big blind $3
*** HOLE CARDS ***
RaisemyNut$: raises $3 to $6
PigStyles: folds
Uncalled bet ($3) returned to RaisemyNut$
RaisemyNut$ collected $6 from pot
RaisemyNut$: doesn't show hand
*** SUMMARY ***
Total pot $6 | Rake $0
Seat 1: RaisemyNut$ (button) (small blind) collected ($6)
Seat 2: PigStyles (big blind) folded before Flop


PokerStars Hand #148026562132:  Hold'em Limit ($3/$6 USD) - 2016/01/31 18:52:47 ET
Table 'Zanaih II' 2-max Seat #2 is the button
Seat 1: RaisemyNut$ ($65.76 in chips)
Seat 2: PigStyles ($389.15 in chips)
PigStyles: posts small blind $1
RaisemyNut$: posts big blind $3
*** HOLE CARDS ***
PigStyles: raises $3 to $6
RaisemyNut$: calls $3
*** FLOP *** [4h 8h Ks]
RaisemyNut$: checks
PigStyles: bets $3
RaisemyNut$: folds
Uncalled bet ($3) returned to PigStyles
PigStyles collected $11.76 from pot
PigStyles: doesn't show hand
*** SUMMARY ***
Total pot $12 | Rake $0.24
Board [4h 8h Ks]
Seat 1: RaisemyNut$ (big blind) folded on the Flop
Seat 2: PigStyles (button) (small blind) collected ($11.76)


PokerStars Hand #148026573159:  Hold'em Limit ($3/$6 USD) - 2016/01/31 18:53:00 ET
Table 'Zanaih II' 2-max Seat #2 is the button
Seat 1: RaisemyNut$ ($63 in chips)
Seat 2: PigStyles ($391.91 in chips)
PigStyles: posts small blind $1
RaisemyNut$: posts big blind $3
*** HOLE CARDS ***
PigStyles: raises $3 to $6
RaisemyNut$: calls $3
*** FLOP *** [As Qc 2h]
RaisemyNut$: checks
PigStyles: bets $3
RaisemyNut$: folds
Uncalled bet ($3) returned to PigStyles
PigStyles collected $11.76 from pot
PigStyles: doesn't show hand
*** SUMMARY ***
Total pot $12 | Rake $0.24
Board [As Qc 2h]
Seat 1: RaisemyNut$ (big blind) folded on the Flop
Seat 2: PigStyles (button) (small blind) collected ($11.76)


PokerStars Hand #148026579596:  Hold'em Limit ($3/$6 USD) - 2016/01/31 18:53:08 ET
Table 'Zanaih II' 2-max Seat #1 is the button
Seat 1: RaisemyNut$ ($60 in chips)
Seat 2: PigStyles ($397.67 in chips)
RaisemyNut$: posts small blind $1
PigStyles: posts big blind $3
*** HOLE CARDS ***
RaisemyNut$: raises $3 to $6
PigStyles: raises $3 to $9
RaisemyNut$: calls $3
*** FLOP *** [Ac As 9d]
PigStyles: bets $3
RaisemyNut$: folds
Uncalled bet ($3) returned to PigStyles
PigStyles collected $17.64 from pot
PigStyles: doesn't show hand
*** SUMMARY ***
Total pot $18 | Rake $0.36
Board [Ac As 9d]
Seat 1: RaisemyNut$ (button) (small blind) folded on the Flop
Seat 2: PigStyles (big blind) collected ($17.64)


PokerStars Hand #148026587169:  Hold'em Limit ($3/$6 USD) - 2016/01/31 18:53:17 ET
Table 'Zanaih II' 2-max Seat #2 is the button
Seat 1: RaisemyNut$ ($60 in chips)
Seat 2: PigStyles ($406.31 in chips)
PigStyles: posts small blind $1
RaisemyNut$: posts big blind $3
*** HOLE CARDS ***
PigStyles: raises $3 to $6
RaisemyNut$: calls $3
*** FLOP *** [7s 7h 7c]
RaisemyNut$: checks
PigStyles: bets $3
RaisemyNut$: calls $3
*** TURN *** [7s 7h 7c] [Kc]
RaisemyNut$: checks
PigStyles: bets $6
RaisemyNut$: calls $6
*** RIVER *** [7s 7h 7c Kc] [5s]
RaisemyNut$: checks
PigStyles: bets $6
RaisemyNut$: calls $6
*** SHOW DOWN ***
PigStyles: shows [Kd 3c] (a full house, Sevens full of Kings)
RaisemyNut$: mucks hand
PigStyles collected $41.50 from pot
*** SUMMARY ***
Total pot $42 | Rake $0.50
Board [7s 7h 7c Kc 5s]
Seat 1: RaisemyNut$ (big blind) mucked
Seat 2: PigStyles (button) (small blind) showed [Kd 3c] and won ($41.50) with a full house, Sevens full of Kings


PokerStars Hand #148026599286:  Hold'em Limit ($3/$6 USD) - 2016/01/31 18:53:32 ET
Table 'Zanaih II' 2-max Seat #1 is the button
Seat 1: RaisemyNut$ ($60 in chips)
Seat 2: PigStyles ($426.81 in chips)
RaisemyNut$: posts small blind $1
PigStyles: posts big blind $3
*** HOLE CARDS ***
RaisemyNut$: raises $3 to $6
PigStyles: calls $3
*** FLOP *** [8c Jc 5c]
PigStyles: checks
RaisemyNut$: bets $3
PigStyles: calls $3
*** TURN *** [8c Jc 5c] [Qh]
PigStyles: checks
RaisemyNut$: checks
*** RIVER *** [8c Jc 5c Qh] [4d]
PigStyles: bets $6
RaisemyNut$: calls $6
*** SHOW DOWN ***
PigStyles: shows [4s 3c] (a pair of Fours)
RaisemyNut$: mucks hand
PigStyles collected $29.50 from pot
*** SUMMARY ***
Total pot $30 | Rake $0.50
Board [8c Jc 5c Qh 4d]
Seat 1: RaisemyNut$ (button) (small blind) mucked
Seat 2: PigStyles (big blind) showed [4s 3c] and won ($29.50) with a pair of Fours


PokerStars Hand #148026609871:  Hold'em Limit ($3/$6 USD) - 2016/01/31 18:53:45 ET
Table 'Zanaih II' 2-max Seat #2 is the button
Seat 1: RaisemyNut$ ($60 in chips)
Seat 2: PigStyles ($441.31 in chips)
PigStyles: posts small blind $1
RaisemyNut$: posts big blind $3
*** HOLE CARDS ***
PigStyles: raises $3 to $6
RaisemyNut$: calls $3
*** FLOP *** [2s 3s 8c]
RaisemyNut$: checks
PigStyles: checks
*** TURN *** [2s 3s 8c] [4c]
RaisemyNut$: bets $6
PigStyles: folds
Uncalled bet ($6) returned to RaisemyNut$
RaisemyNut$ collected $11.76 from pot
RaisemyNut$: doesn't show hand
*** SUMMARY ***
Total pot $12 | Rake $0.24
Board [2s 3s 8c 4c]
Seat 1: RaisemyNut$ (big blind) collected ($11.76)
Seat 2: PigStyles (button) (small blind) folded on the Turn


PokerStars Hand #148026624738:  Hold'em Limit ($3/$6 USD) - 2016/01/31 18:54:03 ET
Table 'Zanaih II' 2-max Seat #2 is the button
Seat 1: RaisemyNut$ ($60 in chips)
Seat 2: PigStyles ($441.07 in chips)
PigStyles: posts small blind $1
RaisemyNut$: posts big blind $3
*** HOLE CARDS ***
PigStyles: raises $3 to $6
RaisemyNut$: folds
Uncalled bet ($3) returned to PigStyles
PigStyles collected $6 from pot
PigStyles: doesn't show hand
*** SUMMARY ***
Total pot $6 | Rake $0
Seat 1: RaisemyNut$ (big blind) folded before Flop
Seat 2: PigStyles (button) (small blind) collected ($6)


PokerStars Hand #148026616445:  Hold'em Limit ($3/$6 USD) - 2016/01/31 18:53:53 ET
Table 'Zanaih II' 2-max Seat #1 is the button
Seat 1: RaisemyNut$ ($65.76 in chips)
Seat 2: PigStyles ($435.31 in chips)
RaisemyNut$: posts small blind $1
PigStyles: posts big blind $3
*** HOLE CARDS ***
RaisemyNut$: raises $3 to $6
PigStyles: calls $3
*** FLOP *** [9d 3s Jd]
PigStyles: checks
RaisemyNut$: checks
*** TURN *** [9d 3s Jd] [8d]
PigStyles: bets $6
RaisemyNut$: folds
Uncalled bet ($6) returned to PigStyles
PigStyles collected $11.76 from pot
*** SUMMARY ***
Total pot $12 | Rake $0.24
Board [9d 3s Jd 8d]
Seat 1: RaisemyNut$ (button) (small blind) folded on the Turn
Seat 2: PigStyles (big blind) collected ($11.76)


PokerStars Hand #148026628942:  Hold'em Limit ($3/$6 USD) - 2016/01/31 18:54:09 ET
Table 'Zanaih II' 2-max Seat #1 is the button
Seat 1: RaisemyNut$ ($60 in chips)
Seat 2: PigStyles ($444.07 in chips)
RaisemyNut$: posts small blind $1
PigStyles: posts big blind $3
*** HOLE CARDS ***
RaisemyNut$: raises $3 to $6
PigStyles: calls $3
*** FLOP *** [3h Jh 8s]
PigStyles: checks
RaisemyNut$: bets $3
PigStyles: folds
Uncalled bet ($3) returned to RaisemyNut$
RaisemyNut$ collected $11.76 from pot
RaisemyNut$: doesn't show hand
*** SUMMARY ***
Total pot $12 | Rake $0.24
Board [3h Jh 8s]
Seat 1: RaisemyNut$ (button) (small blind) collected ($11.76)
Seat 2: PigStyles (big blind) folded on the Flop


PokerStars Hand #148026635498:  Hold'em Limit ($3/$6 USD) - 2016/01/31 18:54:17 ET
Table 'Zanaih II' 2-max Seat #2 is the button
Seat 1: RaisemyNut$ ($65.76 in chips)
Seat 2: PigStyles ($438.07 in chips)
PigStyles: posts small blind $1
RaisemyNut$: posts big blind $3
*** HOLE CARDS ***
PigStyles: raises $3 to $6
RaisemyNut$: calls $3
*** FLOP *** [2c 8d 9h]
RaisemyNut$: checks
PigStyles: bets $3
RaisemyNut$: calls $3
*** TURN *** [2c 8d 9h] [Th]
RaisemyNut$: checks
PigStyles: bets $6
RaisemyNut$: folds
Uncalled bet ($6) returned to PigStyles
PigStyles collected $17.64 from pot
PigStyles: doesn't show hand
*** SUMMARY ***
Total pot $18 | Rake $0.36
Board [2c 8d 9h Th]
Seat 1: RaisemyNut$ (big blind) folded on the Turn
Seat 2: PigStyles (button) (small blind) collected ($17.64)


PokerStars Hand #148026644644:  Hold'em Limit ($3/$6 USD) - 2016/01/31 18:54:29 ET
Table 'Zanaih II' 2-max Seat #1 is the button
Seat 1: RaisemyNut$ ($60 in chips)
Seat 2: PigStyles ($446.71 in chips)
RaisemyNut$: posts small blind $1
PigStyles: posts big blind $3
*** HOLE CARDS ***
RaisemyNut$: raises $3 to $6
PigStyles: calls $3
*** FLOP *** [6c Jc Qh]
PigStyles: checks
RaisemyNut$: bets $3
PigStyles: folds
Uncalled bet ($3) returned to RaisemyNut$
RaisemyNut$ collected $11.76 from pot
RaisemyNut$: doesn't show hand
*** SUMMARY ***
Total pot $12 | Rake $0.24
Board [6c Jc Qh]
Seat 1: RaisemyNut$ (button) (small blind) collected ($11.76)
Seat 2: PigStyles (big blind) folded on the Flop


PokerStars Hand #148026651370:  Hold'em Limit ($3/$6 USD) - 2016/01/31 18:54:37 ET
Table 'Zanaih II' 2-max Seat #2 is the button
Seat 1: RaisemyNut$ ($65.76 in chips)
Seat 2: PigStyles ($440.71 in chips)
PigStyles: posts small blind $1
RaisemyNut$: posts big blind $3
*** HOLE CARDS ***
PigStyles: raises $3 to $6
RaisemyNut$: calls $3
*** FLOP *** [Ts 6h Ad]
RaisemyNut$: checks
PigStyles: bets $3
RaisemyNut$: folds
Uncalled bet ($3) returned to PigStyles
PigStyles collected $11.76 from pot
PigStyles: doesn't show hand
*** SUMMARY ***
Total pot $12 | Rake $0.24
Board [Ts 6h Ad]
Seat 1: RaisemyNut$ (big blind) folded on the Flop
Seat 2: PigStyles (button) (small blind) collected ($11.76)


PokerStars Hand #148026657810:  Hold'em Limit ($3/$6 USD) - 2016/01/31 18:54:45 ET
Table 'Zanaih II' 2-max Seat #1 is the button
Seat 1: RaisemyNut$ ($60 in chips)
Seat 2: PigStyles ($446.47 in chips)
RaisemyNut$: posts small blind $1
PigStyles: posts big blind $3
*** HOLE CARDS ***
RaisemyNut$: raises $3 to $6
PigStyles: calls $3
*** FLOP *** [6d 3d Td]
PigStyles: checks
RaisemyNut$: bets $3
PigStyles: calls $3
*** TURN *** [6d 3d Td] [5d]
PigStyles: checks
RaisemyNut$: bets $6
PigStyles: calls $6
*** RIVER *** [6d 3d Td 5d] [Ac]
PigStyles: checks
RaisemyNut$: bets $6
PigStyles: calls $6
*** SHOW DOWN ***
RaisemyNut$: shows [4c Qd] (a flush, Queen high)
PigStyles: mucks hand
RaisemyNut$ collected $41.50 from pot
*** SUMMARY ***
Total pot $42 | Rake $0.50
Board [6d 3d Td 5d Ac]
Seat 1: RaisemyNut$ (button) (small blind) showed [4c Qd] and won ($41.50) with a flush, Queen high
Seat 2: PigStyles (big blind) mucked


PokerStars Hand #148026672284:  Hold'em Limit ($3/$6 USD) - 2016/01/31 18:55:03 ET
Table 'Zanaih II' 2-max Seat #2 is the button
Seat 1: RaisemyNut$ ($80.50 in chips)
Seat 2: PigStyles ($425.47 in chips)
PigStyles: posts small blind $1
RaisemyNut$: posts big blind $3
*** HOLE CARDS ***
PigStyles: raises $3 to $6
RaisemyNut$: calls $3
*** FLOP *** [4d 4s Jc]
RaisemyNut$: checks
PigStyles: bets $3
RaisemyNut$: calls $3
*** TURN *** [4d 4s Jc] [8h]
RaisemyNut$: checks
PigStyles: checks
*** RIVER *** [4d 4s Jc 8h] [7h]
RaisemyNut$: checks
PigStyles: bets $6
RaisemyNut$: calls $6
*** SHOW DOWN ***
PigStyles: shows [3h 7c] (two pair, Sevens and Fours)
RaisemyNut$: mucks hand
PigStyles collected $29.50 from pot
*** SUMMARY ***
Total pot $30 | Rake $0.50
Board [4d 4s Jc 8h 7h]
Seat 1: RaisemyNut$ (big blind) mucked
Seat 2: PigStyles (button) (small blind) showed [3h 7c] and won ($29.50) with two pair, Sevens and Fours


PokerStars Hand #148026681921:  Hold'em Limit ($3/$6 USD) - 2016/01/31 18:55:19 ET
Table 'Zanaih II' 2-max Seat #1 is the button
Seat 1: RaisemyNut$ ($65.50 in chips)
Seat 2: PigStyles ($439.97 in chips)
RaisemyNut$: posts small blind $1
PigStyles: posts big blind $3
*** HOLE CARDS ***
RaisemyNut$: raises $3 to $6
PigStyles: calls $3
*** FLOP *** [Jd Js 9h]
PigStyles: checks
RaisemyNut$: bets $3
PigStyles: folds
Uncalled bet ($3) returned to RaisemyNut$
RaisemyNut$ collected $11.76 from pot
RaisemyNut$: doesn't show hand
*** SUMMARY ***
Total pot $12 | Rake $0.24
Board [Jd Js 9h]
Seat 1: RaisemyNut$ (button) (small blind) collected ($11.76)
Seat 2: PigStyles (big blind) folded on the Flop


PokerStars Hand #148026687047:  Hold'em Limit ($3/$6 USD) - 2016/01/31 18:55:27 ET
Table 'Zanaih II' 2-max Seat #2 is the button
Seat 1: RaisemyNut$ ($71.26 in chips)
Seat 2: PigStyles ($433.97 in chips)
PigStyles: posts small blind $1
RaisemyNut$: posts big blind $3
*** HOLE CARDS ***
PigStyles: raises $3 to $6
RaisemyNut$: raises $3 to $9
PigStyles: calls $3
*** FLOP *** [Tc 7s 2c]
RaisemyNut$: bets $3
PigStyles: calls $3
*** TURN *** [Tc 7s 2c] [7h]
RaisemyNut$: bets $6
PigStyles: folds
Uncalled bet ($6) returned to RaisemyNut$
RaisemyNut$ collected $23.52 from pot
RaisemyNut$: doesn't show hand
*** SUMMARY ***
Total pot $24 | Rake $0.48
Board [Tc 7s 2c 7h]
Seat 1: RaisemyNut$ (big blind) collected ($23.52)
Seat 2: PigStyles (button) (small blind) folded on the Turn


PokerStars Hand #148026698188:  Hold'em Limit ($3/$6 USD) - 2016/01/31 18:55:46 ET
Table 'Zanaih II' 2-max Seat #2 is the button
Seat 1: RaisemyNut$ ($73.78 in chips)
Seat 2: PigStyles ($430.61 in chips)
PigStyles: posts small blind $1
RaisemyNut$: posts big blind $3
*** HOLE CARDS ***
PigStyles: raises $3 to $6
RaisemyNut$: calls $3
*** FLOP *** [6d As Tc]
RaisemyNut$: checks
PigStyles: bets $3
RaisemyNut$: calls $3
*** TURN *** [6d As Tc] [5d]
RaisemyNut$: checks
PigStyles: checks
*** RIVER *** [6d As Tc 5d] [5c]
RaisemyNut$: checks
PigStyles: checks
*** SHOW DOWN ***
RaisemyNut$: shows [Kd 5s] (three of a kind, Fives)
PigStyles: mucks hand
RaisemyNut$ collected $17.64 from pot
*** SUMMARY ***
Total pot $18 | Rake $0.36
Board [6d As Tc 5d 5c]
Seat 1: RaisemyNut$ (big blind) showed [Kd 5s] and won ($17.64) with three of a kind, Fives
Seat 2: PigStyles (button) (small blind) mucked


PokerStars Hand #148026706547:  Hold'em Limit ($3/$6 USD) - 2016/01/31 18:55:59 ET
Table 'Zanaih II' 2-max Seat #1 is the button
Seat 1: RaisemyNut$ ($82.42 in chips)
Seat 2: PigStyles ($421.61 in chips)
RaisemyNut$: posts small blind $1
PigStyles: posts big blind $3
*** HOLE CARDS ***
RaisemyNut$: raises $3 to $6
PigStyles: calls $3
*** FLOP *** [Td 4c Qh]
PigStyles: checks
RaisemyNut$: bets $3
PigStyles: calls $3
*** TURN *** [Td 4c Qh] [Qs]
PigStyles: checks
RaisemyNut$: bets $6
PigStyles: raises $6 to $12
RaisemyNut$: folds
Uncalled bet ($6) returned to PigStyles
PigStyles collected $29.50 from pot
PigStyles: doesn't show hand
*** SUMMARY ***
Total pot $30 | Rake $0.50
Board [Td 4c Qh Qs]
Seat 1: RaisemyNut$ (button) (small blind) folded on the Turn
Seat 2: PigStyles (big blind) collected ($29.50)


PokerStars Hand #148026716054:  Hold'em Limit ($3/$6 USD) - 2016/01/31 18:56:15 ET
Table 'Zanaih II' 2-max Seat #2 is the button
Seat 1: RaisemyNut$ ($67.42 in chips)
Seat 2: PigStyles ($436.11 in chips)
PigStyles: posts small blind $1
RaisemyNut$: posts big blind $3
*** HOLE CARDS ***
PigStyles: raises $3 to $6
RaisemyNut$: raises $3 to $9
PigStyles: calls $3
*** FLOP *** [2s 2c Jc]
RaisemyNut$: bets $3
PigStyles: folds
Uncalled bet ($3) returned to RaisemyNut$
RaisemyNut$ collected $17.64 from pot
RaisemyNut$: doesn't show hand
*** SUMMARY ***
Total pot $18 | Rake $0.36
Board [2s 2c Jc]
Seat 1: RaisemyNut$ (big blind) collected ($17.64)
Seat 2: PigStyles (button) (small blind) folded on the Flop


PokerStars Hand #148026720530:  Hold'em Limit ($3/$6 USD) - 2016/01/31 18:56:23 ET
Table 'Zanaih II' 2-max Seat #1 is the button
Seat 1: RaisemyNut$ ($76.06 in chips)
Seat 2: PigStyles ($427.11 in chips)
RaisemyNut$: posts small blind $1
PigStyles: posts big blind $3
*** HOLE CARDS ***
RaisemyNut$: raises $3 to $6
PigStyles: raises $3 to $9
RaisemyNut$: calls $3
*** FLOP *** [3c Qs Qc]
PigStyles: bets $3
RaisemyNut$: calls $3
*** TURN *** [3c Qs Qc] [4s]
PigStyles: bets $6
RaisemyNut$: folds
Uncalled bet ($6) returned to PigStyles
PigStyles collected $23.52 from pot
PigStyles: doesn't show hand
*** SUMMARY ***
Total pot $24 | Rake $0.48
Board [3c Qs Qc 4s]
Seat 1: RaisemyNut$ (button) (small blind) folded on the Turn
Seat 2: PigStyles (big blind) collected ($23.52)


PokerStars Hand #148026693263:  Hold'em Limit ($3/$6 USD) - 2016/01/31 18:55:38 ET
Table 'Zanaih II' 2-max Seat #1 is the button
Seat 1: RaisemyNut$ ($82.78 in chips)
Seat 2: PigStyles ($421.97 in chips)
RaisemyNut$: posts small blind $1
PigStyles: posts big blind $3
*** HOLE CARDS ***
RaisemyNut$: raises $3 to $6
PigStyles: raises $3 to $9
RaisemyNut$: calls $3
*** FLOP *** [Kc 6d 3d]
PigStyles: bets $3
RaisemyNut$: folds
Uncalled bet ($3) returned to PigStyles
PigStyles collected $17.64 from pot
PigStyles: doesn't show hand
*** SUMMARY ***
Total pot $18 | Rake $0.36
Board [Kc 6d 3d]
Seat 1: RaisemyNut$ (button) (small blind) folded on the Flop
Seat 2: PigStyles (big blind) collected ($17.64)


PokerStars Hand #148026736337:  Hold'em Limit ($3/$6 USD) - 2016/01/31 18:56:48 ET
Table 'Zanaih II' 2-max Seat #1 is the button
Seat 1: RaisemyNut$ ($81.56 in chips)
Seat 2: PigStyles ($420.63 in chips)
RaisemyNut$: posts small blind $1
PigStyles: posts big blind $3
*** HOLE CARDS ***
RaisemyNut$: raises $3 to $6
PigStyles: raises $3 to $9
RaisemyNut$: calls $3
*** FLOP *** [8s 4c 6c]
PigStyles: bets $3
RaisemyNut$: calls $3
*** TURN *** [8s 4c 6c] [Qs]
PigStyles: bets $6
RaisemyNut$: calls $6
*** RIVER *** [8s 4c 6c Qs] [As]
PigStyles: bets $6
RaisemyNut$: calls $6
*** SHOW DOWN ***
PigStyles: shows [Jd Ah] (a pair of Aces)
RaisemyNut$: mucks hand
PigStyles collected $47.50 from pot
*** SUMMARY ***
Total pot $48 | Rake $0.50
Board [8s 4c 6c Qs As]
Seat 1: RaisemyNut$ (button) (small blind) mucked
Seat 2: PigStyles (big blind) showed [Jd Ah] and won ($47.50) with a pair of Aces


PokerStars Hand #148026744837:  Hold'em Limit ($3/$6 USD) - 2016/01/31 18:57:02 ET
Table 'Zanaih II' 2-max Seat #2 is the button
Seat 1: RaisemyNut$ ($60 in chips)
Seat 2: PigStyles ($444.13 in chips)
PigStyles: posts small blind $1
RaisemyNut$: posts big blind $3
*** HOLE CARDS ***
PigStyles: raises $3 to $6
RaisemyNut$: calls $3
*** FLOP *** [Ac Ks 8s]
RaisemyNut$: checks
PigStyles: bets $3
RaisemyNut$: calls $3
*** TURN *** [Ac Ks 8s] [Qd]
RaisemyNut$: checks
PigStyles: bets $6
RaisemyNut$: calls $6
*** RIVER *** [Ac Ks 8s Qd] [3c]
RaisemyNut$: checks
PigStyles: bets $6
RaisemyNut$: calls $6
*** SHOW DOWN ***
PigStyles: shows [Kc 4h] (a pair of Kings)
RaisemyNut$: shows [9d Kh] (a pair of Kings - Ace+Queen+Nine kicker)
RaisemyNut$ collected $41.50 from pot
*** SUMMARY ***
Total pot $42 | Rake $0.50
Board [Ac Ks 8s Qd 3c]
Seat 1: RaisemyNut$ (big blind) showed [9d Kh] and won ($41.50) with a pair of Kings
Seat 2: PigStyles (button) (small blind) showed [Kc 4h] and lost with a pair of Kings


PokerStars Hand #148026754050:  Hold'em Limit ($3/$6 USD) - 2016/01/31 18:57:17 ET
Table 'Zanaih II' 2-max Seat #1 is the button
Seat 1: RaisemyNut$ ($80.50 in chips)
Seat 2: PigStyles ($423.13 in chips)
RaisemyNut$: posts small blind $1
PigStyles: posts big blind $3
*** HOLE CARDS ***
RaisemyNut$: raises $3 to $6
PigStyles: calls $3
*** FLOP *** [6d Kd Qc]
PigStyles: checks
RaisemyNut$: bets $3
PigStyles: calls $3
*** TURN *** [6d Kd Qc] [Kc]
PigStyles: checks
RaisemyNut$: checks
*** RIVER *** [6d Kd Qc Kc] [2s]
PigStyles: bets $6
RaisemyNut$: calls $6
*** SHOW DOWN ***
PigStyles: shows [Jd 8c] (a pair of Kings)
RaisemyNut$: shows [7s 7h] (two pair, Kings and Sevens)
RaisemyNut$ collected $29.50 from pot
*** SUMMARY ***
Total pot $30 | Rake $0.50
Board [6d Kd Qc Kc 2s]
Seat 1: RaisemyNut$ (button) (small blind) showed [7s 7h] and won ($29.50) with two pair, Kings and Sevens
Seat 2: PigStyles (big blind) showed [Jd 8c] and lost with a pair of Kings


PokerStars Hand #148026762816:  Hold'em Limit ($3/$6 USD) - 2016/01/31 18:57:31 ET
Table 'Zanaih II' 2-max Seat #2 is the button
Seat 1: RaisemyNut$ ($95 in chips)
Seat 2: PigStyles ($408.13 in chips)
PigStyles: posts small blind $1
RaisemyNut$: posts big blind $3
*** HOLE CARDS ***
PigStyles: raises $3 to $6
RaisemyNut$: calls $3
*** FLOP *** [Qc 9c 7d]
RaisemyNut$: checks
PigStyles: checks
*** TURN *** [Qc 9c 7d] [2s]
RaisemyNut$: bets $6
PigStyles: folds
Uncalled bet ($6) returned to RaisemyNut$
RaisemyNut$ collected $11.76 from pot
RaisemyNut$: doesn't show hand
*** SUMMARY ***
Total pot $12 | Rake $0.24
Board [Qc 9c 7d 2s]
Seat 1: RaisemyNut$ (big blind) collected ($11.76)
Seat 2: PigStyles (button) (small blind) folded on the Turn


PokerStars Hand #148026727696:  Hold'em Limit ($3/$6 USD) - 2016/01/31 18:56:34 ET
Table 'Zanaih II' 2-max Seat #2 is the button
Seat 1: RaisemyNut$ ($64.06 in chips)
Seat 2: PigStyles ($438.63 in chips)
PigStyles: posts small blind $1
RaisemyNut$: posts big blind $3
*** HOLE CARDS ***
PigStyles: raises $3 to $6
RaisemyNut$: raises $3 to $9
PigStyles: calls $3
*** FLOP *** [4c 5s Ah]
RaisemyNut$: bets $3
PigStyles: calls $3
*** TURN *** [4c 5s Ah] [As]
RaisemyNut$: bets $6
PigStyles: calls $6
*** RIVER *** [4c 5s Ah As] [8c]
RaisemyNut$: bets $6
PigStyles: folds
Uncalled bet ($6) returned to RaisemyNut$
RaisemyNut$ collected $35.50 from pot
RaisemyNut$: doesn't show hand
*** SUMMARY ***
Total pot $36 | Rake $0.50
Board [4c 5s Ah As 8c]
Seat 1: RaisemyNut$ (big blind) collected ($35.50)
Seat 2: PigStyles (button) (small blind) folded on the River


PokerStars Hand #148026776128:  Hold'em Limit ($3/$6 USD) - 2016/01/31 18:57:52 ET
Table 'Zanaih II' 2-max Seat #2 is the button
Seat 1: RaisemyNut$ ($88.76 in chips)
Seat 2: PigStyles ($413.65 in chips)
PigStyles: posts small blind $1
RaisemyNut$: posts big blind $3
*** HOLE CARDS ***
PigStyles: raises $3 to $6
RaisemyNut$: calls $3
*** FLOP *** [5d 3h 5h]
RaisemyNut$: checks
PigStyles: bets $3
RaisemyNut$: calls $3
*** TURN *** [5d 3h 5h] [5c]
RaisemyNut$: checks
PigStyles: bets $6
RaisemyNut$: calls $6
*** RIVER *** [5d 3h 5h 5c] [Tc]
RaisemyNut$: checks
PigStyles: bets $6
RaisemyNut$: calls $6
*** SHOW DOWN ***
PigStyles: shows [2h 5s] (four of a kind, Fives)
RaisemyNut$: mucks hand
PigStyles collected $41.50 from pot
*** SUMMARY ***
Total pot $42 | Rake $0.50
Board [5d 3h 5h 5c Tc]
Seat 1: RaisemyNut$ (big blind) mucked
Seat 2: PigStyles (button) (small blind) showed [2h 5s] and won ($41.50) with four of a kind, Fives


PokerStars Hand #148026790802:  Hold'em Limit ($3/$6 USD) - 2016/01/31 18:58:10 ET
Table 'Zanaih II' 2-max Seat #1 is the button
Seat 1: RaisemyNut$ ($67.76 in chips)
Seat 2: PigStyles ($434.15 in chips)
RaisemyNut$: posts small blind $1
PigStyles: posts big blind $3
*** HOLE CARDS ***
RaisemyNut$: raises $3 to $6
PigStyles: calls $3
*** FLOP *** [5h 4d 8s]
PigStyles: checks
RaisemyNut$: bets $3
PigStyles: calls $3
*** TURN *** [5h 4d 8s] [Th]
PigStyles: checks
RaisemyNut$: checks
*** RIVER *** [5h 4d 8s Th] [7d]
PigStyles: bets $6
RaisemyNut$: folds
Uncalled bet ($6) returned to PigStyles
PigStyles collected $17.64 from pot
PigStyles: doesn't show hand
*** SUMMARY ***
Total pot $18 | Rake $0.36
Board [5h 4d 8s Th 7d]
Seat 1: RaisemyNut$ (button) (small blind) folded on the River
Seat 2: PigStyles (big blind) collected ($17.64)


PokerStars Hand #148026768351:  Hold'em Limit ($3/$6 USD) - 2016/01/31 18:57:40 ET
Table 'Zanaih II' 2-max Seat #1 is the button
Seat 1: RaisemyNut$ ($100.76 in chips)
Seat 2: PigStyles ($402.13 in chips)
RaisemyNut$: posts small blind $1
PigStyles: posts big blind $3
*** HOLE CARDS ***
RaisemyNut$: raises $3 to $6
PigStyles: raises $3 to $9
RaisemyNut$: calls $3
*** FLOP *** [3h 7c Ts]
PigStyles: bets $3
RaisemyNut$: calls $3
*** TURN *** [3h 7c Ts] [Td]
PigStyles: bets $6
RaisemyNut$: folds
Uncalled bet ($6) returned to PigStyles
PigStyles collected $23.52 from pot
PigStyles: doesn't show hand
*** SUMMARY ***
Total pot $24 | Rake $0.48
Board [3h 7c Ts Td]
Seat 1: RaisemyNut$ (button) (small blind) folded on the Turn
Seat 2: PigStyles (big blind) collected ($23.52)


