PokerStars Hand #153863059548:  Hold'em Limit ($3/$6 USD) - 2016/05/26 9:02:25 ET
Table 'Zanaih' 6-max Seat #3 is the button
Seat 1: Velbor107 ($314.50 in chips)
Seat 3: 5PRUT5 ($28.75 in chips)
5PRUT5: posts small blind $1
Velbor107: posts big blind $3
*** HOLE CARDS ***
5PRUT5: folds
Uncalled bet ($2) returned to Velbor107
Velbor107 collected $2 from pot
*** SUMMARY ***
Total pot $2 | Rake $0
Seat 1: Velbor107 (big blind) collected ($2)
Seat 3: 5PRUT5 (button) (small blind) folded before Flop


PokerStars Hand #153863041608:  Hold'em Limit ($3/$6 USD) - 2016/05/26 9:01:52 ET
Table 'Zanaih' 6-max Seat #1 is the button
Seat 1: Velbor107 ($300 in chips)
Seat 3: 5PRUT5 ($43.75 in chips)
Velbor107: posts small blind $1
5PRUT5: posts big blind $3
*** HOLE CARDS ***
Velbor107: raises $3 to $6
5PRUT5: calls $3
*** FLOP *** [5h 7c Ah]
5PRUT5: checks
Velbor107: bets $3
5PRUT5: calls $3
*** TURN *** [5h 7c Ah] [3s]
5PRUT5: checks
Velbor107: checks
*** RIVER *** [5h 7c Ah 3s] [5c]
5PRUT5: bets $6
Velbor107: raises $6 to $12
5PRUT5: folds
Uncalled bet ($6) returned to Velbor107
Velbor107 collected $29.50 from pot
*** SUMMARY ***
Total pot $30 | Rake $0.50
Board [5h 7c Ah 3s 5c]
Seat 1: Velbor107 (button) (small blind) collected ($29.50)
Seat 3: 5PRUT5 (big blind) folded on the River


PokerStars Hand #153863084169:  Hold'em Limit ($3/$6 USD) - 2016/05/26 9:03:12 ET
Table 'Zanaih' 6-max Seat #1 is the button
Seat 1: Velbor107 ($307.50 in chips)
Seat 3: 5PRUT5 ($35.39 in chips)
Velbor107: posts small blind $1
5PRUT5: posts big blind $3
*** HOLE CARDS ***
Velbor107: raises $3 to $6
5PRUT5: folds
Uncalled bet ($3) returned to Velbor107
Velbor107 collected $6 from pot
*** SUMMARY ***
Total pot $6 | Rake $0
Seat 1: Velbor107 (button) (small blind) collected ($6)
Seat 3: 5PRUT5 (big blind) folded before Flop


PokerStars Hand #153863074542:  Hold'em Limit ($3/$6 USD) - 2016/05/26 9:02:54 ET
Table 'Zanaih' 6-max Seat #3 is the button
Seat 1: Velbor107 ($306.50 in chips)
Seat 3: 5PRUT5 ($36.39 in chips)
5PRUT5: posts small blind $1
Velbor107: posts big blind $3
*** HOLE CARDS ***
5PRUT5: folds
Uncalled bet ($2) returned to Velbor107
Velbor107 collected $2 from pot
*** SUMMARY ***
Total pot $2 | Rake $0
Seat 1: Velbor107 (big blind) collected ($2)
Seat 3: 5PRUT5 (button) (small blind) folded before Flop


PokerStars Hand #153863062618:  Hold'em Limit ($3/$6 USD) - 2016/05/26 9:02:31 ET
Table 'Zanaih' 6-max Seat #1 is the button
Seat 1: Velbor107 ($315.50 in chips)
Seat 3: 5PRUT5 ($27.75 in chips)
Velbor107: posts small blind $1
5PRUT5: posts big blind $3
*** HOLE CARDS ***
Velbor107: raises $3 to $6
5PRUT5: raises $3 to $9
Velbor107: calls $3
*** FLOP *** [2s Th Ks]
5PRUT5: bets $3
Velbor107: folds
Uncalled bet ($3) returned to 5PRUT5
5PRUT5 collected $17.64 from pot
*** SUMMARY ***
Total pot $18 | Rake $0.36
Board [2s Th Ks]
Seat 1: Velbor107 (button) (small blind) folded on the Flop
Seat 3: 5PRUT5 (big blind) collected ($17.64)


PokerStars Hand #153863117423:  Hold'em Limit ($3/$6 USD) - 2016/05/26 9:04:14 ET
Table 'Zanaih' 6-max Seat #1 is the button
Seat 1: Velbor107 ($286.50 in chips)
Seat 3: 5PRUT5 ($55.89 in chips)
Velbor107: posts small blind $1
5PRUT5: posts big blind $3
*** HOLE CARDS ***
Velbor107: raises $3 to $6
5PRUT5: folds
Uncalled bet ($3) returned to Velbor107
Velbor107 collected $6 from pot
*** SUMMARY ***
Total pot $6 | Rake $0
Seat 1: Velbor107 (button) (small blind) collected ($6)
Seat 3: 5PRUT5 (big blind) folded before Flop


PokerStars Hand #153863086971:  Hold'em Limit ($3/$6 USD) - 2016/05/26 9:03:17 ET
Table 'Zanaih' 6-max Seat #3 is the button
Seat 1: Velbor107 ($310.50 in chips)
Seat 3: 5PRUT5 ($32.39 in chips)
5PRUT5: posts small blind $1
Velbor107: posts big blind $3
*** HOLE CARDS ***
5PRUT5: raises $3 to $6
Velbor107: calls $3
*** FLOP *** [5s Ks 6d]
Velbor107: checks
5PRUT5: bets $3
sailence joins the table at seat #4
Velbor107: raises $3 to $6
5PRUT5: calls $3
*** TURN *** [5s Ks 6d] [Ad]
Velbor107: checks
beng_51 joins the table at seat #5
5PRUT5: bets $6
Velbor107: calls $6
*** RIVER *** [5s Ks 6d Ad] [Ah]
Velbor107: checks
5PRUT5: bets $6
Velbor107: calls $6
*** SHOW DOWN ***
5PRUT5: shows [6c Ac] (a full house, Aces full of Sixes)
Velbor107: mucks hand
5PRUT5 collected $47.50 from pot
*** SUMMARY ***
Total pot $48 | Rake $0.50
Board [5s Ks 6d Ad Ah]
Seat 1: Velbor107 (big blind) mucked
Seat 3: 5PRUT5 (button) (small blind) showed [6c Ac] and won ($47.50) with a full house, Aces full of Sixes


PokerStars Hand #153863379861:  Hold'em Limit ($3/$6 USD) - 2016/05/26 9:12:11 ET
Table 'Zanaih' 6-max Seat #3 is the button
Seat 3: Velbor107 ($298.20 in chips)
Seat 4: sailence ($14.65 in chips)
Velbor107: posts small blind $1
sailence: posts big blind $3
*** HOLE CARDS ***
Velbor107: folds
Uncalled bet ($2) returned to sailence
sailence collected $2 from pot
Profitables joins the table at seat #5
*** SUMMARY ***
Total pot $2 | Rake $0
Seat 3: Velbor107 (button) (small blind) folded before Flop
Seat 4: sailence (big blind) collected ($2)


PokerStars Hand #153863375075:  Hold'em Limit ($3/$6 USD) - 2016/05/26 9:12:02 ET
Table 'Zanaih' 6-max Seat #4 is the button
Seat 3: Velbor107 ($301.20 in chips)
Seat 4: sailence ($11.65 in chips)
sailence: posts small blind $1
Grieserix: is sitting out
Velbor107: posts big blind $3
*** HOLE CARDS ***
Grieserix leaves the table
sailence: raises $3 to $6
Velbor107: folds
Uncalled bet ($3) returned to sailence
sailence collected $6 from pot
*** SUMMARY ***
Total pot $6 | Rake $0
Seat 3: Velbor107 (big blind) folded before Flop
Seat 4: sailence (button) (small blind) collected ($6)


PokerStars Hand #153863600045:  Hold'em Limit ($3/$6 USD) - 2016/05/26 9:18:48 ET
Table 'Zanaih' 6-max Seat #3 is the button
Seat 3: Velbor107 ($414.95 in chips)
Seat 4: TheWizKids ($90.05 in chips)
Velbor107: posts small blind $1
TheWizKids: posts big blind $3
*** HOLE CARDS ***
Velbor107: folds
Uncalled bet ($2) returned to TheWizKids
TheWizKids collected $2 from pot
TheWizKids: doesn't show hand
*** SUMMARY ***
Total pot $2 | Rake $0
Seat 3: Velbor107 (button) (small blind) folded before Flop
Seat 4: TheWizKids (big blind) collected ($2)


PokerStars Hand #153863588867:  Hold'em Limit ($3/$6 USD) - 2016/05/26 9:18:28 ET
Table 'Zanaih' 6-max Seat #4 is the button
Seat 3: Velbor107 ($394.45 in chips)
Seat 4: TheWizKids ($111.05 in chips)
TheWizKids: posts small blind $1
Velbor107: posts big blind $3
*** HOLE CARDS ***
TheWizKids: raises $3 to $6
Velbor107: calls $3
*** FLOP *** [4h 2d 3c]
LukaSteel leaves the table
Velbor107: checks
TheWizKids: bets $3
Velbor107: calls $3
*** TURN *** [4h 2d 3c] [Kh]
Velbor107: checks
TheWizKids: bets $6
Velbor107: calls $6
*** RIVER *** [4h 2d 3c Kh] [7h]
Velbor107: checks
TheWizKids: bets $6
Velbor107: calls $6
*** SHOW DOWN ***
TheWizKids: shows [Ad Jc] (high card Ace)
Velbor107: shows [Qc 2c] (a pair of Deuces)
Velbor107 collected $41.50 from pot
*** SUMMARY ***
Total pot $42 | Rake $0.50
Board [4h 2d 3c Kh 7h]
Seat 3: Velbor107 (big blind) showed [Qc 2c] and won ($41.50) with a pair of Deuces
Seat 4: TheWizKids (button) (small blind) showed [Ad Jc] and lost with high card Ace


PokerStars Hand #153863602606:  Hold'em Limit ($3/$6 USD) - 2016/05/26 9:18:53 ET
Table 'Zanaih' 6-max Seat #4 is the button
Seat 3: Velbor107 ($413.95 in chips)
Seat 4: TheWizKids ($91.05 in chips)
TheWizKids: posts small blind $1
Velbor107: posts big blind $3
*** HOLE CARDS ***
TheWizKids: raises $3 to $6
Velbor107: raises $3 to $9
TheWizKids: raises $3 to $12
Betting is capped
Velbor107: calls $3
*** FLOP *** [7h Qd 2s]
Velbor107: bets $3
TheWizKids: calls $3
*** TURN *** [7h Qd 2s] [7d]
Velbor107: bets $6
TheWizKids: calls $6
*** RIVER *** [7h Qd 2s 7d] [4c]
Velbor107: bets $6
TheWizKids: calls $6
*** SHOW DOWN ***
Velbor107: shows [Ks Qh] (two pair, Queens and Sevens)
TheWizKids: mucks hand
Velbor107 collected $53.50 from pot
TheWizKids leaves the table
*** SUMMARY ***
Total pot $54 | Rake $0.50
Board [7h Qd 2s 7d 4c]
Seat 3: Velbor107 (big blind) showed [Ks Qh] and won ($53.50) with two pair, Queens and Sevens
Seat 4: TheWizKids (button) (small blind) mucked


