PokerStars Hand #169827134792:  Hold'em Limit ($3/$6 USD) - 2017/05/01 16:58:38 ET
Table 'Zaragoza' 6-max Seat #5 is the button
Seat 3: Eklund_1891 ($81.35 in chips)
Seat 5: TinaTurner72 ($121 in chips)
TinaTurner72: posts small blind $1
Eklund_1891: posts big blind $3
*** HOLE CARDS ***
TinaTurner72: raises $3 to $6
Eklund_1891: raises $3 to $9
TinaTurner72: calls $3
*** FLOP *** [8s Th 5s]
Eklund_1891: bets $3
TinaTurner72: calls $3
*** TURN *** [8s Th 5s] [3d]
Eklund_1891: checks
TinaTurner72: bets $6
Eklund_1891: calls $6
*** RIVER *** [8s Th 5s 3d] [6h]
ToDaFelt joins the table at seat #4
Eklund_1891: checks
TinaTurner72: checks
*** SHOW DOWN ***
Eklund_1891: shows [2c Kh] (high card King)
TinaTurner72: shows [5h Jc] (a pair of Fives)
TinaTurner72 collected $35.50 from pot
*** SUMMARY ***
Total pot $36 | Rake $0.50
Board [8s Th 5s 3d 6h]
Seat 3: Eklund_1891 (big blind) showed [2c Kh] and lost with high card King
Seat 5: TinaTurner72 (button) (small blind) showed [5h Jc] and won ($35.50) with a pair of Fives


PokerStars Hand #169827129991:  Hold'em Limit ($3/$6 USD) - 2017/05/01 16:58:31 ET
Table 'Zaragoza' 6-max Seat #3 is the button
Seat 3: Eklund_1891 ($82.35 in chips)
Seat 5: TinaTurner72 ($120 in chips)
Eklund_1891: posts small blind $1
TinaTurner72: posts big blind $3
*** HOLE CARDS ***
Eklund_1891: folds
Uncalled bet ($2) returned to TinaTurner72
TinaTurner72 collected $2 from pot
TinaTurner72: doesn't show hand
*** SUMMARY ***
Total pot $2 | Rake $0
Seat 3: Eklund_1891 (button) (small blind) folded before Flop
Seat 5: TinaTurner72 (big blind) collected ($2)


PokerStars Hand #169827436718:  Hold'em Limit ($3/$6 USD) - 2017/05/01 17:05:07 ET
Table 'Zaragoza' 6-max Seat #3 is the button
Seat 3: deluxe ($134.83 in chips)
Seat 5: Krazy90 ($120 in chips)
deluxe: posts small blind $1
Krazy90: posts big blind $3
*** HOLE CARDS ***
deluxe: folds
Uncalled bet ($2) returned to Krazy90
Krazy90 collected $2 from pot
Krazy90: doesn't show hand
*** SUMMARY ***
Total pot $2 | Rake $0
Seat 3: deluxe (button) (small blind) folded before Flop
Seat 5: Krazy90 (big blind) collected ($2)


PokerStars Hand #169827402756:  Hold'em Limit ($3/$6 USD) - 2017/05/01 17:04:26 ET
Table 'Zaragoza' 6-max Seat #4 is the button
Seat 3: deluxe ($140.83 in chips)
Seat 4: ToDaFelt ($120.18 in chips)
ToDaFelt: posts small blind $1
Chessnok: is sitting out
deluxe: posts big blind $3
*** HOLE CARDS ***
Chessnok leaves the table
ToDaFelt: raises $3 to $6
Krazy90 joins the table at seat #5
deluxe: calls $3
*** FLOP *** [4d As Ah]
deluxe: checks
ToDaFelt: bets $3
deluxe: folds
Uncalled bet ($3) returned to ToDaFelt
ToDaFelt collected $11.76 from pot
ToDaFelt: doesn't show hand
*** SUMMARY ***
Total pot $12 | Rake $0.24
Board [4d As Ah]
Seat 3: deluxe (big blind) folded on the Flop
Seat 4: ToDaFelt (button) (small blind) collected ($11.76)


PokerStars Hand #169827847702:  Hold'em Limit ($3/$6 USD) - 2017/05/01 17:13:19 ET
Table 'Zaragoza' 6-max Seat #5 is the button
Seat 3: sienvan ($47.90 in chips)
Seat 5: Krazy90 ($120 in chips)
Krazy90: posts small blind $1
sienvan: posts big blind $3
*** HOLE CARDS ***
Krazy90: raises $3 to $6
sienvan: folds
Uncalled bet ($3) returned to Krazy90
Krazy90 collected $6 from pot
Krazy90: doesn't show hand
*** SUMMARY ***
Total pot $6 | Rake $0
Seat 3: sienvan (big blind) folded before Flop
Seat 5: Krazy90 (button) (small blind) collected ($6)


PokerStars Hand #169827831151:  Hold'em Limit ($3/$6 USD) - 2017/05/01 17:12:58 ET
Table 'Zaragoza' 6-max Seat #3 is the button
Seat 3: sienvan ($33.40 in chips)
Seat 5: Krazy90 ($127 in chips)
sienvan: posts small blind $1
Krazy90: posts big blind $3
*** HOLE CARDS ***
Zubasa07 joins the table at seat #4
sienvan: raises $3 to $6
Krazy90: calls $3
*** FLOP *** [3h Qs Jh]
Krazy90: checks
sienvan: bets $3
Krazy90: calls $3
*** TURN *** [3h Qs Jh] [5s]
Krazy90: checks
sienvan: bets $6
Krazy90: calls $6
*** RIVER *** [3h Qs Jh 5s] [Ad]
Krazy90: checks
sienvan: checks
*** SHOW DOWN ***
Krazy90: shows [3d Kd] (a pair of Threes)
sienvan: shows [8s Js] (a pair of Jacks)
sienvan collected $29.50 from pot
*** SUMMARY ***
Total pot $30 | Rake $0.50
Board [3h Qs Jh 5s Ad]
Seat 3: sienvan (button) (small blind) showed [8s Js] and won ($29.50) with a pair of Jacks
Seat 5: Krazy90 (big blind) showed [3d Kd] and lost with a pair of Threes


PokerStars Hand #169829758141:  Hold'em Limit ($3/$6 USD) - 2017/05/01 17:53:41 ET
Table 'Zaragoza' 6-max Seat #1 is the button
Seat 1: estech10 ($241.85 in chips)
Seat 6: ToDaFelt ($197.74 in chips)
estech10: posts small blind $1
Chessnok: is sitting out
ToDaFelt: posts big blind $3
*** HOLE CARDS ***
estech10: folds
Uncalled bet ($2) returned to ToDaFelt
ToDaFelt collected $2 from pot
ToDaFelt: doesn't show hand
*** SUMMARY ***
Total pot $2 | Rake $0
Seat 1: estech10 (button) (small blind) folded before Flop
Seat 6: ToDaFelt (big blind) collected ($2)


PokerStars Hand #169829762925:  Hold'em Limit ($3/$6 USD) - 2017/05/01 17:53:47 ET
Table 'Zaragoza' 6-max Seat #6 is the button
Seat 1: estech10 ($240.85 in chips)
Seat 6: ToDaFelt ($198.74 in chips)
ToDaFelt: posts small blind $1
estech10: posts big blind $3
*** HOLE CARDS ***
ToDaFelt: folds
Uncalled bet ($2) returned to estech10
estech10 collected $2 from pot
estech10: doesn't show hand
*** SUMMARY ***
Total pot $2 | Rake $0
Seat 1: estech10 (big blind) collected ($2)
Seat 6: ToDaFelt (button) (small blind) folded before Flop


PokerStars Hand #169829766028:  Hold'em Limit ($3/$6 USD) - 2017/05/01 17:53:51 ET
Table 'Zaragoza' 6-max Seat #1 is the button
Seat 1: estech10 ($241.85 in chips)
Seat 6: ToDaFelt ($197.74 in chips)
estech10: posts small blind $1
ToDaFelt: posts big blind $3
*** HOLE CARDS ***
estech10: calls $2
ToDaFelt: raises $3 to $6
estech10: calls $3
*** FLOP *** [Ad 6s 3s]
ToDaFelt: bets $3
estech10: folds
Uncalled bet ($3) returned to ToDaFelt
ToDaFelt collected $11.76 from pot
ToDaFelt: doesn't show hand
*** SUMMARY ***
Total pot $12 | Rake $0.24
Board [Ad 6s 3s]
Seat 1: estech10 (button) (small blind) folded on the Flop
Seat 6: ToDaFelt (big blind) collected ($11.76)


