PokerStars Hand #168921822135:  Hold'em Limit ($3/$6 USD) - 2017/04/12 2:55:57 ET
Table 'Zaragoza' 6-max Seat #4 is the button
Seat 1: iupeli ($152.13 in chips)
Seat 4: Agrotait ($73 in chips)
Agrotait: posts small blind $1
iupeli: posts big blind $3
*** HOLE CARDS ***
Agrotait: raises $3 to $6
iupeli: calls $3
*** FLOP *** [9d 7d 5d]
iupeli: checks
Agrotait: bets $3
iupeli: folds
Uncalled bet ($3) returned to Agrotait
Agrotait collected $11.76 from pot
Agrotait: doesn't show hand
*** SUMMARY ***
Total pot $12 | Rake $0.24
Board [9d 7d 5d]
Seat 1: iupeli (big blind) folded on the Flop
Seat 4: Agrotait (button) (small blind) collected ($11.76)


PokerStars Hand #168921819180:  Hold'em Limit ($3/$6 USD) - 2017/04/12 2:55:45 ET
Table 'Zaragoza' 6-max Seat #1 is the button
Seat 1: iupeli ($149.13 in chips)
Seat 4: Agrotait ($76 in chips)
iupeli: posts small blind $1
Agrotait: posts big blind $3
*** HOLE CARDS ***
iupeli: raises $3 to $6
Agrotait: folds
Uncalled bet ($3) returned to iupeli
iupeli collected $6 from pot
iupeli: doesn't show hand
*** SUMMARY ***
Total pot $6 | Rake $0
Seat 1: iupeli (button) (small blind) collected ($6)
Seat 4: Agrotait (big blind) folded before Flop


PokerStars Hand #168921825832:  Hold'em Limit ($3/$6 USD) - 2017/04/12 2:56:11 ET
Table 'Zaragoza' 6-max Seat #1 is the button
Seat 1: iupeli ($146.13 in chips)
Seat 4: Agrotait ($78.76 in chips)
iupeli: posts small blind $1
Agrotait: posts big blind $3
*** HOLE CARDS ***
iupeli: raises $3 to $6
Agrotait: calls $3
*** FLOP *** [3s 6s 2d]
Agrotait: checks
iupeli: bets $3
Agrotait: raises $3 to $6
iupeli: calls $3
*** TURN *** [3s 6s 2d] [7c]
Agrotait: bets $6
iupeli: folds
Uncalled bet ($6) returned to Agrotait
Agrotait collected $23.52 from pot
Agrotait: doesn't show hand
*** SUMMARY ***
Total pot $24 | Rake $0.48
Board [3s 6s 2d 7c]
Seat 1: iupeli (button) (small blind) folded on the Turn
Seat 4: Agrotait (big blind) collected ($23.52)


PokerStars Hand #168921840625:  Hold'em Limit ($3/$6 USD) - 2017/04/12 2:57:08 ET
Table 'Zaragoza' 6-max Seat #4 is the button
Seat 1: iupeli ($134.13 in chips)
Seat 4: Agrotait ($90.28 in chips)
Agrotait: posts small blind $1
iupeli: posts big blind $3
*** HOLE CARDS ***
Agrotait: raises $3 to $6
iupeli: calls $3
*** FLOP *** [8s 9h Tc]
iupeli: checks
Agrotait: checks
*** TURN *** [8s 9h Tc] [8c]
iupeli: bets $6
Agrotait: folds
Uncalled bet ($6) returned to iupeli
iupeli collected $11.76 from pot
iupeli: doesn't show hand
*** SUMMARY ***
Total pot $12 | Rake $0.24
Board [8s 9h Tc 8c]
Seat 1: iupeli (big blind) collected ($11.76)
Seat 4: Agrotait (button) (small blind) folded on the Turn


PokerStars Hand #168921846719:  Hold'em Limit ($3/$6 USD) - 2017/04/12 2:57:31 ET
Table 'Zaragoza' 6-max Seat #4 is the button
Seat 1: iupeli ($138.89 in chips)
Seat 4: Agrotait ($85.28 in chips)
Agrotait: posts small blind $1
iupeli: posts big blind $3
*** HOLE CARDS ***
Agrotait: raises $3 to $6
iupeli: calls $3
*** FLOP *** [6s 6d As]
iupeli: checks
Agrotait: bets $3
iupeli: folds
Uncalled bet ($3) returned to Agrotait
Agrotait collected $11.76 from pot
Agrotait: doesn't show hand
*** SUMMARY ***
Total pot $12 | Rake $0.24
Board [6s 6d As]
Seat 1: iupeli (big blind) folded on the Flop
Seat 4: Agrotait (button) (small blind) collected ($11.76)


PokerStars Hand #168921845080:  Hold'em Limit ($3/$6 USD) - 2017/04/12 2:57:25 ET
Table 'Zaragoza' 6-max Seat #1 is the button
Seat 1: iupeli ($139.89 in chips)
Seat 4: Agrotait ($84.28 in chips)
iupeli: posts small blind $1
Agrotait: posts big blind $3
*** HOLE CARDS ***
iupeli: folds
Uncalled bet ($2) returned to Agrotait
Agrotait collected $2 from pot
Agrotait: doesn't show hand
*** SUMMARY ***
Total pot $2 | Rake $0
Seat 1: iupeli (button) (small blind) folded before Flop
Seat 4: Agrotait (big blind) collected ($2)


PokerStars Hand #168921852019:  Hold'em Limit ($3/$6 USD) - 2017/04/12 2:57:52 ET
Table 'Zaragoza' 6-max Seat #1 is the button
Seat 1: iupeli ($132.89 in chips)
Seat 4: Agrotait ($91.04 in chips)
iupeli: posts small blind $1
Agrotait: posts big blind $3
*** HOLE CARDS ***
iupeli: raises $3 to $6
Agrotait: calls $3
*** FLOP *** [9d Jd Ad]
Agrotait: checks
iupeli: bets $3
Agrotait: folds
Uncalled bet ($3) returned to iupeli
iupeli collected $11.76 from pot
iupeli: doesn't show hand
*** SUMMARY ***
Total pot $12 | Rake $0.24
Board [9d Jd Ad]
Seat 1: iupeli (button) (small blind) collected ($11.76)
Seat 4: Agrotait (big blind) folded on the Flop


PokerStars Hand #168921873274:  Hold'em Limit ($3/$6 USD) - 2017/04/12 2:59:14 ET
Table 'Zaragoza' 6-max Seat #4 is the button
Seat 1: iupeli ($170.91 in chips)
Seat 4: Agrotait ($66 in chips)
Agrotait: posts small blind $1
iupeli: posts big blind $3
*** HOLE CARDS ***
Agrotait: folds
Uncalled bet ($2) returned to iupeli
iupeli collected $2 from pot
iupeli: doesn't show hand
*** SUMMARY ***
Total pot $2 | Rake $0
Seat 1: iupeli (big blind) collected ($2)
Seat 4: Agrotait (button) (small blind) folded before Flop


PokerStars Hand #168921855697:  Hold'em Limit ($3/$6 USD) - 2017/04/12 2:58:07 ET
Table 'Zaragoza' 6-max Seat #4 is the button
Seat 1: iupeli ($138.65 in chips)
Seat 4: Agrotait ($85.04 in chips)
Agrotait: posts small blind $1
iupeli: posts big blind $3
*** HOLE CARDS ***
Agrotait: raises $3 to $6
iupeli: calls $3
*** FLOP *** [2c Tc 3d]
iupeli: checks
Agrotait: bets $3
iupeli: calls $3
*** TURN *** [2c Tc 3d] [2h]
iupeli: checks
MTails joins the table at seat #6
Agrotait: bets $6
iupeli: raises $6 to $12
Agrotait: calls $6
*** RIVER *** [2c Tc 3d 2h] [Ad]
iupeli: bets $6
Agrotait: calls $6
*** SHOW DOWN ***
iupeli: shows [2s Js] (three of a kind, Deuces)
Agrotait: mucks hand
iupeli collected $53.50 from pot
*** SUMMARY ***
Total pot $54 | Rake $0.50
Board [2c Tc 3d 2h Ad]
Seat 1: iupeli (big blind) showed [2s Js] and won ($53.50) with three of a kind, Deuces
Seat 4: Agrotait (button) (small blind) mucked


PokerStars Hand #168921881523:  Hold'em Limit ($3/$6 USD) - 2017/04/12 2:59:46 ET
Table 'Zaragoza' 6-max Seat #4 is the button
Seat 1: iupeli ($189.41 in chips)
Seat 4: Agrotait ($72 in chips)
Agrotait: posts small blind $1
iupeli: posts big blind $3
*** HOLE CARDS ***
Agrotait: raises $3 to $6
iupeli: folds
Uncalled bet ($3) returned to Agrotait
Agrotait collected $6 from pot
Agrotait: doesn't show hand
*** SUMMARY ***
Total pot $6 | Rake $0
Seat 1: iupeli (big blind) folded before Flop
Seat 4: Agrotait (button) (small blind) collected ($6)


PokerStars Hand #168921883382:  Hold'em Limit ($3/$6 USD) - 2017/04/12 2:59:53 ET
Table 'Zaragoza' 6-max Seat #1 is the button
Seat 1: iupeli ($186.41 in chips)
Seat 4: Agrotait ($75 in chips)
iupeli: posts small blind $1
Agrotait: posts big blind $3
*** HOLE CARDS ***
iupeli: raises $3 to $6
Agrotait: raises $3 to $9
iupeli: calls $3
*** FLOP *** [9h 5h Th]
Agrotait: bets $3
iupeli: calls $3
*** TURN *** [9h 5h Th] [2h]
Agrotait: checks
iupeli: bets $6
Agrotait: calls $6
*** RIVER *** [9h 5h Th 2h] [8d]
Agrotait: checks
iupeli: checks
*** SHOW DOWN ***
Agrotait: shows [9d Td] (two pair, Tens and Nines)
iupeli: mucks hand
Agrotait collected $35.50 from pot
*** SUMMARY ***
Total pot $36 | Rake $0.50
Board [9h 5h Th 2h 8d]
Seat 1: iupeli (button) (small blind) mucked
Seat 4: Agrotait (big blind) showed [9d Td] and won ($35.50) with two pair, Tens and Nines


PokerStars Hand #168921874597:  Hold'em Limit ($3/$6 USD) - 2017/04/12 2:59:20 ET
Table 'Zaragoza' 6-max Seat #1 is the button
Seat 1: iupeli ($171.91 in chips)
Seat 4: Agrotait ($65 in chips)
iupeli: posts small blind $1
Agrotait: posts big blind $3
*** HOLE CARDS ***
iupeli: raises $3 to $6
Agrotait: calls $3
*** FLOP *** [Ks 7c Kc]
Agrotait: checks
iupeli: bets $3
Agrotait: raises $3 to $6
iupeli: calls $3
*** TURN *** [Ks 7c Kc] [8s]
Agrotait: bets $6
iupeli: raises $6 to $12
Agrotait: folds
Uncalled bet ($6) returned to iupeli
iupeli collected $35.50 from pot
iupeli: doesn't show hand
*** SUMMARY ***
Total pot $36 | Rake $0.50
Board [Ks 7c Kc 8s]
Seat 1: iupeli (button) (small blind) collected ($35.50)
Seat 4: Agrotait (big blind) folded on the Turn


PokerStars Hand #168921901423:  Hold'em Limit ($3/$6 USD) - 2017/04/12 3:01:01 ET
Table 'Zaragoza' 6-max Seat #4 is the button
Seat 1: iupeli ($151.41 in chips)
Seat 4: Agrotait ($109 in chips)
Agrotait: posts small blind $1
iupeli: posts big blind $3
*** HOLE CARDS ***
Agrotait: folds
Uncalled bet ($2) returned to iupeli
iupeli collected $2 from pot
iupeli: doesn't show hand
*** SUMMARY ***
Total pot $2 | Rake $0
Seat 1: iupeli (big blind) collected ($2)
Seat 4: Agrotait (button) (small blind) folded before Flop


PokerStars Hand #168921893817:  Hold'em Limit ($3/$6 USD) - 2017/04/12 3:00:33 ET
Table 'Zaragoza' 6-max Seat #1 is the button
Seat 1: iupeli ($169.41 in chips)
Seat 4: Agrotait ($91.50 in chips)
iupeli: posts small blind $1
Agrotait: posts big blind $3
*** HOLE CARDS ***
iupeli: raises $3 to $6
Agrotait: calls $3
*** FLOP *** [8s 6h 6d]
Agrotait: checks
iupeli: bets $3
Agrotait: raises $3 to $6
iupeli: calls $3
*** TURN *** [8s 6h 6d] [9d]
Agrotait: bets $6
iupeli: calls $6
*** RIVER *** [8s 6h 6d 9d] [Ac]
Agrotait: checks
iupeli: checks
*** SHOW DOWN ***
Agrotait: shows [9h 7c] (two pair, Nines and Sixes)
iupeli: mucks hand
Agrotait collected $35.50 from pot
*** SUMMARY ***
Total pot $36 | Rake $0.50
Board [8s 6h 6d 9d Ac]
Seat 1: iupeli (button) (small blind) mucked
Seat 4: Agrotait (big blind) showed [9h 7c] and won ($35.50) with two pair, Nines and Sixes


PokerStars Hand #168921891986:  Hold'em Limit ($3/$6 USD) - 2017/04/12 3:00:26 ET
Table 'Zaragoza' 6-max Seat #4 is the button
Seat 1: iupeli ($168.41 in chips)
Seat 4: Agrotait ($92.50 in chips)
Agrotait: posts small blind $1
iupeli: posts big blind $3
*** HOLE CARDS ***
Agrotait: folds
Uncalled bet ($2) returned to iupeli
iupeli collected $2 from pot
iupeli: doesn't show hand
*** SUMMARY ***
Total pot $2 | Rake $0
Seat 1: iupeli (big blind) collected ($2)
Seat 4: Agrotait (button) (small blind) folded before Flop


PokerStars Hand #168921903353:  Hold'em Limit ($3/$6 USD) - 2017/04/12 3:01:08 ET
Table 'Zaragoza' 6-max Seat #1 is the button
Seat 1: iupeli ($152.41 in chips)
Seat 4: Agrotait ($108 in chips)
iupeli: posts small blind $1
Agrotait: posts big blind $3
*** HOLE CARDS ***
iupeli: raises $3 to $6
Agrotait: raises $3 to $9
iupeli: calls $3
*** FLOP *** [Jd Qc 5d]
Agrotait: bets $3
iupeli: calls $3
*** TURN *** [Jd Qc 5d] [7s]
Agrotait: bets $6
iupeli: calls $6
*** RIVER *** [Jd Qc 5d 7s] [5h]
Agrotait: bets $6
iupeli: calls $6
*** SHOW DOWN ***
Agrotait: shows [As Qd] (two pair, Queens and Fives)
iupeli: mucks hand
Agrotait collected $47.50 from pot
*** SUMMARY ***
Total pot $48 | Rake $0.50
Board [Jd Qc 5d 7s 5h]
Seat 1: iupeli (button) (small blind) mucked
Seat 4: Agrotait (big blind) showed [As Qd] and won ($47.50) with two pair, Queens and Fives


PokerStars Hand #168921909417:  Hold'em Limit ($3/$6 USD) - 2017/04/12 3:01:30 ET
Table 'Zaragoza' 6-max Seat #4 is the button
Seat 1: iupeli ($128.41 in chips)
Seat 4: Agrotait ($131.50 in chips)
Agrotait: posts small blind $1
iupeli: posts big blind $3
*** HOLE CARDS ***
Agrotait: raises $3 to $6
iupeli: calls $3
*** FLOP *** [Jd 3h 7s]
iupeli: checks
Agrotait: bets $3
iupeli: folds
Uncalled bet ($3) returned to Agrotait
Agrotait collected $11.76 from pot
Agrotait: doesn't show hand
*** SUMMARY ***
Total pot $12 | Rake $0.24
Board [Jd 3h 7s]
Seat 1: iupeli (big blind) folded on the Flop
Seat 4: Agrotait (button) (small blind) collected ($11.76)


PokerStars Hand #168921935803:  Hold'em Limit ($3/$6 USD) - 2017/04/12 3:03:03 ET
Table 'Zaragoza' 6-max Seat #4 is the button
Seat 1: iupeli ($113.41 in chips)
Seat 4: Agrotait ($145.90 in chips)
Agrotait: posts small blind $1
iupeli: posts big blind $3
*** HOLE CARDS ***
Agrotait: folds
Uncalled bet ($2) returned to iupeli
iupeli collected $2 from pot
iupeli: doesn't show hand
*** SUMMARY ***
Total pot $2 | Rake $0
Seat 1: iupeli (big blind) collected ($2)
Seat 4: Agrotait (button) (small blind) folded before Flop


PokerStars Hand #168921914669:  Hold'em Limit ($3/$6 USD) - 2017/04/12 3:01:48 ET
Table 'Zaragoza' 6-max Seat #1 is the button
Seat 1: iupeli ($122.41 in chips)
Seat 4: Agrotait ($137.26 in chips)
iupeli: posts small blind $1
Agrotait: posts big blind $3
*** HOLE CARDS ***
iupeli: raises $3 to $6
Agrotait: calls $3
*** FLOP *** [8c 4s Tc]
Agrotait: checks
iupeli: bets $3
Agrotait: calls $3
*** TURN *** [8c 4s Tc] [4h]
Agrotait: checks
iupeli: checks
*** RIVER *** [8c 4s Tc 4h] [6h]
Agrotait: bets $6
iupeli: folds
Uncalled bet ($6) returned to Agrotait
Agrotait collected $17.64 from pot
Agrotait: doesn't show hand
*** SUMMARY ***
Total pot $18 | Rake $0.36
Board [8c 4s Tc 4h 6h]
Seat 1: iupeli (button) (small blind) folded on the River
Seat 4: Agrotait (big blind) collected ($17.64)


PokerStars Hand #168921934093:  Hold'em Limit ($3/$6 USD) - 2017/04/12 3:02:57 ET
Table 'Zaragoza' 6-max Seat #1 is the button
Seat 1: iupeli ($114.41 in chips)
Seat 4: Agrotait ($144.90 in chips)
iupeli: posts small blind $1
Agrotait: posts big blind $3
*** HOLE CARDS ***
iupeli: folds
Uncalled bet ($2) returned to Agrotait
Agrotait collected $2 from pot
Agrotait: doesn't show hand
*** SUMMARY ***
Total pot $2 | Rake $0
Seat 1: iupeli (button) (small blind) folded before Flop
Seat 4: Agrotait (big blind) collected ($2)


PokerStars Hand #168921930764:  Hold'em Limit ($3/$6 USD) - 2017/04/12 3:02:45 ET
Table 'Zaragoza' 6-max Seat #4 is the button
Seat 1: iupeli ($113.41 in chips)
Seat 4: Agrotait ($145.90 in chips)
Agrotait: posts small blind $1
iupeli: posts big blind $3
*** HOLE CARDS ***
Agrotait: folds
Uncalled bet ($2) returned to iupeli
iupeli collected $2 from pot
iupeli: doesn't show hand
*** SUMMARY ***
Total pot $2 | Rake $0
Seat 1: iupeli (big blind) collected ($2)
Seat 4: Agrotait (button) (small blind) folded before Flop


PokerStars Hand #168921929112:  Hold'em Limit ($3/$6 USD) - 2017/04/12 3:02:40 ET
Table 'Zaragoza' 6-max Seat #1 is the button
Seat 1: iupeli ($114.41 in chips)
Seat 4: Agrotait ($144.90 in chips)
iupeli: posts small blind $1
Agrotait: posts big blind $3
*** HOLE CARDS ***
iupeli: folds
Uncalled bet ($2) returned to Agrotait
Agrotait collected $2 from pot
Agrotait: doesn't show hand
*** SUMMARY ***
Total pot $2 | Rake $0
Seat 1: iupeli (button) (small blind) folded before Flop
Seat 4: Agrotait (big blind) collected ($2)


PokerStars Hand #168921927410:  Hold'em Limit ($3/$6 USD) - 2017/04/12 3:02:33 ET
Table 'Zaragoza' 6-max Seat #4 is the button
Seat 1: iupeli ($113.41 in chips)
Seat 4: Agrotait ($145.90 in chips)
Agrotait: posts small blind $1
iupeli: posts big blind $3
*** HOLE CARDS ***
Agrotait: folds
Uncalled bet ($2) returned to iupeli
iupeli collected $2 from pot
iupeli: doesn't show hand
*** SUMMARY ***
Total pot $2 | Rake $0
Seat 1: iupeli (big blind) collected ($2)
Seat 4: Agrotait (button) (small blind) folded before Flop


PokerStars Hand #168921947780:  Hold'em Limit ($3/$6 USD) - 2017/04/12 3:03:45 ET
Table 'Zaragoza' 6-max Seat #4 is the button
Seat 1: iupeli ($105.41 in chips)
Seat 4: Agrotait ($153.54 in chips)
Agrotait: posts small blind $1
iupeli: posts big blind $3
*** HOLE CARDS ***
Agrotait: raises $3 to $6
iupeli: calls $3
*** FLOP *** [Kc 6s 3s]
iupeli: checks
Agrotait: bets $3
iupeli: calls $3
*** TURN *** [Kc 6s 3s] [6c]
iupeli: checks
Agrotait: bets $6
iupeli: calls $6
*** RIVER *** [Kc 6s 3s 6c] [Td]
iupeli: checks
Agrotait: bets $6
iupeli: calls $6
*** SHOW DOWN ***
Agrotait: shows [Kd 2c] (two pair, Kings and Sixes)
iupeli: mucks hand
Agrotait collected $41.50 from pot
*** SUMMARY ***
Total pot $42 | Rake $0.50
Board [Kc 6s 3s 6c Td]
Seat 1: iupeli (big blind) mucked
Seat 4: Agrotait (button) (small blind) showed [Kd 2c] and won ($41.50) with two pair, Kings and Sixes


PokerStars Hand #168921938289:  Hold'em Limit ($3/$6 USD) - 2017/04/12 3:03:12 ET
Table 'Zaragoza' 6-max Seat #1 is the button
Seat 1: iupeli ($114.41 in chips)
Seat 4: Agrotait ($144.90 in chips)
iupeli: posts small blind $1
Agrotait: posts big blind $3
*** HOLE CARDS ***
iupeli: raises $3 to $6
Agrotait: calls $3
*** FLOP *** [Qd 5d Ah]
Agrotait: checks
iupeli: bets $3
Agrotait: calls $3
*** TURN *** [Qd 5d Ah] [5h]
Agrotait: checks
iupeli: checks
*** RIVER *** [Qd 5d Ah 5h] [Jd]
Agrotait: checks
iupeli: checks
*** SHOW DOWN ***
Agrotait: shows [6h Jh] (two pair, Jacks and Fives)
iupeli: mucks hand
Agrotait collected $17.64 from pot
*** SUMMARY ***
Total pot $18 | Rake $0.36
Board [Qd 5d Ah 5h Jd]
Seat 1: iupeli (button) (small blind) mucked
Seat 4: Agrotait (big blind) showed [6h Jh] and won ($17.64) with two pair, Jacks and Fives


PokerStars Hand #168921957338:  Hold'em Limit ($3/$6 USD) - 2017/04/12 3:04:19 ET
Table 'Zaragoza' 6-max Seat #1 is the button
Seat 1: iupeli ($84.41 in chips)
Seat 4: Agrotait ($174.04 in chips)
iupeli: posts small blind $1
Agrotait: posts big blind $3
*** HOLE CARDS ***
iupeli: raises $3 to $6
Agrotait: calls $3
*** FLOP *** [Th Kd Tc]
Agrotait: checks
iupeli: bets $3
Agrotait: calls $3
*** TURN *** [Th Kd Tc] [7s]
Agrotait: checks
iupeli: checks
*** RIVER *** [Th Kd Tc 7s] [As]
Agrotait: checks
iupeli: bets $6
Agrotait: folds
Uncalled bet ($6) returned to iupeli
iupeli collected $17.64 from pot
iupeli: doesn't show hand
*** SUMMARY ***
Total pot $18 | Rake $0.36
Board [Th Kd Tc 7s As]
Seat 1: iupeli (button) (small blind) collected ($17.64)
Seat 4: Agrotait (big blind) folded on the River


PokerStars Hand #168921977771:  Hold'em Limit ($3/$6 USD) - 2017/04/12 3:05:31 ET
Table 'Zaragoza' 6-max Seat #4 is the button
Seat 1: iupeli ($93.05 in chips)
Seat 4: Agrotait ($165.04 in chips)
Agrotait: posts small blind $1
iupeli: posts big blind $3
*** HOLE CARDS ***
Agrotait: raises $3 to $6
iupeli: calls $3
*** FLOP *** [5c 3s 2c]
iupeli: checks
Agrotait: bets $3
iupeli: calls $3
*** TURN *** [5c 3s 2c] [7d]
iupeli: checks
Agrotait: bets $6
iupeli: raises $6 to $12
Agrotait: calls $6
*** RIVER *** [5c 3s 2c 7d] [8d]
iupeli: bets $6
Agrotait: calls $6
*** SHOW DOWN ***
iupeli: shows [2s 2d] (three of a kind, Deuces)
Agrotait: mucks hand
iupeli collected $53.50 from pot
*** SUMMARY ***
Total pot $54 | Rake $0.50
Board [5c 3s 2c 7d 8d]
Seat 1: iupeli (big blind) showed [2s 2d] and won ($53.50) with three of a kind, Deuces
Seat 4: Agrotait (button) (small blind) mucked


PokerStars Hand #168921992920:  Hold'em Limit ($3/$6 USD) - 2017/04/12 3:06:24 ET
Table 'Zaragoza' 6-max Seat #1 is the button
Seat 1: iupeli ($119.55 in chips)
Seat 4: Agrotait ($138.04 in chips)
iupeli: posts small blind $1
Agrotait: posts big blind $3
*** HOLE CARDS ***
iupeli: raises $3 to $6
Agrotait: calls $3
*** FLOP *** [2s 4c 2c]
Agrotait: checks
iupeli: bets $3
Agrotait: calls $3
*** TURN *** [2s 4c 2c] [3s]
Agrotait: checks
iupeli: checks
*** RIVER *** [2s 4c 2c 3s] [3h]
Agrotait: checks
iupeli: checks
*** SHOW DOWN ***
Agrotait: shows [5d Kh] (two pair, Threes and Deuces)
iupeli: mucks hand
Agrotait collected $17.64 from pot
*** SUMMARY ***
Total pot $18 | Rake $0.36
Board [2s 4c 2c 3s 3h]
Seat 1: iupeli (button) (small blind) mucked
Seat 4: Agrotait (big blind) showed [5d Kh] and won ($17.64) with two pair, Threes and Deuces


PokerStars Hand #168922014441:  Hold'em Limit ($3/$6 USD) - 2017/04/12 3:07:39 ET
Table 'Zaragoza' 6-max Seat #1 is the button
Seat 1: iupeli ($104.55 in chips)
Seat 4: Agrotait ($152.44 in chips)
iupeli: posts small blind $1
Agrotait: posts big blind $3
*** HOLE CARDS ***
iupeli: folds
Uncalled bet ($2) returned to Agrotait
Agrotait collected $2 from pot
Agrotait: doesn't show hand
*** SUMMARY ***
Total pot $2 | Rake $0
Seat 1: iupeli (button) (small blind) folded before Flop
Seat 4: Agrotait (big blind) collected ($2)


PokerStars Hand #168922017965:  Hold'em Limit ($3/$6 USD) - 2017/04/12 3:07:51 ET
Table 'Zaragoza' 6-max Seat #1 is the button
Seat 1: iupeli ($104.55 in chips)
Seat 4: Agrotait ($152.44 in chips)
iupeli: posts small blind $1
Agrotait: posts big blind $3
*** HOLE CARDS ***
iupeli: folds
Uncalled bet ($2) returned to Agrotait
Agrotait collected $2 from pot
Agrotait: doesn't show hand
*** SUMMARY ***
Total pot $2 | Rake $0
Seat 1: iupeli (button) (small blind) folded before Flop
Seat 4: Agrotait (big blind) collected ($2)


PokerStars Hand #168922016233:  Hold'em Limit ($3/$6 USD) - 2017/04/12 3:07:45 ET
Table 'Zaragoza' 6-max Seat #4 is the button
Seat 1: iupeli ($103.55 in chips)
Seat 4: Agrotait ($153.44 in chips)
Agrotait: posts small blind $1
iupeli: posts big blind $3
*** HOLE CARDS ***
Agrotait: folds
Uncalled bet ($2) returned to iupeli
iupeli collected $2 from pot
iupeli: doesn't show hand
*** SUMMARY ***
Total pot $2 | Rake $0
Seat 1: iupeli (big blind) collected ($2)
Seat 4: Agrotait (button) (small blind) folded before Flop


PokerStars Hand #168922001471:  Hold'em Limit ($3/$6 USD) - 2017/04/12 3:06:54 ET
Table 'Zaragoza' 6-max Seat #4 is the button
Seat 1: iupeli ($110.55 in chips)
Seat 4: Agrotait ($146.68 in chips)
Agrotait: posts small blind $1
iupeli: posts big blind $3
*** HOLE CARDS ***
Agrotait: raises $3 to $6
iupeli: calls $3
*** FLOP *** [2c 5h 2d]
iupeli: checks
Agrotait: bets $3
iupeli: folds
Uncalled bet ($3) returned to Agrotait
Agrotait collected $11.76 from pot
Agrotait: doesn't show hand
*** SUMMARY ***
Total pot $12 | Rake $0.24
Board [2c 5h 2d]
Seat 1: iupeli (big blind) folded on the Flop
Seat 4: Agrotait (button) (small blind) collected ($11.76)


PokerStars Hand #168922012131:  Hold'em Limit ($3/$6 USD) - 2017/04/12 3:07:31 ET
Table 'Zaragoza' 6-max Seat #4 is the button
Seat 1: iupeli ($103.55 in chips)
Seat 4: Agrotait ($153.44 in chips)
Agrotait: posts small blind $1
iupeli: posts big blind $3
*** HOLE CARDS ***
Agrotait: folds
Uncalled bet ($2) returned to iupeli
iupeli collected $2 from pot
iupeli: doesn't show hand
*** SUMMARY ***
Total pot $2 | Rake $0
Seat 1: iupeli (big blind) collected ($2)
Seat 4: Agrotait (button) (small blind) folded before Flop


PokerStars Hand #168922010441:  Hold'em Limit ($3/$6 USD) - 2017/04/12 3:07:25 ET
Table 'Zaragoza' 6-max Seat #1 is the button
Seat 1: iupeli ($104.55 in chips)
Seat 4: Agrotait ($152.44 in chips)
iupeli: posts small blind $1
Agrotait: posts big blind $3
*** HOLE CARDS ***
iupeli: folds
Uncalled bet ($2) returned to Agrotait
Agrotait collected $2 from pot
Agrotait: doesn't show hand
*** SUMMARY ***
Total pot $2 | Rake $0
Seat 1: iupeli (button) (small blind) folded before Flop
Seat 4: Agrotait (big blind) collected ($2)


PokerStars Hand #168922026358:  Hold'em Limit ($3/$6 USD) - 2017/04/12 3:08:21 ET
Table 'Zaragoza' 6-max Seat #1 is the button
Seat 1: iupeli ($94.55 in chips)
Seat 4: Agrotait ($162.08 in chips)
iupeli: posts small blind $1
Agrotait: posts big blind $3
*** HOLE CARDS ***
iupeli: folds
Uncalled bet ($2) returned to Agrotait
Agrotait collected $2 from pot
Agrotait: doesn't show hand
*** SUMMARY ***
Total pot $2 | Rake $0
Seat 1: iupeli (button) (small blind) folded before Flop
Seat 4: Agrotait (big blind) collected ($2)


PokerStars Hand #168922019752:  Hold'em Limit ($3/$6 USD) - 2017/04/12 3:07:57 ET
Table 'Zaragoza' 6-max Seat #4 is the button
Seat 1: iupeli ($103.55 in chips)
Seat 4: Agrotait ($153.44 in chips)
Agrotait: posts small blind $1
iupeli: posts big blind $3
*** HOLE CARDS ***
Agrotait: raises $3 to $6
iupeli: calls $3
*** FLOP *** [Ks 3d 2d]
iupeli: checks
Agrotait: bets $3
iupeli: calls $3
*** TURN *** [Ks 3d 2d] [7h]
iupeli: checks
Agrotait: bets $6
iupeli: folds
Uncalled bet ($6) returned to Agrotait
Agrotait collected $17.64 from pot
Agrotait: doesn't show hand
*** SUMMARY ***
Total pot $18 | Rake $0.36
Board [Ks 3d 2d 7h]
Seat 1: iupeli (big blind) folded on the Turn
Seat 4: Agrotait (button) (small blind) collected ($17.64)


PokerStars Hand #168922034281:  Hold'em Limit ($3/$6 USD) - 2017/04/12 3:08:48 ET
Table 'Zaragoza' 6-max Seat #1 is the button
Seat 1: iupeli ($102.19 in chips)
Seat 4: Agrotait ($154.08 in chips)
iupeli: posts small blind $1
Agrotait: posts big blind $3
*** HOLE CARDS ***
iupeli: raises $3 to $6
Agrotait: calls $3
*** FLOP *** [Kh Js Td]
Agrotait: checks
iupeli: bets $3
Agrotait: folds
Uncalled bet ($3) returned to iupeli
iupeli collected $11.76 from pot
iupeli: doesn't show hand
*** SUMMARY ***
Total pot $12 | Rake $0.24
Board [Kh Js Td]
Seat 1: iupeli (button) (small blind) collected ($11.76)
Seat 4: Agrotait (big blind) folded on the Flop


PokerStars Hand #168922027966:  Hold'em Limit ($3/$6 USD) - 2017/04/12 3:08:26 ET
Table 'Zaragoza' 6-max Seat #4 is the button
Seat 1: iupeli ($93.55 in chips)
Seat 4: Agrotait ($163.08 in chips)
Agrotait: posts small blind $1
iupeli: posts big blind $3
*** HOLE CARDS ***
Agrotait: raises $3 to $6
iupeli: calls $3
*** FLOP *** [Js 2s 8c]
iupeli: checks
Agrotait: bets $3
iupeli: calls $3
*** TURN *** [Js 2s 8c] [Ks]
iupeli: checks
Agrotait: checks
*** RIVER *** [Js 2s 8c Ks] [7c]
iupeli: bets $6
Agrotait: folds
Uncalled bet ($6) returned to iupeli
iupeli collected $17.64 from pot
iupeli: doesn't show hand
*** SUMMARY ***
Total pot $18 | Rake $0.36
Board [Js 2s 8c Ks 7c]
Seat 1: iupeli (big blind) collected ($17.64)
Seat 4: Agrotait (button) (small blind) folded on the River


PokerStars Hand #168922051035:  Hold'em Limit ($3/$6 USD) - 2017/04/12 3:09:47 ET
Table 'Zaragoza' 6-max Seat #1 is the button
Seat 1: iupeli ($114.45 in chips)
Seat 4: Agrotait ($140.72 in chips)
iupeli: posts small blind $1
Agrotait: posts big blind $3
*** HOLE CARDS ***
iupeli: raises $3 to $6
Agrotait: raises $3 to $9
iupeli: calls $3
*** FLOP *** [8c 4c 3h]
Agrotait: bets $3
iupeli: calls $3
*** TURN *** [8c 4c 3h] [2c]
Agrotait: bets $6
iupeli: folds
Uncalled bet ($6) returned to Agrotait
Agrotait collected $23.52 from pot
Agrotait: doesn't show hand
*** SUMMARY ***
Total pot $24 | Rake $0.48
Board [8c 4c 3h 2c]
Seat 1: iupeli (button) (small blind) folded on the Turn
Seat 4: Agrotait (big blind) collected ($23.52)


PokerStars Hand #168922049403:  Hold'em Limit ($3/$6 USD) - 2017/04/12 3:09:41 ET
Table 'Zaragoza' 6-max Seat #4 is the button
Seat 1: iupeli ($113.45 in chips)
Seat 4: Agrotait ($141.72 in chips)
Agrotait: posts small blind $1
iupeli: posts big blind $3
*** HOLE CARDS ***
Agrotait: folds
Uncalled bet ($2) returned to iupeli
iupeli collected $2 from pot
iupeli: doesn't show hand
*** SUMMARY ***
Total pot $2 | Rake $0
Seat 1: iupeli (big blind) collected ($2)
Seat 4: Agrotait (button) (small blind) folded before Flop


PokerStars Hand #168922044367:  Hold'em Limit ($3/$6 USD) - 2017/04/12 3:09:24 ET
Table 'Zaragoza' 6-max Seat #1 is the button
Seat 1: iupeli ($122.45 in chips)
Seat 4: Agrotait ($133.08 in chips)
iupeli: posts small blind $1
Agrotait: posts big blind $3
*** HOLE CARDS ***
iupeli: raises $3 to $6
Agrotait: calls $3
*** FLOP *** [5c Jc Kd]
Agrotait: checks
iupeli: bets $3
Agrotait: calls $3
*** TURN *** [5c Jc Kd] [3c]
Agrotait: checks
iupeli: checks
*** RIVER *** [5c Jc Kd 3c] [Qc]
Agrotait: bets $6
iupeli: folds
Uncalled bet ($6) returned to Agrotait
Agrotait collected $17.64 from pot
Agrotait: doesn't show hand
*** SUMMARY ***
Total pot $18 | Rake $0.36
Board [5c Jc Kd 3c Qc]
Seat 1: iupeli (button) (small blind) folded on the River
Seat 4: Agrotait (big blind) collected ($17.64)


PokerStars Hand #168922072341:  Hold'em Limit ($3/$6 USD) - 2017/04/12 3:11:01 ET
Table 'Zaragoza' 6-max Seat #1 is the button
Seat 1: iupeli ($81.45 in chips)
Seat 4: Agrotait ($172.74 in chips)
iupeli: posts small blind $1
Agrotait: posts big blind $3
*** HOLE CARDS ***
iupeli: folds
Uncalled bet ($2) returned to Agrotait
Agrotait collected $2 from pot
Agrotait: doesn't show hand
*** SUMMARY ***
Total pot $2 | Rake $0
Seat 1: iupeli (button) (small blind) folded before Flop
Seat 4: Agrotait (big blind) collected ($2)


PokerStars Hand #168922057376:  Hold'em Limit ($3/$6 USD) - 2017/04/12 3:10:09 ET
Table 'Zaragoza' 6-max Seat #4 is the button
Seat 1: iupeli ($102.45 in chips)
Seat 4: Agrotait ($152.24 in chips)
Agrotait: posts small blind $1
iupeli: posts big blind $3
*** HOLE CARDS ***
Agrotait: raises $3 to $6
iupeli: calls $3
*** FLOP *** [8h 9h 2c]
iupeli: checks
Agrotait: bets $3
iupeli: calls $3
*** TURN *** [8h 9h 2c] [Js]
iupeli: checks
Agrotait: bets $6
iupeli: calls $6
*** RIVER *** [8h 9h 2c Js] [Qh]
iupeli: checks
Agrotait: bets $6
iupeli: calls $6
*** SHOW DOWN ***
Agrotait: shows [Ts 9d] (a straight, Eight to Queen)
iupeli: mucks hand
Agrotait collected $41.50 from pot
*** SUMMARY ***
Total pot $42 | Rake $0.50
Board [8h 9h 2c Js Qh]
Seat 1: iupeli (big blind) mucked
Seat 4: Agrotait (button) (small blind) showed [Ts 9d] and won ($41.50) with a straight, Eight to Queen


PokerStars Hand #168922079156:  Hold'em Limit ($3/$6 USD) - 2017/04/12 3:11:25 ET
Table 'Zaragoza' 6-max Seat #1 is the button
Seat 1: iupeli ($74.45 in chips)
Seat 4: Agrotait ($179.50 in chips)
iupeli: posts small blind $1
Agrotait: posts big blind $3
*** HOLE CARDS ***
iupeli: raises $3 to $6
Agrotait: raises $3 to $9
iupeli: calls $3
*** FLOP *** [9h 4c 8c]
Agrotait: bets $3
iupeli: calls $3
*** TURN *** [9h 4c 8c] [2s]
Agrotait: bets $6
iupeli: calls $6
*** RIVER *** [9h 4c 8c 2s] [Ad]
Agrotait: bets $6
iupeli: calls $6
*** SHOW DOWN ***
Agrotait: shows [9s Ts] (a pair of Nines)
iupeli: mucks hand
Agrotait collected $47.50 from pot
*** SUMMARY ***
Total pot $48 | Rake $0.50
Board [9h 4c 8c 2s Ad]
Seat 1: iupeli (button) (small blind) mucked
Seat 4: Agrotait (big blind) showed [9s Ts] and won ($47.50) with a pair of Nines


PokerStars Hand #168922074320:  Hold'em Limit ($3/$6 USD) - 2017/04/12 3:11:08 ET
Table 'Zaragoza' 6-max Seat #4 is the button
Seat 1: iupeli ($80.45 in chips)
Seat 4: Agrotait ($173.74 in chips)
Agrotait: posts small blind $1
iupeli: posts big blind $3
*** HOLE CARDS ***
Agrotait: raises $3 to $6
iupeli: calls $3
*** FLOP *** [As Kh 6d]
iupeli: checks
Agrotait: bets $3
iupeli: folds
Uncalled bet ($3) returned to Agrotait
Agrotait collected $11.76 from pot
Agrotait: doesn't show hand
*** SUMMARY ***
Total pot $12 | Rake $0.24
Board [As Kh 6d]
Seat 1: iupeli (big blind) folded on the Flop
Seat 4: Agrotait (button) (small blind) collected ($11.76)


PokerStars Hand #168922102115:  Hold'em Limit ($3/$6 USD) - 2017/04/12 3:12:45 ET
Table 'Zaragoza' 6-max Seat #1 is the button
Seat 1: iupeli ($31.45 in chips)
Seat 6: MTails ($123 in chips)
iupeli: posts small blind $1
MTails: posts big blind $3
*** HOLE CARDS ***
iupeli: raises $3 to $6
MTails: raises $3 to $9
iupeli: calls $3
*** FLOP *** [As 7d Qs]
MTails: bets $3
iupeli: calls $3
*** TURN *** [As 7d Qs] [Jd]
MTails: checks
iupeli: bets $6
MTails: calls $6
*** RIVER *** [As 7d Qs Jd] [Js]
MTails: checks
iupeli: checks
*** SHOW DOWN ***
MTails: shows [7h 4s] (two pair, Jacks and Sevens)
iupeli: shows [Qd 3h] (two pair, Queens and Jacks)
iupeli collected $35.50 from pot
*** SUMMARY ***
Total pot $36 | Rake $0.50
Board [As 7d Qs Jd Js]
Seat 1: iupeli (button) (small blind) showed [Qd 3h] and won ($35.50) with two pair, Queens and Jacks
Seat 6: MTails (big blind) showed [7h 4s] and lost with two pair, Jacks and Sevens


PokerStars Hand #168922099678:  Hold'em Limit ($3/$6 USD) - 2017/04/12 3:12:36 ET
Table 'Zaragoza' 6-max Seat #6 is the button
Seat 1: iupeli ($34.45 in chips)
Seat 6: MTails ($120 in chips)
MTails: posts small blind $1
iupeli: posts big blind $3
*** HOLE CARDS ***
MTails: raises $3 to $6
iupeli: folds
Uncalled bet ($3) returned to MTails
MTails collected $6 from pot
*** SUMMARY ***
Total pot $6 | Rake $0
Seat 1: iupeli (big blind) folded before Flop
Seat 6: MTails (button) (small blind) collected ($6)


PokerStars Hand #168922095031:  Hold'em Limit ($3/$6 USD) - 2017/04/12 3:12:20 ET
Table 'Zaragoza' 6-max Seat #1 is the button
Seat 1: iupeli ($35.45 in chips)
Seat 4: Agrotait ($217.50 in chips)
iupeli: posts small blind $1
Agrotait: posts big blind $3
*** HOLE CARDS ***
iupeli: folds
Uncalled bet ($2) returned to Agrotait
Agrotait collected $2 from pot
Agrotait: doesn't show hand
*** SUMMARY ***
Total pot $2 | Rake $0
Seat 1: iupeli (button) (small blind) folded before Flop
Seat 4: Agrotait (big blind) collected ($2)


PokerStars Hand #168922085969:  Hold'em Limit ($3/$6 USD) - 2017/04/12 3:11:49 ET
Table 'Zaragoza' 6-max Seat #4 is the button
Seat 1: iupeli ($50.45 in chips)
Seat 4: Agrotait ($203 in chips)
Agrotait: posts small blind $1
iupeli: posts big blind $3
*** HOLE CARDS ***
Agrotait: raises $3 to $6
iupeli: calls $3
*** FLOP *** [3h 5c Tc]
iupeli: checks
Agrotait: bets $3
iupeli: calls $3
*** TURN *** [3h 5c Tc] [Kh]
iupeli: checks
Agrotait: bets $6
iupeli: calls $6
*** RIVER *** [3h 5c Tc Kh] [Jc]
iupeli: checks
Agrotait: checks
*** SHOW DOWN ***
iupeli: shows [5s 4h] (a pair of Fives)
Agrotait: shows [5h Qd] (a pair of Fives - King+Queen kicker)
Agrotait collected $29.50 from pot
*** SUMMARY ***
Total pot $30 | Rake $0.50
Board [3h 5c Tc Kh Jc]
Seat 1: iupeli (big blind) showed [5s 4h] and lost with a pair of Fives
Seat 4: Agrotait (button) (small blind) showed [5h Qd] and won ($29.50) with a pair of Fives


PokerStars Hand #168922114743:  Hold'em Limit ($3/$6 USD) - 2017/04/12 3:13:28 ET
Table 'Zaragoza' 6-max Seat #1 is the button
Seat 1: iupeli ($33.95 in chips)
Seat 6: MTails ($119.50 in chips)
iupeli: posts small blind $1
MTails: posts big blind $3
*** HOLE CARDS ***
iupeli: raises $3 to $6
MTails: calls $3
*** FLOP *** [4h 7s 2h]
MTails: checks
iupeli: bets $3
MTails: calls $3
*** TURN *** [4h 7s 2h] [2c]
MTails: checks
iupeli: bets $6
MTails: calls $6
*** RIVER *** [4h 7s 2h 2c] [Jc]
MTails: checks
iupeli: bets $6
MTails: folds
Uncalled bet ($6) returned to iupeli
iupeli collected $29.50 from pot
iupeli: doesn't show hand
*** SUMMARY ***
Total pot $30 | Rake $0.50
Board [4h 7s 2h 2c Jc]
Seat 1: iupeli (button) (small blind) collected ($29.50)
Seat 6: MTails (big blind) folded on the River


PokerStars Hand #168922133594:  Hold'em Limit ($3/$6 USD) - 2017/04/12 3:14:33 ET
Table 'Zaragoza' 6-max Seat #6 is the button
Seat 1: iupeli ($12.45 in chips)
Seat 6: MTails ($139.50 in chips)
MTails: posts small blind $1
iupeli: posts big blind $3
*** HOLE CARDS ***
MTails: raises $3 to $6
iupeli: raises $3 to $9
MTails: raises $3 to $12
Betting is capped
iupeli: calls $3
*** FLOP *** [8h 2d Tc]
iupeli: bets $0.45 and is all-in
MTails: calls $0.45
*** TURN *** [8h 2d Tc] [4h]
*** RIVER *** [8h 2d Tc 4h] [7h]
*** SHOW DOWN ***
iupeli: shows [Js 5d] (high card Jack)
MTails: shows [3d As] (high card Ace)
MTails collected $24.40 from pot
*** SUMMARY ***
Total pot $24.90 | Rake $0.50
Board [8h 2d Tc 4h 7h]
Seat 1: iupeli (big blind) showed [Js 5d] and lost with high card Jack
Seat 6: MTails (button) (small blind) showed [3d As] and won ($24.40) with high card Ace


PokerStars Hand #168922127411:  Hold'em Limit ($3/$6 USD) - 2017/04/12 3:14:12 ET
Table 'Zaragoza' 6-max Seat #1 is the button
Seat 1: iupeli ($27.45 in chips)
Seat 6: MTails ($125 in chips)
iupeli: posts small blind $1
MTails: posts big blind $3
*** HOLE CARDS ***
iupeli: raises $3 to $6
MTails: calls $3
*** FLOP *** [2c 5d Kh]
MTails: checks
iupeli: bets $3
MTails: calls $3
*** TURN *** [2c 5d Kh] [Qh]
MTails: checks
iupeli: checks
*** RIVER *** [2c 5d Kh Qh] [Kd]
MTails: bets $6
iupeli: calls $6
*** SHOW DOWN ***
MTails: shows [Kc 6h] (three of a kind, Kings)
iupeli: mucks hand
MTails collected $29.50 from pot
*** SUMMARY ***
Total pot $30 | Rake $0.50
Board [2c 5d Kh Qh Kd]
Seat 1: iupeli (button) (small blind) mucked
Seat 6: MTails (big blind) showed [Kc 6h] and won ($29.50) with three of a kind, Kings


