PokerStars Hand #163365117437:  Hold'em Limit ($3/$6 USD) - 2016/12/22 17:45:48 ET
Table 'Zaragoza' 6-max Seat #4 is the button
Seat 3: Hannibal2211 ($72 in chips)
Seat 4: laking123 ($152.59 in chips)
laking123: posts small blind $1
ToDaFelt: is sitting out
Hannibal2211: posts big blind $3
*** HOLE CARDS ***
ToDaFelt leaves the table
laking123: folds
Uncalled bet ($2) returned to Hannibal2211
Hannibal2211 collected $2 from pot
*** SUMMARY ***
Total pot $2 | Rake $0
Seat 3: Hannibal2211 (big blind) collected ($2)
Seat 4: laking123 (button) (small blind) folded before Flop


PokerStars Hand #163365123312:  Hold'em Limit ($3/$6 USD) - 2016/12/22 17:45:55 ET
Table 'Zaragoza' 6-max Seat #3 is the button
Seat 3: Hannibal2211 ($73 in chips)
Seat 4: laking123 ($151.59 in chips)
Hannibal2211: posts small blind $1
laking123: posts big blind $3
*** HOLE CARDS ***
Hannibal2211: raises $3 to $6
laking123: calls $3
*** FLOP *** [5s Ac 9c]
laking123: checks
Hannibal2211: checks
*** TURN *** [5s Ac 9c] [Th]
laking123: bets $6
Hannibal2211: folds
Uncalled bet ($6) returned to laking123
laking123 collected $11.76 from pot
laking123: doesn't show hand
*** SUMMARY ***
Total pot $12 | Rake $0.24
Board [5s Ac 9c Th]
Seat 3: Hannibal2211 (button) (small blind) folded on the Turn
Seat 4: laking123 (big blind) collected ($11.76)


PokerStars Hand #163365145752:  Hold'em Limit ($3/$6 USD) - 2016/12/22 17:46:21 ET
Table 'Zaragoza' 6-max Seat #4 is the button
Seat 3: Hannibal2211 ($72 in chips)
Seat 4: laking123 ($157.35 in chips)
laking123: posts small blind $1
Hannibal2211: posts big blind $3
*** HOLE CARDS ***
laking123: folds
Uncalled bet ($2) returned to Hannibal2211
Hannibal2211 collected $2 from pot
*** SUMMARY ***
Total pot $2 | Rake $0
Seat 3: Hannibal2211 (big blind) collected ($2)
Seat 4: laking123 (button) (small blind) folded before Flop


PokerStars Hand #163365151245:  Hold'em Limit ($3/$6 USD) - 2016/12/22 17:46:27 ET
Table 'Zaragoza' 6-max Seat #3 is the button
Seat 3: Hannibal2211 ($73 in chips)
Seat 4: laking123 ($156.35 in chips)
Hannibal2211: posts small blind $1
laking123: posts big blind $3
*** HOLE CARDS ***
Hannibal2211: raises $3 to $6
laking123: raises $3 to $9
Hannibal2211: calls $3
*** FLOP *** [8c Qd 8d]
neganessa756 leaves the table
laking123: checks
Hannibal2211: bets $3
laking123: calls $3
*** TURN *** [8c Qd 8d] [3s]
laking123: checks
Hannibal2211: bets $6
laking123: calls $6
*** RIVER *** [8c Qd 8d 3s] [Jd]
laking123: checks
Hannibal2211: bets $6
laking123: calls $6
*** SHOW DOWN ***
Hannibal2211: shows [Qh 5d] (two pair, Queens and Eights)
laking123: mucks hand
Hannibal2211 collected $47.50 from pot
*** SUMMARY ***
Total pot $48 | Rake $0.50
Board [8c Qd 8d 3s Jd]
Seat 3: Hannibal2211 (button) (small blind) showed [Qh 5d] and won ($47.50) with two pair, Queens and Eights
Seat 4: laking123 (big blind) mucked


PokerStars Hand #163365192289:  Hold'em Limit ($3/$6 USD) - 2016/12/22 17:47:14 ET
Table 'Zaragoza' 6-max Seat #4 is the button
Seat 3: Hannibal2211 ($96.50 in chips)
Seat 4: laking123 ($132.35 in chips)
laking123: posts small blind $1
Hannibal2211: posts big blind $3
*** HOLE CARDS ***
laking123: raises $3 to $6
Hannibal2211: calls $3
*** FLOP *** [4s Th Jd]
Hannibal2211: checks
laking123: bets $3
Hannibal2211: raises $3 to $6
laking123: calls $3
*** TURN *** [4s Th Jd] [Jc]
Hannibal2211: bets $6
laking123: calls $6
*** RIVER *** [4s Th Jd Jc] [9s]
Hannibal2211: bets $6
laking123: folds
Uncalled bet ($6) returned to Hannibal2211
Hannibal2211 collected $35.50 from pot
*** SUMMARY ***
Total pot $36 | Rake $0.50
Board [4s Th Jd Jc 9s]
Seat 3: Hannibal2211 (big blind) collected ($35.50)
Seat 4: laking123 (button) (small blind) folded on the River


PokerStars Hand #163365225222:  Hold'em Limit ($3/$6 USD) - 2016/12/22 17:47:53 ET
Table 'Zaragoza' 6-max Seat #3 is the button
Seat 3: Hannibal2211 ($114 in chips)
Seat 4: laking123 ($114.35 in chips)
Hannibal2211: posts small blind $1
laking123: posts big blind $3
*** HOLE CARDS ***
Hannibal2211: raises $3 to $6
laking123: calls $3
*** FLOP *** [Kd 6c 7d]
laking123: checks
Hannibal2211: bets $3
laking123: calls $3
*** TURN *** [Kd 6c 7d] [6s]
laking123: checks
Hannibal2211: bets $6
laking123: folds
Uncalled bet ($6) returned to Hannibal2211
Hannibal2211 collected $17.64 from pot
*** SUMMARY ***
Total pot $18 | Rake $0.36
Board [Kd 6c 7d 6s]
Seat 3: Hannibal2211 (button) (small blind) collected ($17.64)
Seat 4: laking123 (big blind) folded on the Turn


PokerStars Hand #163365258814:  Hold'em Limit ($3/$6 USD) - 2016/12/22 17:48:32 ET
Table 'Zaragoza' 6-max Seat #4 is the button
Seat 3: Hannibal2211 ($122.64 in chips)
Seat 4: laking123 ($105.35 in chips)
laking123: posts small blind $1
Hannibal2211: posts big blind $3
*** HOLE CARDS ***
laking123: raises $3 to $6
Hannibal2211: calls $3
*** FLOP *** [5c 7h 5d]
Hannibal2211: checks
laking123: bets $3
Hannibal2211: raises $3 to $6
laking123: raises $3 to $9
Hannibal2211: calls $3
*** TURN *** [5c 7h 5d] [7d]
Hannibal2211: checks
laking123: bets $6
Hannibal2211: calls $6
*** RIVER *** [5c 7h 5d 7d] [As]
Hannibal2211: checks
laking123: checks
*** SHOW DOWN ***
Hannibal2211: shows [8d 6s] (two pair, Sevens and Fives)
laking123: shows [Jd Kc] (two pair, Sevens and Fives)
Hannibal2211 collected $20.75 from pot
laking123 collected $20.75 from pot
*** SUMMARY ***
Total pot $42 | Rake $0.50
Board [5c 7h 5d 7d As]
Seat 3: Hannibal2211 (big blind) showed [8d 6s] and won ($20.75) with two pair, Sevens and Fives
Seat 4: laking123 (button) (small blind) showed [Jd Kc] and won ($20.75) with two pair, Sevens and Fives


PokerStars Hand #163365283744:  Hold'em Limit ($3/$6 USD) - 2016/12/22 17:49:01 ET
Table 'Zaragoza' 6-max Seat #3 is the button
Seat 3: Hannibal2211 ($122.39 in chips)
Seat 4: laking123 ($105.10 in chips)
Hannibal2211: posts small blind $1
laking123: posts big blind $3
*** HOLE CARDS ***
Hannibal2211: raises $3 to $6
laking123: calls $3
*** FLOP *** [2s 6c 3c]
laking123: checks
Hannibal2211: bets $3
laking123: raises $3 to $6
Hannibal2211: calls $3
*** TURN *** [2s 6c 3c] [Qs]
laking123: bets $6
Hannibal2211: calls $6
*** RIVER *** [2s 6c 3c Qs] [8c]
laking123: bets $6
Hannibal2211: calls $6
*** SHOW DOWN ***
laking123: shows [Tc Qc] (a flush, Queen high)
Hannibal2211: mucks hand
laking123 collected $47.50 from pot
*** SUMMARY ***
Total pot $48 | Rake $0.50
Board [2s 6c 3c Qs 8c]
Seat 3: Hannibal2211 (button) (small blind) mucked
Seat 4: laking123 (big blind) showed [Tc Qc] and won ($47.50) with a flush, Queen high


PokerStars Hand #163365316549:  Hold'em Limit ($3/$6 USD) - 2016/12/22 17:49:39 ET
Table 'Zaragoza' 6-max Seat #4 is the button
Seat 3: Hannibal2211 ($98.39 in chips)
Seat 4: laking123 ($128.60 in chips)
laking123: posts small blind $1
Hannibal2211: posts big blind $3
*** HOLE CARDS ***
laking123: raises $3 to $6
Hannibal2211: calls $3
*** FLOP *** [7d 3s Kd]
Hannibal2211: checks
laking123: bets $3
Hannibal2211: raises $3 to $6
laking123: calls $3
*** TURN *** [7d 3s Kd] [3c]
Hannibal2211: bets $6
laking123: raises $6 to $12
Hannibal2211: calls $6
*** RIVER *** [7d 3s Kd 3c] [5c]
Hannibal2211: checks
laking123: bets $6
Hannibal2211: calls $6
*** SHOW DOWN ***
laking123: shows [Kc 7s] (two pair, Kings and Sevens)
cornetc joins the table at seat #6
Hannibal2211: mucks hand
laking123 collected $59.50 from pot
*** SUMMARY ***
Total pot $60 | Rake $0.50
Board [7d 3s Kd 3c 5c]
Seat 3: Hannibal2211 (big blind) mucked
Seat 4: laking123 (button) (small blind) showed [Kc 7s] and won ($59.50) with two pair, Kings and Sevens


PokerStars Hand #163365342723:  Hold'em Limit ($3/$6 USD) - 2016/12/22 17:50:09 ET
Table 'Zaragoza' 6-max Seat #3 is the button
Seat 3: Hannibal2211 ($72 in chips)
Seat 4: laking123 ($158.10 in chips)
Hannibal2211: posts small blind $1
laking123: posts big blind $3
*** HOLE CARDS ***
Hannibal2211: raises $3 to $6
manila4444 joins the table at seat #2
laking123: calls $3
*** FLOP *** [9d 9c Jc]
Necromadx joins the table at seat #5
laking123: checks
cornetc leaves the table
Hannibal2211: bets $3
laking123: folds
Uncalled bet ($3) returned to Hannibal2211
Hannibal2211 collected $11.76 from pot
*** SUMMARY ***
Total pot $12 | Rake $0.24
Board [9d 9c Jc]
Seat 3: Hannibal2211 (button) (small blind) collected ($11.76)
Seat 4: laking123 (big blind) folded on the Flop


