PokerStars Hand #152731601909:  Hold'em Limit ($3/$6 USD) - 2016/05/01 20:08:58 ET
Table 'Zaurak' 6-max Seat #4 is the button
Seat 1: aceduffy5 ($68.02 in chips)
Seat 4: hairy1961 ($74.99 in chips)
hairy1961: posts small blind $1
aceduffy5: posts big blind $3
*** HOLE CARDS ***
hairy1961: folds
Uncalled bet ($2) returned to aceduffy5
aceduffy5 collected $2 from pot
aceduffy5: doesn't show hand
*** SUMMARY ***
Total pot $2 | Rake $0
Seat 1: aceduffy5 (big blind) collected ($2)
Seat 4: hairy1961 (button) (small blind) folded before Flop


PokerStars Hand #152731592616:  Hold'em Limit ($3/$6 USD) - 2016/05/01 20:08:40 ET
Table 'Zaurak' 6-max Seat #1 is the button
Seat 1: aceduffy5 ($50.52 in chips)
Seat 4: hairy1961 ($92.99 in chips)
aceduffy5: posts small blind $1
ice0034: is sitting out
hairy1961: posts big blind $3
*** HOLE CARDS ***
aceduffy5: raises $3 to $6
hairy1961: calls $3
*** FLOP *** [4c 7s Qc]
hairy1961: checks
aceduffy5: checks
*** TURN *** [4c 7s Qc] [2c]
hairy1961: bets $6
aceduffy5: calls $6
*** RIVER *** [4c 7s Qc 2c] [9c]
hairy1961: bets $6
aceduffy5: calls $6
*** SHOW DOWN ***
hairy1961: shows [5s 6s] (high card Queen)
aceduffy5: shows [8c Ad] (a flush, Queen high)
aceduffy5 collected $35.50 from pot
*** SUMMARY ***
Total pot $36 | Rake $0.50
Board [4c 7s Qc 2c 9c]
Seat 1: aceduffy5 (button) (small blind) showed [8c Ad] and won ($35.50) with a flush, Queen high
Seat 4: hairy1961 (big blind) showed [5s 6s] and lost with high card Queen


