PokerStars Hand #167924811754:  Hold'em Limit ($3/$6 USD) - 2017/03/21 19:07:22 ET
Table 'Zech II' 6-max Seat #5 is the button
Seat 2: IVP888 ($29 in chips)
Seat 5: GoliafUa ($121 in chips)
GoliafUa: posts small blind $1
IVP888: posts big blind $3
*** HOLE CARDS ***
GoliafUa: folds
Uncalled bet ($2) returned to IVP888
IVP888 collected $2 from pot
IVP888: doesn't show hand
*** SUMMARY ***
Total pot $2 | Rake $0
Seat 2: IVP888 (big blind) collected ($2)
Seat 5: GoliafUa (button) (small blind) folded before Flop


PokerStars Hand #167924800559:  Hold'em Limit ($3/$6 USD) - 2017/03/21 19:07:07 ET
Table 'Zech II' 6-max Seat #2 is the button
Seat 2: IVP888 ($30 in chips)
Seat 5: GoliafUa ($120 in chips)
IVP888: posts small blind $1
GoliafUa: posts big blind $3
*** HOLE CARDS ***
IVP888: folds
Uncalled bet ($2) returned to GoliafUa
GoliafUa collected $2 from pot
GoliafUa: doesn't show hand
*** SUMMARY ***
Total pot $2 | Rake $0
Seat 2: IVP888 (button) (small blind) folded before Flop
Seat 5: GoliafUa (big blind) collected ($2)


PokerStars Hand #167924815424:  Hold'em Limit ($3/$6 USD) - 2017/03/21 19:07:27 ET
Table 'Zech II' 6-max Seat #2 is the button
Seat 2: IVP888 ($30 in chips)
Seat 5: GoliafUa ($120 in chips)
IVP888: posts small blind $1
GoliafUa: posts big blind $3
*** HOLE CARDS ***
IVP888: raises $3 to $6
GoliafUa: calls $3
*** FLOP *** [Kh 2d 6s]
GoliafUa: checks
IVP888: bets $3
GoliafUa: calls $3
*** TURN *** [Kh 2d 6s] [Qd]
GoliafUa: checks
IVP888: bets $6
GoliafUa: folds
Uncalled bet ($6) returned to IVP888
IVP888 collected $17.64 from pot
IVP888: doesn't show hand
*** SUMMARY ***
Total pot $18 | Rake $0.36
Board [Kh 2d 6s Qd]
Seat 2: IVP888 (button) (small blind) collected ($17.64)
Seat 5: GoliafUa (big blind) folded on the Turn


PokerStars Hand #167924845116:  Hold'em Limit ($3/$6 USD) - 2017/03/21 19:08:07 ET
Table 'Zech II' 6-max Seat #2 is the button
Seat 2: IVP888 ($35.64 in chips)
Seat 5: GoliafUa ($114 in chips)
IVP888: posts small blind $1
GoliafUa: posts big blind $3
*** HOLE CARDS ***
IVP888: raises $3 to $6
GoliafUa: calls $3
*** FLOP *** [5s 6h Tc]
GoliafUa: checks
IVP888: checks
*** TURN *** [5s 6h Tc] [Ah]
GoliafUa: bets $6
IVP888: folds
Uncalled bet ($6) returned to GoliafUa
GoliafUa collected $11.76 from pot
GoliafUa: doesn't show hand
*** SUMMARY ***
Total pot $12 | Rake $0.24
Board [5s 6h Tc Ah]
Seat 2: IVP888 (button) (small blind) folded on the Turn
Seat 5: GoliafUa (big blind) collected ($11.76)


PokerStars Hand #167924841566:  Hold'em Limit ($3/$6 USD) - 2017/03/21 19:08:02 ET
Table 'Zech II' 6-max Seat #5 is the button
Seat 2: IVP888 ($34.64 in chips)
Seat 5: GoliafUa ($115 in chips)
GoliafUa: posts small blind $1
IVP888: posts big blind $3
*** HOLE CARDS ***
GoliafUa: folds
Uncalled bet ($2) returned to IVP888
IVP888 collected $2 from pot
IVP888: doesn't show hand
*** SUMMARY ***
Total pot $2 | Rake $0
Seat 2: IVP888 (big blind) collected ($2)
Seat 5: GoliafUa (button) (small blind) folded before Flop


PokerStars Hand #167924836168:  Hold'em Limit ($3/$6 USD) - 2017/03/21 19:07:55 ET
Table 'Zech II' 6-max Seat #2 is the button
Seat 2: IVP888 ($35.64 in chips)
Seat 5: GoliafUa ($114 in chips)
IVP888: posts small blind $1
GoliafUa: posts big blind $3
*** HOLE CARDS ***
IVP888: folds
Uncalled bet ($2) returned to GoliafUa
GoliafUa collected $2 from pot
GoliafUa: doesn't show hand
*** SUMMARY ***
Total pot $2 | Rake $0
Seat 2: IVP888 (button) (small blind) folded before Flop
Seat 5: GoliafUa (big blind) collected ($2)


PokerStars Hand #167924829932:  Hold'em Limit ($3/$6 USD) - 2017/03/21 19:07:47 ET
Table 'Zech II' 6-max Seat #5 is the button
Seat 2: IVP888 ($38.64 in chips)
Seat 5: GoliafUa ($111 in chips)
GoliafUa: posts small blind $1
IVP888: posts big blind $3
*** HOLE CARDS ***
GoliafUa: raises $3 to $6
IVP888: folds
Uncalled bet ($3) returned to GoliafUa
GoliafUa collected $6 from pot
GoliafUa: doesn't show hand
*** SUMMARY ***
Total pot $6 | Rake $0
Seat 2: IVP888 (big blind) folded before Flop
Seat 5: GoliafUa (button) (small blind) collected ($6)


PokerStars Hand #167924894981:  Hold'em Limit ($3/$6 USD) - 2017/03/21 19:09:14 ET
Table 'Zech II' 6-max Seat #5 is the button
Seat 2: IVP888 ($22.64 in chips)
Seat 5: GoliafUa ($126.52 in chips)
GoliafUa: posts small blind $1
IVP888: posts big blind $3
*** HOLE CARDS ***
GoliafUa: raises $3 to $6
IVP888: folds
Uncalled bet ($3) returned to GoliafUa
GoliafUa collected $6 from pot
GoliafUa: doesn't show hand
*** SUMMARY ***
Total pot $6 | Rake $0
Seat 2: IVP888 (big blind) folded before Flop
Seat 5: GoliafUa (button) (small blind) collected ($6)


PokerStars Hand #167924890113:  Hold'em Limit ($3/$6 USD) - 2017/03/21 19:09:07 ET
Table 'Zech II' 6-max Seat #2 is the button
Seat 2: IVP888 ($23.64 in chips)
Seat 5: GoliafUa ($125.52 in chips)
IVP888: posts small blind $1
GoliafUa: posts big blind $3
*** HOLE CARDS ***
IVP888: folds
Uncalled bet ($2) returned to GoliafUa
GoliafUa collected $2 from pot
GoliafUa: doesn't show hand
*** SUMMARY ***
Total pot $2 | Rake $0
Seat 2: IVP888 (button) (small blind) folded before Flop
Seat 5: GoliafUa (big blind) collected ($2)


PokerStars Hand #167924864679:  Hold'em Limit ($3/$6 USD) - 2017/03/21 19:08:33 ET
Table 'Zech II' 6-max Seat #5 is the button
Seat 2: IVP888 ($29.64 in chips)
Seat 5: GoliafUa ($119.76 in chips)
GoliafUa: posts small blind $1
IVP888: posts big blind $3
*** HOLE CARDS ***
GoliafUa: raises $3 to $6
IVP888: calls $3
*** FLOP *** [Ts 7c 6h]
IVP888: checks
GoliafUa: bets $3
IVP888: folds
Uncalled bet ($3) returned to GoliafUa
GoliafUa collected $11.76 from pot
GoliafUa: doesn't show hand
*** SUMMARY ***
Total pot $12 | Rake $0.24
Board [Ts 7c 6h]
Seat 2: IVP888 (big blind) folded on the Flop
Seat 5: GoliafUa (button) (small blind) collected ($11.76)


PokerStars Hand #167924931983:  Hold'em Limit ($3/$6 USD) - 2017/03/21 19:10:04 ET
Table 'Zech II' 6-max Seat #5 is the button
Seat 2: IVP888 ($18.52 in chips)
Seat 5: GoliafUa ($130.52 in chips)
GoliafUa: posts small blind $1
IVP888: posts big blind $3
*** HOLE CARDS ***
GoliafUa: raises $3 to $6
IVP888: raises $3 to $9
GoliafUa: calls $3
*** FLOP *** [5h 8s 6d]
IVP888: bets $3
GoliafUa: calls $3
*** TURN *** [5h 8s 6d] [Qd]
IVP888: bets $6
GoliafUa: calls $6
*** RIVER *** [5h 8s 6d Qd] [4h]
IVP888: bets $0.52 and is all-in
GoliafUa: calls $0.52
*** SHOW DOWN ***
IVP888: shows [6h Ah] (a pair of Sixes)
GoliafUa: shows [4d 4c] (three of a kind, Fours)
GoliafUa collected $36.54 from pot
*** SUMMARY ***
Total pot $37.04 | Rake $0.50
Board [5h 8s 6d Qd 4h]
Seat 2: IVP888 (big blind) showed [6h Ah] and lost with a pair of Sixes
Seat 5: GoliafUa (button) (small blind) showed [4d 4c] and won ($36.54) with three of a kind, Fours


PokerStars Hand #167924928192:  Hold'em Limit ($3/$6 USD) - 2017/03/21 19:09:59 ET
Table 'Zech II' 6-max Seat #2 is the button
Seat 2: IVP888 ($19.52 in chips)
Seat 5: GoliafUa ($129.52 in chips)
IVP888: posts small blind $1
GoliafUa: posts big blind $3
*** HOLE CARDS ***
IVP888: folds
Uncalled bet ($2) returned to GoliafUa
GoliafUa collected $2 from pot
GoliafUa: doesn't show hand
*** SUMMARY ***
Total pot $2 | Rake $0
Seat 2: IVP888 (button) (small blind) folded before Flop
Seat 5: GoliafUa (big blind) collected ($2)


PokerStars Hand #167924922686:  Hold'em Limit ($3/$6 USD) - 2017/03/21 19:09:51 ET
Table 'Zech II' 6-max Seat #5 is the button
Seat 2: IVP888 ($22.52 in chips)
Seat 5: GoliafUa ($126.52 in chips)
GoliafUa: posts small blind $1
IVP888: posts big blind $3
*** HOLE CARDS ***
GoliafUa: raises $3 to $6
IVP888: folds
Uncalled bet ($3) returned to GoliafUa
GoliafUa collected $6 from pot
GoliafUa: doesn't show hand
*** SUMMARY ***
Total pot $6 | Rake $0
Seat 2: IVP888 (big blind) folded before Flop
Seat 5: GoliafUa (button) (small blind) collected ($6)


PokerStars Hand #167924908395:  Hold'em Limit ($3/$6 USD) - 2017/03/21 19:09:32 ET
Table 'Zech II' 6-max Seat #2 is the button
Seat 2: IVP888 ($19.64 in chips)
Seat 5: GoliafUa ($129.52 in chips)
IVP888: posts small blind $1
GoliafUa: posts big blind $3
*** HOLE CARDS ***
IVP888: calls $2
GoliafUa: checks
*** FLOP *** [Td 4s 4h]
GoliafUa: checks
IVP888: checks
*** TURN *** [Td 4s 4h] [Kh]
GoliafUa: checks
IVP888: checks
*** RIVER *** [Td 4s 4h Kh] [8d]
GoliafUa: checks
IVP888: bets $6
GoliafUa: folds
Uncalled bet ($6) returned to IVP888
IVP888 collected $5.88 from pot
IVP888: doesn't show hand
*** SUMMARY ***
Total pot $6 | Rake $0.12
Board [Td 4s 4h Kh 8d]
Seat 2: IVP888 (button) (small blind) collected ($5.88)
Seat 5: GoliafUa (big blind) folded on the River


