PokerStars Hand #171558905310:  Hold'em Limit ($3/$6 USD) - 2017/06/09 14:46:25 ET
Table 'Zech II' 6-max Seat #1 is the button
Seat 1: Humtum81 ($33.57 in chips)
Seat 4: acemoney1988 ($120 in chips)
Humtum81: posts small blind $1
aade1ante joins the table at seat #2
zxkz joins the table at seat #6
acemoney1988: posts big blind $3
*** HOLE CARDS ***
Humtum81: folds
Uncalled bet ($2) returned to acemoney1988
acemoney1988 collected $2 from pot
*** SUMMARY ***
Total pot $2 | Rake $0
Seat 1: Humtum81 (button) (small blind) folded before Flop
Seat 4: acemoney1988 (big blind) collected ($2)


PokerStars Hand #171563391307:  Hold'em Limit ($3/$6 USD) - 2017/06/09 16:25:59 ET
Table 'Zech II' 6-max Seat #6 is the button
Seat 1: vestimokrec ($108 in chips)
Seat 6: nedo1414 ($107.12 in chips)
nedo1414: posts small blind $1
vestimokrec: posts big blind $3
*** HOLE CARDS ***
nedo1414: raises $3 to $6
vestimokrec: calls $3
*** FLOP *** [Th 7s 3h]
vestimokrec: checks
nedo1414: bets $3
zxkz joins the table at seat #4
Great_Kang joins the table at seat #5
vestimokrec: calls $3
*** TURN *** [Th 7s 3h] [6h]
vestimokrec: checks
nedo1414: checks
*** RIVER *** [Th 7s 3h 6h] [Js]
vestimokrec: checks
nedo1414: checks
*** SHOW DOWN ***
vestimokrec: shows [8s As] (high card Ace)
nedo1414: mucks hand
vestimokrec collected $17.64 from pot
*** SUMMARY ***
Total pot $18 | Rake $0.36
Board [Th 7s 3h 6h Js]
Seat 1: vestimokrec (big blind) showed [8s As] and won ($17.64) with high card Ace
Seat 6: nedo1414 (button) (small blind) mucked


PokerStars Hand #171563361621:  Hold'em Limit ($3/$6 USD) - 2017/06/09 16:25:20 ET
Table 'Zech II' 6-max Seat #1 is the button
Seat 1: vestimokrec ($120 in chips)
Seat 6: nedo1414 ($95.60 in chips)
vestimokrec: posts small blind $1
GoliafUa: is sitting out
nedo1414: posts big blind $3
*** HOLE CARDS ***
vestimokrec: raises $3 to $6
GoliafUa leaves the table
nedo1414: calls $3
*** FLOP *** [3c 8c 9c]
nedo1414: checks
vestimokrec: bets $3
nedo1414: raises $3 to $6
vestimokrec: calls $3
*** TURN *** [3c 8c 9c] [5c]
nedo1414: checks
vestimokrec: checks
*** RIVER *** [3c 8c 9c 5c] [7d]
nedo1414: bets $6
vestimokrec: folds
Uncalled bet ($6) returned to nedo1414
nedo1414 collected $23.52 from pot
nedo1414: doesn't show hand
Kaukadiginte joins the table at seat #3
*** SUMMARY ***
Total pot $24 | Rake $0.48
Board [3c 8c 9c 5c 7d]
Seat 1: vestimokrec (button) (small blind) folded on the River
Seat 6: nedo1414 (big blind) collected ($23.52)


PokerStars Hand #171565816280:  Hold'em Limit ($3/$6 USD) - 2017/06/09 17:19:10 ET
Table 'Zech II' 6-max Seat #5 is the button
Seat 2: An-j92 ($65.38 in chips)
Seat 5: Great_Kang ($356.69 in chips)
Great_Kang: posts small blind $1
An-j92: posts big blind $3
*** HOLE CARDS ***
Hadart joins the table at seat #3
Great_Kang: raises $3 to $6
An-j92: calls $3
*** FLOP *** [2d Ad 7h]
An-j92: checks
Great_Kang: bets $3
An-j92: calls $3
*** TURN *** [2d Ad 7h] [Qc]
An-j92: checks
Great_Kang: bets $6
An-j92: calls $6
*** RIVER *** [2d Ad 7h Qc] [As]
An-j92: checks
Great_Kang: bets $6
An-j92: calls $6
*** SHOW DOWN ***
Great_Kang: shows [Qh 3c] (two pair, Aces and Queens)
zoolyyy joins the table at seat #4
An-j92: mucks hand
Great_Kang collected $41.50 from pot
pegu66 joins the table at seat #1
*** SUMMARY ***
Total pot $42 | Rake $0.50
Board [2d Ad 7h Qc As]
Seat 2: An-j92 (big blind) mucked
Seat 5: Great_Kang (button) (small blind) showed [Qh 3c] and won ($41.50) with two pair, Aces and Queens


PokerStars Hand #171566293867:  Hold'em Limit ($3/$6 USD) - 2017/06/09 17:29:25 ET
Table 'Zech II' 6-max Seat #2 is the button
Seat 2: An-j92 ($91.27 in chips)
Seat 5: Great_Kang ($427.90 in chips)
An-j92: posts small blind $1
Great_Kang: posts big blind $3
*** HOLE CARDS ***
An-j92: folds
Uncalled bet ($2) returned to Great_Kang
Great_Kang collected $2 from pot
Great_Kang: doesn't show hand
*** SUMMARY ***
Total pot $2 | Rake $0
Seat 2: An-j92 (button) (small blind) folded before Flop
Seat 5: Great_Kang (big blind) collected ($2)


PokerStars Hand #171566330463:  Hold'em Limit ($3/$6 USD) - 2017/06/09 17:30:12 ET
Table 'Zech II' 6-max Seat #5 is the button
Seat 2: An-j92 ($45.27 in chips)
Seat 5: Great_Kang ($472.90 in chips)
Great_Kang: posts small blind $1
An-j92: posts big blind $3
*** HOLE CARDS ***
Great_Kang: raises $3 to $6
An-j92: raises $3 to $9
Great_Kang: calls $3
*** FLOP *** [Tc 9s Jc]
An-j92: bets $3
Great_Kang: calls $3
*** TURN *** [Tc 9s Jc] [Qh]
An-j92: bets $6
Great_Kang: calls $6
*** RIVER *** [Tc 9s Jc Qh] [Ad]
An-j92: bets $6
Great_Kang: calls $6
*** SHOW DOWN ***
An-j92: shows [Qc Ac] (two pair, Aces and Queens)
Great_Kang: mucks hand
An-j92 collected $47.50 from pot
*** SUMMARY ***
Total pot $48 | Rake $0.50
Board [Tc 9s Jc Qh Ad]
Seat 2: An-j92 (big blind) showed [Qc Ac] and won ($47.50) with two pair, Aces and Queens
Seat 5: Great_Kang (button) (small blind) mucked


PokerStars Hand #171566316010:  Hold'em Limit ($3/$6 USD) - 2017/06/09 17:29:53 ET
Table 'Zech II' 6-max Seat #2 is the button
Seat 2: An-j92 ($69.27 in chips)
Seat 5: Great_Kang ($449.40 in chips)
An-j92: posts small blind $1
Great_Kang: posts big blind $3
*** HOLE CARDS ***
An-j92: raises $3 to $6
Great_Kang: raises $3 to $9
An-j92: calls $3
*** FLOP *** [6c 5s 7s]
Great_Kang: bets $3
An-j92: calls $3
*** TURN *** [6c 5s 7s] [9c]
Great_Kang: bets $6
An-j92: calls $6
*** RIVER *** [6c 5s 7s 9c] [9s]
Great_Kang: bets $6
An-j92: calls $6
*** SHOW DOWN ***
Great_Kang: shows [8c Ac] (a straight, Five to Nine)
An-j92: mucks hand
Great_Kang collected $47.50 from pot
*** SUMMARY ***
Total pot $48 | Rake $0.50
Board [6c 5s 7s 9c 9s]
Seat 2: An-j92 (button) (small blind) mucked
Seat 5: Great_Kang (big blind) showed [8c Ac] and won ($47.50) with a straight, Five to Nine


PokerStars Hand #171566297754:  Hold'em Limit ($3/$6 USD) - 2017/06/09 17:29:30 ET
Table 'Zech II' 6-max Seat #5 is the button
Seat 2: An-j92 ($90.27 in chips)
Seat 5: Great_Kang ($428.90 in chips)
Great_Kang: posts small blind $1
An-j92: posts big blind $3
*** HOLE CARDS ***
Great_Kang: raises $3 to $6
An-j92: calls $3
*** FLOP *** [6c 5h 3h]
An-j92: checks
Great_Kang: bets $3
An-j92: calls $3
*** TURN *** [6c 5h 3h] [5d]
An-j92: checks
Great_Kang: bets $6
An-j92: calls $6
*** RIVER *** [6c 5h 3h 5d] [6s]
An-j92: checks
Great_Kang: bets $6
An-j92: calls $6
*** SHOW DOWN ***
Great_Kang: shows [Tc Td] (two pair, Tens and Sixes)
An-j92: mucks hand
Great_Kang collected $41.50 from pot
*** SUMMARY ***
Total pot $42 | Rake $0.50
Board [6c 5h 3h 5d 6s]
Seat 2: An-j92 (big blind) mucked
Seat 5: Great_Kang (button) (small blind) showed [Tc Td] and won ($41.50) with two pair, Tens and Sixes


PokerStars Hand #171566371004:  Hold'em Limit ($3/$6 USD) - 2017/06/09 17:31:05 ET
Table 'Zech II' 6-max Seat #5 is the button
Seat 2: An-j92 ($74.53 in chips)
Seat 5: Great_Kang ($442.90 in chips)
Great_Kang: posts small blind $1
An-j92: posts big blind $3
*** HOLE CARDS ***
Great_Kang: raises $3 to $6
An-j92: calls $3
*** FLOP *** [9s As 4s]
An-j92: checks
Great_Kang: bets $3
An-j92: calls $3
*** TURN *** [9s As 4s] [3d]
An-j92: checks
Great_Kang: bets $6
An-j92: calls $6
*** RIVER *** [9s As 4s 3d] [8h]
An-j92: checks
Great_Kang: checks
*** SHOW DOWN ***
An-j92: shows [4c 2d] (a pair of Fours)
Great_Kang: mucks hand
An-j92 collected $29.50 from pot
*** SUMMARY ***
Total pot $30 | Rake $0.50
Board [9s As 4s 3d 8h]
Seat 2: An-j92 (big blind) showed [4c 2d] and won ($29.50) with a pair of Fours
Seat 5: Great_Kang (button) (small blind) mucked


PokerStars Hand #171566352473:  Hold'em Limit ($3/$6 USD) - 2017/06/09 17:30:41 ET
Table 'Zech II' 6-max Seat #2 is the button
Seat 2: An-j92 ($68.77 in chips)
Seat 5: Great_Kang ($448.90 in chips)
An-j92: posts small blind $1
Great_Kang: posts big blind $3
*** HOLE CARDS ***
An-j92: raises $3 to $6
Great_Kang: calls $3
*** FLOP *** [Jd 4d 6h]
Great_Kang: checks
An-j92: checks
*** TURN *** [Jd 4d 6h] [6s]
Great_Kang: checks
An-j92: bets $6
Great_Kang: folds
Uncalled bet ($6) returned to An-j92
An-j92 collected $11.76 from pot
An-j92: doesn't show hand
*** SUMMARY ***
Total pot $12 | Rake $0.24
Board [Jd 4d 6h 6s]
Seat 2: An-j92 (button) (small blind) collected ($11.76)
Seat 5: Great_Kang (big blind) folded on the Turn


PokerStars Hand #171566384791:  Hold'em Limit ($3/$6 USD) - 2017/06/09 17:31:23 ET
Table 'Zech II' 6-max Seat #2 is the button
Seat 2: An-j92 ($89.03 in chips)
Seat 5: Great_Kang ($427.90 in chips)
An-j92: posts small blind $1
Great_Kang: posts big blind $3
*** HOLE CARDS ***
An-j92: raises $3 to $6
Great_Kang: calls $3
*** FLOP *** [9h Qd Ac]
Great_Kang: bets $3
An-j92: calls $3
*** TURN *** [9h Qd Ac] [4h]
Great_Kang: checks
An-j92: bets $6
Great_Kang: calls $6
*** RIVER *** [9h Qd Ac 4h] [7h]
Great_Kang: checks
An-j92: bets $6
Great_Kang: calls $6
*** SHOW DOWN ***
An-j92: shows [Ah 6d] (a pair of Aces)
Great_Kang: mucks hand
An-j92 collected $41.50 from pot
*** SUMMARY ***
Total pot $42 | Rake $0.50
Board [9h Qd Ac 4h 7h]
Seat 2: An-j92 (button) (small blind) showed [Ah 6d] and won ($41.50) with a pair of Aces
Seat 5: Great_Kang (big blind) mucked


PokerStars Hand #171566426401:  Hold'em Limit ($3/$6 USD) - 2017/06/09 17:32:17 ET
Table 'Zech II' 6-max Seat #2 is the button
Seat 2: An-j92 ($103.53 in chips)
Seat 5: Great_Kang ($412.66 in chips)
An-j92: posts small blind $1
Great_Kang: posts big blind $3
*** HOLE CARDS ***
An-j92: raises $3 to $6
Great_Kang: calls $3
*** FLOP *** [Qs 7s 8d]
Great_Kang: checks
An-j92: bets $3
Great_Kang: raises $3 to $6
An-j92: raises $3 to $9
Great_Kang: calls $3
*** TURN *** [Qs 7s 8d] [4d]
Great_Kang: checks
An-j92: bets $6
Great_Kang: calls $6
*** RIVER *** [Qs 7s 8d 4d] [5d]
love_mmm joins the table at seat #1
Great_Kang: checks
An-j92: bets $6
Great_Kang: calls $6
*** SHOW DOWN ***
An-j92: shows [2s 6s] (a straight, Four to Eight)
Great_Kang: mucks hand
An-j92 collected $53.50 from pot
*** SUMMARY ***
Total pot $54 | Rake $0.50
Board [Qs 7s 8d 4d 5d]
Seat 2: An-j92 (button) (small blind) showed [2s 6s] and won ($53.50) with a straight, Four to Eight
Seat 5: Great_Kang (big blind) mucked


PokerStars Hand #171566410848:  Hold'em Limit ($3/$6 USD) - 2017/06/09 17:31:57 ET
Table 'Zech II' 6-max Seat #5 is the button
Seat 2: An-j92 ($109.53 in chips)
Seat 5: Great_Kang ($406.90 in chips)
Great_Kang: posts small blind $1
An-j92: posts big blind $3
*** HOLE CARDS ***
Great_Kang: raises $3 to $6
An-j92: calls $3
*** FLOP *** [Td 4c 7c]
An-j92: checks
Great_Kang: bets $3
An-j92: folds
Uncalled bet ($3) returned to Great_Kang
Great_Kang collected $11.76 from pot
Great_Kang: doesn't show hand
*** SUMMARY ***
Total pot $12 | Rake $0.24
Board [Td 4c 7c]
Seat 2: An-j92 (big blind) folded on the Flop
Seat 5: Great_Kang (button) (small blind) collected ($11.76)


PokerStars Hand #171566471007:  Hold'em Limit ($3/$6 USD) - 2017/06/09 17:33:15 ET
Table 'Zech II' 6-max Seat #5 is the button
Seat 2: An-j92 ($118.03 in chips)
Seat 5: Great_Kang ($397.18 in chips)
Great_Kang: posts small blind $1
An-j92: posts big blind $3
*** HOLE CARDS ***
Great_Kang: raises $3 to $6
An-j92: calls $3
*** FLOP *** [5d Qc Ks]
An-j92: checks
CatPuppy1999 joins the table at seat #4
Great_Kang: bets $3
An-j92: calls $3
*** TURN *** [5d Qc Ks] [3s]
An-j92: checks
Great_Kang: bets $6
An-j92: calls $6
*** RIVER *** [5d Qc Ks 3s] [8s]
An-j92: checks
Great_Kang: bets $6
An-j92: calls $6
*** SHOW DOWN ***
Great_Kang: shows [8c Kc] (two pair, Kings and Eights)
An-j92: mucks hand
Great_Kang collected $41.50 from pot
*** SUMMARY ***
Total pot $42 | Rake $0.50
Board [5d Qc Ks 3s 8s]
Seat 2: An-j92 (big blind) mucked
Seat 5: Great_Kang (button) (small blind) showed [8c Kc] and won ($41.50) with two pair, Kings and Eights


PokerStars Hand #171566451235:  Hold'em Limit ($3/$6 USD) - 2017/06/09 17:32:49 ET
Table 'Zech II' 6-max Seat #2 is the button
Seat 2: An-j92 ($124.03 in chips)
Seat 5: Great_Kang ($391.42 in chips)
An-j92: posts small blind $1
Great_Kang: posts big blind $3
*** HOLE CARDS ***
An-j92: raises $3 to $6
Great_Kang: calls $3
*** FLOP *** [Kd 4h 2c]
Great_Kang: checks
An-j92: checks
*** TURN *** [Kd 4h 2c] [Ad]
Great_Kang: checks
An-j92: checks
*** RIVER *** [Kd 4h 2c Ad] [Td]
Great_Kang: checks
An-j92: checks
*** SHOW DOWN ***
Great_Kang: shows [Qc 8s] (high card Ace)
An-j92: mucks hand
Wurst3 joins the table at seat #3
Great_Kang collected $11.76 from pot
*** SUMMARY ***
Total pot $12 | Rake $0.24
Board [Kd 4h 2c Ad Td]
Seat 2: An-j92 (button) (small blind) mucked
Seat 5: Great_Kang (big blind) showed [Qc 8s] and won ($11.76) with high card Ace


PokerStars Hand #171566441513:  Hold'em Limit ($3/$6 USD) - 2017/06/09 17:32:36 ET
Table 'Zech II' 6-max Seat #5 is the button
Seat 2: An-j92 ($130.03 in chips)
Seat 5: Great_Kang ($385.66 in chips)
Great_Kang: posts small blind $1
An-j92: posts big blind $3
*** HOLE CARDS ***
Great_Kang: raises $3 to $6
An-j92: calls $3
*** FLOP *** [Jd 7s Ks]
An-j92: checks
Great_Kang: bets $3
An-j92: folds
Uncalled bet ($3) returned to Great_Kang
Great_Kang collected $11.76 from pot
Great_Kang: doesn't show hand
*** SUMMARY ***
Total pot $12 | Rake $0.24
Board [Jd 7s Ks]
Seat 2: An-j92 (big blind) folded on the Flop
Seat 5: Great_Kang (button) (small blind) collected ($11.76)


