PokerStars Hand #146156044484:  Hold'em Limit ($3/$6 USD) - 2015/12/30 2:39:03 ET
Table 'Zeissia' 2-max Seat #2 is the button
Seat 1: Lsalimov ($75 in chips)
Seat 2: Donkasaurus7 ($98.14 in chips)
Donkasaurus7: posts small blind $1
Lsalimov: posts big blind $3
*** HOLE CARDS ***
Donkasaurus7: raises $3 to $6
Lsalimov: raises $3 to $9
Donkasaurus7: calls $3
*** FLOP *** [Jd 6c 7s]
Lsalimov: bets $3
Donkasaurus7: calls $3
*** TURN *** [Jd 6c 7s] [7c]
Lsalimov: bets $6
Donkasaurus7: calls $6
*** RIVER *** [Jd 6c 7s 7c] [7d]
Lsalimov: bets $6
Donkasaurus7: calls $6
*** SHOW DOWN ***
Lsalimov: shows [Jc Kd] (a full house, Sevens full of Jacks)
Donkasaurus7: shows [3c Jh] (a full house, Sevens full of Jacks)
Lsalimov collected $23.75 from pot
Donkasaurus7 collected $23.75 from pot
*** SUMMARY ***
Total pot $48 | Rake $0.50
Board [Jd 6c 7s 7c 7d]
Seat 1: Lsalimov (big blind) showed [Jc Kd] and won ($23.75) with a full house, Sevens full of Jacks
Seat 2: Donkasaurus7 (button) (small blind) showed [3c Jh] and won ($23.75) with a full house, Sevens full of Jacks


PokerStars Hand #146156042842:  Hold'em Limit ($3/$6 USD) - 2015/12/30 2:38:58 ET
Table 'Zeissia' 2-max Seat #1 is the button
Seat 1: Lsalimov ($72 in chips)
Seat 2: Donkasaurus7 ($101.14 in chips)
Lsalimov: posts small blind $1
Donkasaurus7: posts big blind $3
*** HOLE CARDS ***
Lsalimov: raises $3 to $6
Donkasaurus7: folds
Uncalled bet ($3) returned to Lsalimov
Lsalimov collected $6 from pot
Lsalimov: doesn't show hand
*** SUMMARY ***
Total pot $6 | Rake $0
Seat 1: Lsalimov (button) (small blind) collected ($6)
Seat 2: Donkasaurus7 (big blind) folded before Flop


PokerStars Hand #146156039490:  Hold'em Limit ($3/$6 USD) - 2015/12/30 2:38:48 ET
Table 'Zeissia' 2-max Seat #2 is the button
Seat 1: Lsalimov ($75 in chips)
Seat 2: Donkasaurus7 ($92.50 in chips)
Donkasaurus7: posts small blind $1
Lsalimov: posts big blind $3
*** HOLE CARDS ***
Donkasaurus7: raises $3 to $6
Lsalimov: calls $3
*** FLOP *** [5d Kc Ks]
Lsalimov: checks
Donkasaurus7: bets $3
Lsalimov: calls $3
*** TURN *** [5d Kc Ks] [Jc]
Lsalimov: checks
Donkasaurus7: bets $6
Lsalimov: folds
Uncalled bet ($6) returned to Donkasaurus7
Donkasaurus7 collected $17.64 from pot
Donkasaurus7: doesn't show hand
*** SUMMARY ***
Total pot $18 | Rake $0.36
Board [5d Kc Ks Jc]
Seat 1: Lsalimov (big blind) folded on the Turn
Seat 2: Donkasaurus7 (button) (small blind) collected ($17.64)


PokerStars Hand #146156029730:  Hold'em Limit ($3/$6 USD) - 2015/12/30 2:38:18 ET
Table 'Zeissia' 2-max Seat #2 is the button
Seat 1: Lsalimov ($72 in chips)
Seat 2: Donkasaurus7 ($72 in chips)
Donkasaurus7: posts small blind $1
Lsalimov: posts big blind $3
*** HOLE CARDS ***
Donkasaurus7: raises $3 to $6
Lsalimov: calls $3
*** FLOP *** [Tc 7h 8d]
Lsalimov: checks
Donkasaurus7: bets $3
Lsalimov: raises $3 to $6
Donkasaurus7: calls $3
*** TURN *** [Tc 7h 8d] [Jh]
Lsalimov: bets $6
Donkasaurus7: calls $6
*** RIVER *** [Tc 7h 8d Jh] [4h]
Lsalimov: bets $6
Donkasaurus7: calls $6
*** SHOW DOWN ***
Lsalimov: shows [Td 3h] (a pair of Tens)
Donkasaurus7: shows [Ac Jc] (a pair of Jacks)
Donkasaurus7 collected $47.50 from pot
*** SUMMARY ***
Total pot $48 | Rake $0.50
Board [Tc 7h 8d Jh 4h]
Seat 1: Lsalimov (big blind) showed [Td 3h] and lost with a pair of Tens
Seat 2: Donkasaurus7 (button) (small blind) showed [Ac Jc] and won ($47.50) with a pair of Jacks


PokerStars Hand #146156037723:  Hold'em Limit ($3/$6 USD) - 2015/12/30 2:38:43 ET
Table 'Zeissia' 2-max Seat #1 is the button
Seat 1: Lsalimov ($72 in chips)
Seat 2: Donkasaurus7 ($95.50 in chips)
Lsalimov: posts small blind $1
Donkasaurus7: posts big blind $3
*** HOLE CARDS ***
Lsalimov: raises $3 to $6
Donkasaurus7: folds
Uncalled bet ($3) returned to Lsalimov
Lsalimov collected $6 from pot
Lsalimov: doesn't show hand
*** SUMMARY ***
Total pot $6 | Rake $0
Seat 1: Lsalimov (button) (small blind) collected ($6)
Seat 2: Donkasaurus7 (big blind) folded before Flop


PokerStars Hand #146156049174:  Hold'em Limit ($3/$6 USD) - 2015/12/30 2:39:17 ET
Table 'Zeissia' 2-max Seat #1 is the button
Seat 1: Lsalimov ($74.75 in chips)
Seat 2: Donkasaurus7 ($97.89 in chips)
Lsalimov: posts small blind $1
Donkasaurus7: posts big blind $3
*** HOLE CARDS ***
Lsalimov: raises $3 to $6
Donkasaurus7: raises $3 to $9
Lsalimov: calls $3
*** FLOP *** [6d 5s 4c]
Donkasaurus7: bets $3
Lsalimov: calls $3
*** TURN *** [6d 5s 4c] [5d]
Donkasaurus7: bets $6
Lsalimov: calls $6
*** RIVER *** [6d 5s 4c 5d] [6c]
Donkasaurus7: bets $6
Lsalimov: calls $6
*** SHOW DOWN ***
Donkasaurus7: shows [Js Jd] (two pair, Jacks and Sixes)
Lsalimov: mucks hand
Donkasaurus7 collected $47.50 from pot
*** SUMMARY ***
Total pot $48 | Rake $0.50
Board [6d 5s 4c 5d 6c]
Seat 1: Lsalimov (button) (small blind) mucked
Seat 2: Donkasaurus7 (big blind) showed [Js Jd] and won ($47.50) with two pair, Jacks and Sixes


PokerStars Hand #146156055898:  Hold'em Limit ($3/$6 USD) - 2015/12/30 2:39:38 ET
Table 'Zeissia' 2-max Seat #1 is the button
Seat 1: Lsalimov ($72 in chips)
Seat 2: Donkasaurus7 ($124.39 in chips)
Lsalimov: posts small blind $1
Donkasaurus7: posts big blind $3
*** HOLE CARDS ***
Lsalimov: raises $3 to $6
Donkasaurus7: folds
Uncalled bet ($3) returned to Lsalimov
Lsalimov collected $6 from pot
Lsalimov: doesn't show hand
*** SUMMARY ***
Total pot $6 | Rake $0
Seat 1: Lsalimov (button) (small blind) collected ($6)
Seat 2: Donkasaurus7 (big blind) folded before Flop


PokerStars Hand #146156054093:  Hold'em Limit ($3/$6 USD) - 2015/12/30 2:39:32 ET
Table 'Zeissia' 2-max Seat #2 is the button
Seat 1: Lsalimov ($72 in chips)
Seat 2: Donkasaurus7 ($121.39 in chips)
Donkasaurus7: posts small blind $1
Lsalimov: posts big blind $3
*** HOLE CARDS ***
Donkasaurus7: raises $3 to $6
Lsalimov: folds
Uncalled bet ($3) returned to Donkasaurus7
Donkasaurus7 collected $6 from pot
Donkasaurus7: doesn't show hand
*** SUMMARY ***
Total pot $6 | Rake $0
Seat 1: Lsalimov (big blind) folded before Flop
Seat 2: Donkasaurus7 (button) (small blind) collected ($6)


PokerStars Hand #146156057428:  Hold'em Limit ($3/$6 USD) - 2015/12/30 2:39:43 ET
Table 'Zeissia' 2-max Seat #2 is the button
Seat 1: Lsalimov ($75 in chips)
Seat 2: Donkasaurus7 ($121.39 in chips)
Donkasaurus7: posts small blind $1
Lsalimov: posts big blind $3
*** HOLE CARDS ***
Donkasaurus7: raises $3 to $6
Lsalimov: raises $3 to $9
Donkasaurus7: calls $3
*** FLOP *** [As 5c 6c]
Lsalimov: bets $3
Donkasaurus7: folds
Uncalled bet ($3) returned to Lsalimov
Lsalimov collected $17.64 from pot
Lsalimov: doesn't show hand
*** SUMMARY ***
Total pot $18 | Rake $0.36
Board [As 5c 6c]
Seat 1: Lsalimov (big blind) collected ($17.64)
Seat 2: Donkasaurus7 (button) (small blind) folded on the Flop


PokerStars Hand #146156065840:  Hold'em Limit ($3/$6 USD) - 2015/12/30 2:40:08 ET
Table 'Zeissia' 2-max Seat #1 is the button
Seat 1: Lsalimov ($72 in chips)
Seat 2: Donkasaurus7 ($126.79 in chips)
Lsalimov: posts small blind $1
Donkasaurus7: posts big blind $3
*** HOLE CARDS ***
Lsalimov: raises $3 to $6
Donkasaurus7: folds
Uncalled bet ($3) returned to Lsalimov
Lsalimov collected $6 from pot
Lsalimov: doesn't show hand
*** SUMMARY ***
Total pot $6 | Rake $0
Seat 1: Lsalimov (button) (small blind) collected ($6)
Seat 2: Donkasaurus7 (big blind) folded before Flop


PokerStars Hand #146156063190:  Hold'em Limit ($3/$6 USD) - 2015/12/30 2:40:00 ET
Table 'Zeissia' 2-max Seat #2 is the button
Seat 1: Lsalimov ($74.64 in chips)
Seat 2: Donkasaurus7 ($121.03 in chips)
Donkasaurus7: posts small blind $1
Lsalimov: posts big blind $3
*** HOLE CARDS ***
Donkasaurus7: raises $3 to $6
Lsalimov: calls $3
*** FLOP *** [Ts 7h Th]
Lsalimov: checks
Donkasaurus7: bets $3
Lsalimov: folds
Uncalled bet ($3) returned to Donkasaurus7
Donkasaurus7 collected $11.76 from pot
Donkasaurus7: doesn't show hand
*** SUMMARY ***
Total pot $12 | Rake $0.24
Board [Ts 7h Th]
Seat 1: Lsalimov (big blind) folded on the Flop
Seat 2: Donkasaurus7 (button) (small blind) collected ($11.76)


PokerStars Hand #146156060549:  Hold'em Limit ($3/$6 USD) - 2015/12/30 2:39:52 ET
Table 'Zeissia' 2-max Seat #1 is the button
Seat 1: Lsalimov ($83.64 in chips)
Seat 2: Donkasaurus7 ($112.39 in chips)
Lsalimov: posts small blind $1
Donkasaurus7: posts big blind $3
*** HOLE CARDS ***
Lsalimov: raises $3 to $6
Donkasaurus7: raises $3 to $9
Lsalimov: calls $3
*** FLOP *** [Ts 5d Ks]
Donkasaurus7: bets $3
Lsalimov: folds
Uncalled bet ($3) returned to Donkasaurus7
Donkasaurus7 collected $17.64 from pot
Donkasaurus7: doesn't show hand
*** SUMMARY ***
Total pot $18 | Rake $0.36
Board [Ts 5d Ks]
Seat 1: Lsalimov (button) (small blind) folded on the Flop
Seat 2: Donkasaurus7 (big blind) collected ($17.64)


PokerStars Hand #146156088327:  Hold'em Limit ($3/$6 USD) - 2015/12/30 2:41:18 ET
Table 'Zeissia' 2-max Seat #2 is the button
Seat 1: Lsalimov ($110 in chips)
Seat 2: Donkasaurus7 ($87.29 in chips)
Donkasaurus7: posts small blind $1
Lsalimov: posts big blind $3
*** HOLE CARDS ***
Donkasaurus7: folds
Uncalled bet ($2) returned to Lsalimov
Lsalimov collected $2 from pot
Lsalimov: doesn't show hand
*** SUMMARY ***
Total pot $2 | Rake $0
Seat 1: Lsalimov (big blind) collected ($2)
Seat 2: Donkasaurus7 (button) (small blind) folded before Flop


PokerStars Hand #146156082658:  Hold'em Limit ($3/$6 USD) - 2015/12/30 2:41:00 ET
Table 'Zeissia' 2-max Seat #1 is the button
Seat 1: Lsalimov ($89.50 in chips)
Seat 2: Donkasaurus7 ($108.29 in chips)
Lsalimov: posts small blind $1
Donkasaurus7: posts big blind $3
*** HOLE CARDS ***
Lsalimov: raises $3 to $6
Donkasaurus7: calls $3
*** FLOP *** [Qs 3c 9s]
Donkasaurus7: checks
Lsalimov: bets $3
Donkasaurus7: calls $3
*** TURN *** [Qs 3c 9s] [2c]
Donkasaurus7: checks
Lsalimov: bets $6
Donkasaurus7: calls $6
*** RIVER *** [Qs 3c 9s 2c] [8h]
Donkasaurus7: checks
Lsalimov: bets $6
Donkasaurus7: calls $6
*** SHOW DOWN ***
Lsalimov: shows [Ad Qc] (a pair of Queens)
Donkasaurus7: mucks hand
Lsalimov collected $41.50 from pot
*** SUMMARY ***
Total pot $42 | Rake $0.50
Board [Qs 3c 9s 2c 8h]
Seat 1: Lsalimov (button) (small blind) showed [Ad Qc] and won ($41.50) with a pair of Queens
Seat 2: Donkasaurus7 (big blind) mucked


PokerStars Hand #146156075183:  Hold'em Limit ($3/$6 USD) - 2015/12/30 2:40:37 ET
Table 'Zeissia' 2-max Seat #2 is the button
Seat 1: Lsalimov ($107.50 in chips)
Seat 2: Donkasaurus7 ($90.79 in chips)
Donkasaurus7: posts small blind $1
Lsalimov: posts big blind $3
*** HOLE CARDS ***
Donkasaurus7: raises $3 to $6
Lsalimov: folds
Uncalled bet ($3) returned to Donkasaurus7
Donkasaurus7 collected $6 from pot
Donkasaurus7: doesn't show hand
*** SUMMARY ***
Total pot $6 | Rake $0
Seat 1: Lsalimov (big blind) folded before Flop
Seat 2: Donkasaurus7 (button) (small blind) collected ($6)


PokerStars Hand #146156073363:  Hold'em Limit ($3/$6 USD) - 2015/12/30 2:40:32 ET
Table 'Zeissia' 2-max Seat #1 is the button
Seat 1: Lsalimov ($104.50 in chips)
Seat 2: Donkasaurus7 ($93.79 in chips)
Lsalimov: posts small blind $1
Donkasaurus7: posts big blind $3
*** HOLE CARDS ***
Lsalimov: raises $3 to $6
Donkasaurus7: folds
Uncalled bet ($3) returned to Lsalimov
Lsalimov collected $6 from pot
Lsalimov: doesn't show hand
*** SUMMARY ***
Total pot $6 | Rake $0
Seat 1: Lsalimov (button) (small blind) collected ($6)
Seat 2: Donkasaurus7 (big blind) folded before Flop


PokerStars Hand #146156067443:  Hold'em Limit ($3/$6 USD) - 2015/12/30 2:40:13 ET
Table 'Zeissia' 2-max Seat #2 is the button
Seat 1: Lsalimov ($75 in chips)
Seat 2: Donkasaurus7 ($123.79 in chips)
Donkasaurus7: posts small blind $1
Lsalimov: posts big blind $3
*** HOLE CARDS ***
Donkasaurus7: raises $3 to $6
Lsalimov: raises $3 to $9
Donkasaurus7: calls $3
*** FLOP *** [7c 8s 4d]
Lsalimov: bets $3
Donkasaurus7: calls $3
*** TURN *** [7c 8s 4d] [Qh]
Lsalimov: bets $6
Donkasaurus7: calls $6
*** RIVER *** [7c 8s 4d Qh] [3d]
Lsalimov: bets $6
Donkasaurus7: raises $6 to $12
Lsalimov: calls $6
*** SHOW DOWN ***
Donkasaurus7: shows [5s 2c] (high card Queen)
Lsalimov: shows [9h 7h] (a pair of Sevens)
Lsalimov collected $59.50 from pot
*** SUMMARY ***
Total pot $60 | Rake $0.50
Board [7c 8s 4d Qh 3d]
Seat 1: Lsalimov (big blind) showed [9h 7h] and won ($59.50) with a pair of Sevens
Seat 2: Donkasaurus7 (button) (small blind) showed [5s 2c] and lost with high card Queen


PokerStars Hand #146156076896:  Hold'em Limit ($3/$6 USD) - 2015/12/30 2:40:42 ET
Table 'Zeissia' 2-max Seat #1 is the button
Seat 1: Lsalimov ($104.50 in chips)
Seat 2: Donkasaurus7 ($93.79 in chips)
Lsalimov: posts small blind $1
Donkasaurus7: posts big blind $3
*** HOLE CARDS ***
Lsalimov: raises $3 to $6
Donkasaurus7: folds
Uncalled bet ($3) returned to Lsalimov
Lsalimov collected $6 from pot
Lsalimov: doesn't show hand
*** SUMMARY ***
Total pot $6 | Rake $0
Seat 1: Lsalimov (button) (small blind) collected ($6)
Seat 2: Donkasaurus7 (big blind) folded before Flop


PokerStars Hand #146156078386:  Hold'em Limit ($3/$6 USD) - 2015/12/30 2:40:47 ET
Table 'Zeissia' 2-max Seat #2 is the button
Seat 1: Lsalimov ($107.50 in chips)
Seat 2: Donkasaurus7 ($90.79 in chips)
Donkasaurus7: posts small blind $1
Lsalimov: posts big blind $3
*** HOLE CARDS ***
Donkasaurus7: raises $3 to $6
Lsalimov: calls $3
*** FLOP *** [Qs 6s 5h]
Lsalimov: checks
Donkasaurus7: checks
*** TURN *** [Qs 6s 5h] [7h]
Lsalimov: bets $6
Donkasaurus7: calls $6
*** RIVER *** [Qs 6s 5h 7h] [7c]
Lsalimov: bets $6
Donkasaurus7: raises $6 to $12
Lsalimov: folds
Uncalled bet ($6) returned to Donkasaurus7
Donkasaurus7 collected $35.50 from pot
Donkasaurus7: doesn't show hand
*** SUMMARY ***
Total pot $36 | Rake $0.50
Board [Qs 6s 5h 7h 7c]
Seat 1: Lsalimov (big blind) folded on the River
Seat 2: Donkasaurus7 (button) (small blind) collected ($35.50)


PokerStars Hand #146156089676:  Hold'em Limit ($3/$6 USD) - 2015/12/30 2:41:22 ET
Table 'Zeissia' 2-max Seat #1 is the button
Seat 1: Lsalimov ($111 in chips)
Seat 2: Donkasaurus7 ($86.29 in chips)
Lsalimov: posts small blind $1
Donkasaurus7: posts big blind $3
*** HOLE CARDS ***
Lsalimov: raises $3 to $6
Donkasaurus7: calls $3
*** FLOP *** [9d 4c Qh]
Donkasaurus7: checks
Lsalimov: bets $3
Donkasaurus7: calls $3
*** TURN *** [9d 4c Qh] [2s]
Donkasaurus7: checks
Lsalimov: bets $6
Donkasaurus7: calls $6
*** RIVER *** [9d 4c Qh 2s] [Th]
Donkasaurus7: checks
Lsalimov: bets $6
Donkasaurus7: folds
Uncalled bet ($6) returned to Lsalimov
Lsalimov collected $29.50 from pot
Lsalimov: doesn't show hand
*** SUMMARY ***
Total pot $30 | Rake $0.50
Board [9d 4c Qh 2s Th]
Seat 1: Lsalimov (button) (small blind) collected ($29.50)
Seat 2: Donkasaurus7 (big blind) folded on the River


PokerStars Hand #146156099476:  Hold'em Limit ($3/$6 USD) - 2015/12/30 2:41:51 ET
Table 'Zeissia' 2-max Seat #1 is the button
Seat 1: Lsalimov ($119.50 in chips)
Seat 2: Donkasaurus7 ($77.05 in chips)
Lsalimov: posts small blind $1
Donkasaurus7: posts big blind $3
*** HOLE CARDS ***
Lsalimov: raises $3 to $6
Donkasaurus7: raises $3 to $9
Lsalimov: calls $3
*** FLOP *** [6c 2s 2h]
Donkasaurus7: bets $3
Lsalimov: calls $3
*** TURN *** [6c 2s 2h] [9h]
Donkasaurus7: bets $6
Lsalimov: folds
Uncalled bet ($6) returned to Donkasaurus7
Donkasaurus7 collected $23.52 from pot
Donkasaurus7: doesn't show hand
*** SUMMARY ***
Total pot $24 | Rake $0.48
Board [6c 2s 2h 9h]
Seat 1: Lsalimov (button) (small blind) folded on the Turn
Seat 2: Donkasaurus7 (big blind) collected ($23.52)


PokerStars Hand #146156095899:  Hold'em Limit ($3/$6 USD) - 2015/12/30 2:41:41 ET
Table 'Zeissia' 2-max Seat #2 is the button
Seat 1: Lsalimov ($125.50 in chips)
Seat 2: Donkasaurus7 ($71.29 in chips)
Donkasaurus7: posts small blind $1
Lsalimov: posts big blind $3
*** HOLE CARDS ***
Donkasaurus7: raises $3 to $6
Lsalimov: calls $3
*** FLOP *** [4d Qh 9c]
Lsalimov: checks
Donkasaurus7: bets $3
Lsalimov: folds
Uncalled bet ($3) returned to Donkasaurus7
Donkasaurus7 collected $11.76 from pot
Donkasaurus7: doesn't show hand
*** SUMMARY ***
Total pot $12 | Rake $0.24
Board [4d Qh 9c]
Seat 1: Lsalimov (big blind) folded on the Flop
Seat 2: Donkasaurus7 (button) (small blind) collected ($11.76)


PokerStars Hand #146156104069:  Hold'em Limit ($3/$6 USD) - 2015/12/30 2:42:04 ET
Table 'Zeissia' 2-max Seat #2 is the button
Seat 1: Lsalimov ($107.50 in chips)
Seat 2: Donkasaurus7 ($88.57 in chips)
Donkasaurus7: posts small blind $1
Lsalimov: posts big blind $3
*** HOLE CARDS ***
Donkasaurus7: raises $3 to $6
Lsalimov: folds
Uncalled bet ($3) returned to Donkasaurus7
Donkasaurus7 collected $6 from pot
Donkasaurus7: doesn't show hand
*** SUMMARY ***
Total pot $6 | Rake $0
Seat 1: Lsalimov (big blind) folded before Flop
Seat 2: Donkasaurus7 (button) (small blind) collected ($6)


PokerStars Hand #146156106092:  Hold'em Limit ($3/$6 USD) - 2015/12/30 2:42:11 ET
Table 'Zeissia' 2-max Seat #1 is the button
Seat 1: Lsalimov ($104.50 in chips)
Seat 2: Donkasaurus7 ($91.57 in chips)
Lsalimov: posts small blind $1
Donkasaurus7: posts big blind $3
*** HOLE CARDS ***
Lsalimov: raises $3 to $6
Donkasaurus7: calls $3
*** FLOP *** [8d 5c Ad]
Donkasaurus7: checks
Lsalimov: bets $3
Donkasaurus7: calls $3
*** TURN *** [8d 5c Ad] [Qs]
Donkasaurus7: checks
Lsalimov: bets $6
Donkasaurus7: raises $6 to $12
Lsalimov: calls $6
*** RIVER *** [8d 5c Ad Qs] [8s]
Donkasaurus7: bets $6
Lsalimov: raises $6 to $12
Donkasaurus7: calls $6
*** SHOW DOWN ***
Lsalimov: shows [8c Th] (three of a kind, Eights)
Donkasaurus7: mucks hand
Lsalimov collected $65.50 from pot
*** SUMMARY ***
Total pot $66 | Rake $0.50
Board [8d 5c Ad Qs 8s]
Seat 1: Lsalimov (button) (small blind) showed [8c Th] and won ($65.50) with three of a kind, Eights
Seat 2: Donkasaurus7 (big blind) mucked


PokerStars Hand #146156118479:  Hold'em Limit ($3/$6 USD) - 2015/12/30 2:42:48 ET
Table 'Zeissia' 2-max Seat #1 is the button
Seat 1: Lsalimov ($169.50 in chips)
Seat 2: Donkasaurus7 ($25.57 in chips)
Lsalimov: posts small blind $1
Donkasaurus7: posts big blind $3
*** HOLE CARDS ***
Lsalimov: raises $3 to $6
Donkasaurus7: folds
Uncalled bet ($3) returned to Lsalimov
Lsalimov collected $6 from pot
Lsalimov: doesn't show hand
*** SUMMARY ***
Total pot $6 | Rake $0
Seat 1: Lsalimov (button) (small blind) collected ($6)
Seat 2: Donkasaurus7 (big blind) folded before Flop


PokerStars Hand #146156112733:  Hold'em Limit ($3/$6 USD) - 2015/12/30 2:42:30 ET
Table 'Zeissia' 2-max Seat #2 is the button
Seat 1: Lsalimov ($137 in chips)
Seat 2: Donkasaurus7 ($58.57 in chips)
Donkasaurus7: posts small blind $1
Lsalimov: posts big blind $3
*** HOLE CARDS ***
Donkasaurus7: raises $3 to $6
Lsalimov: raises $3 to $9
Donkasaurus7: calls $3
*** FLOP *** [6c 2d 8h]
Lsalimov: bets $3
Donkasaurus7: raises $3 to $6
Lsalimov: calls $3
*** TURN *** [6c 2d 8h] [Jh]
Lsalimov: checks
Donkasaurus7: bets $6
Lsalimov: raises $6 to $12
Donkasaurus7: calls $6
*** RIVER *** [6c 2d 8h Jh] [5c]
Lsalimov: bets $6
Donkasaurus7: calls $6
*** SHOW DOWN ***
Lsalimov: shows [Ts Js] (a pair of Jacks)
Donkasaurus7: mucks hand
Lsalimov collected $65.50 from pot
*** SUMMARY ***
Total pot $66 | Rake $0.50
Board [6c 2d 8h Jh 5c]
Seat 1: Lsalimov (big blind) showed [Ts Js] and won ($65.50) with a pair of Jacks
Seat 2: Donkasaurus7 (button) (small blind) mucked


PokerStars Hand #146156145730:  Hold'em Limit ($3/$6 USD) - 2015/12/30 2:44:09 ET
Table 'Zeissia' 2-max Seat #2 is the button
Seat 1: Lsalimov ($108.75 in chips)
Seat 2: Donkasaurus7 ($144.46 in chips)
Donkasaurus7: posts small blind $1
Lsalimov: posts big blind $3
*** HOLE CARDS ***
Donkasaurus7: raises $3 to $6
Lsalimov: calls $3
*** FLOP *** [7c Jd Kd]
Lsalimov: checks
Donkasaurus7: bets $3
Lsalimov: folds
Uncalled bet ($3) returned to Donkasaurus7
Donkasaurus7 collected $11.76 from pot
Donkasaurus7: doesn't show hand
*** SUMMARY ***
Total pot $12 | Rake $0.24
Board [7c Jd Kd]
Seat 1: Lsalimov (big blind) folded on the Flop
Seat 2: Donkasaurus7 (button) (small blind) collected ($11.76)


PokerStars Hand #146156132104:  Hold'em Limit ($3/$6 USD) - 2015/12/30 2:43:28 ET
Table 'Zeissia' 2-max Seat #2 is the button
Seat 1: Lsalimov ($149.75 in chips)
Seat 2: Donkasaurus7 ($104.46 in chips)
Donkasaurus7: posts small blind $1
Lsalimov: posts big blind $3
*** HOLE CARDS ***
Donkasaurus7: folds
Uncalled bet ($2) returned to Lsalimov
Lsalimov collected $2 from pot
Lsalimov: doesn't show hand
*** SUMMARY ***
Total pot $2 | Rake $0
Seat 1: Lsalimov (big blind) collected ($2)
Seat 2: Donkasaurus7 (button) (small blind) folded before Flop


PokerStars Hand #146156127034:  Hold'em Limit ($3/$6 USD) - 2015/12/30 2:43:13 ET
Table 'Zeissia' 2-max Seat #1 is the button
Seat 1: Lsalimov ($149.93 in chips)
Seat 2: Donkasaurus7 ($104.64 in chips)
Lsalimov: posts small blind $1
Donkasaurus7: posts big blind $3
*** HOLE CARDS ***
Lsalimov: raises $3 to $6
Donkasaurus7: calls $3
*** FLOP *** [Td 2h 8h]
Donkasaurus7: checks
Lsalimov: bets $3
Donkasaurus7: calls $3
*** TURN *** [Td 2h 8h] [2d]
Donkasaurus7: checks
Lsalimov: checks
*** RIVER *** [Td 2h 8h 2d] [9s]
Donkasaurus7: checks
Lsalimov: checks
*** SHOW DOWN ***
Donkasaurus7: shows [5d Ah] (a pair of Deuces)
Lsalimov: shows [Ad 5s] (a pair of Deuces)
Donkasaurus7 collected $8.82 from pot
Lsalimov collected $8.82 from pot
*** SUMMARY ***
Total pot $18 | Rake $0.36
Board [Td 2h 8h 2d 9s]
Seat 1: Lsalimov (button) (small blind) showed [Ad 5s] and won ($8.82) with a pair of Deuces
Seat 2: Donkasaurus7 (big blind) showed [5d Ah] and won ($8.82) with a pair of Deuces


PokerStars Hand #146156133562:  Hold'em Limit ($3/$6 USD) - 2015/12/30 2:43:33 ET
Table 'Zeissia' 2-max Seat #1 is the button
Seat 1: Lsalimov ($150.75 in chips)
Seat 2: Donkasaurus7 ($103.46 in chips)
Lsalimov: posts small blind $1
Donkasaurus7: posts big blind $3
*** HOLE CARDS ***
Lsalimov: raises $3 to $6
Donkasaurus7: calls $3
*** FLOP *** [2s Ks 5h]
Donkasaurus7: checks
Lsalimov: bets $3
Donkasaurus7: raises $3 to $6
Lsalimov: calls $3
*** TURN *** [2s Ks 5h] [Th]
Donkasaurus7: bets $6
Lsalimov: calls $6
*** RIVER *** [2s Ks 5h Th] [Tc]
Donkasaurus7: bets $6
Lsalimov: calls $6
*** SHOW DOWN ***
Donkasaurus7: shows [5s Kd] (two pair, Kings and Tens)
Lsalimov: mucks hand
Donkasaurus7 collected $47.50 from pot
*** SUMMARY ***
Total pot $48 | Rake $0.50
Board [2s Ks 5h Th Tc]
Seat 1: Lsalimov (button) (small blind) mucked
Seat 2: Donkasaurus7 (big blind) showed [5s Kd] and won ($47.50) with two pair, Kings and Tens


PokerStars Hand #146156144021:  Hold'em Limit ($3/$6 USD) - 2015/12/30 2:44:04 ET
Table 'Zeissia' 2-max Seat #1 is the button
Seat 1: Lsalimov ($105.75 in chips)
Seat 2: Donkasaurus7 ($147.46 in chips)
Lsalimov: posts small blind $1
Donkasaurus7: posts big blind $3
*** HOLE CARDS ***
Lsalimov: raises $3 to $6
Donkasaurus7: folds
Uncalled bet ($3) returned to Lsalimov
Lsalimov collected $6 from pot
Lsalimov: doesn't show hand
*** SUMMARY ***
Total pot $6 | Rake $0
Seat 1: Lsalimov (button) (small blind) collected ($6)
Seat 2: Donkasaurus7 (big blind) folded before Flop


PokerStars Hand #146156138512:  Hold'em Limit ($3/$6 USD) - 2015/12/30 2:43:47 ET
Table 'Zeissia' 2-max Seat #2 is the button
Seat 1: Lsalimov ($126.75 in chips)
Seat 2: Donkasaurus7 ($126.96 in chips)
Donkasaurus7: posts small blind $1
Lsalimov: posts big blind $3
*** HOLE CARDS ***
Donkasaurus7: raises $3 to $6
Lsalimov: raises $3 to $9
Donkasaurus7: raises $3 to $12
Betting is capped
Lsalimov: calls $3
*** FLOP *** [6d Kd 9s]
Lsalimov: checks
Donkasaurus7: bets $3
Lsalimov: calls $3
*** TURN *** [6d Kd 9s] [Qd]
Lsalimov: checks
Donkasaurus7: bets $6
Lsalimov: calls $6
*** RIVER *** [6d Kd 9s Qd] [5d]
Lsalimov: checks
Donkasaurus7: bets $6
Lsalimov: folds
Uncalled bet ($6) returned to Donkasaurus7
Donkasaurus7 collected $41.50 from pot
Donkasaurus7: doesn't show hand
*** SUMMARY ***
Total pot $42 | Rake $0.50
Board [6d Kd 9s Qd 5d]
Seat 1: Lsalimov (big blind) folded on the River
Seat 2: Donkasaurus7 (button) (small blind) collected ($41.50)


PokerStars Hand #146156155058:  Hold'em Limit ($3/$6 USD) - 2015/12/30 2:44:36 ET
Table 'Zeissia' 2-max Seat #2 is the button
Seat 1: Lsalimov ($126.25 in chips)
Seat 2: Donkasaurus7 ($126.22 in chips)
Donkasaurus7: posts small blind $1
Lsalimov: posts big blind $3
*** HOLE CARDS ***
Donkasaurus7: raises $3 to $6
Lsalimov: calls $3
*** FLOP *** [5d 7c 2c]
Lsalimov: checks
Donkasaurus7: bets $3
Lsalimov: folds
Uncalled bet ($3) returned to Donkasaurus7
Donkasaurus7 collected $11.76 from pot
Donkasaurus7: doesn't show hand
*** SUMMARY ***
Total pot $12 | Rake $0.24
Board [5d 7c 2c]
Seat 1: Lsalimov (big blind) folded on the Flop
Seat 2: Donkasaurus7 (button) (small blind) collected ($11.76)


PokerStars Hand #146156148655:  Hold'em Limit ($3/$6 USD) - 2015/12/30 2:44:18 ET
Table 'Zeissia' 2-max Seat #1 is the button
Seat 1: Lsalimov ($102.75 in chips)
Seat 2: Donkasaurus7 ($150.22 in chips)
Lsalimov: posts small blind $1
Donkasaurus7: posts big blind $3
*** HOLE CARDS ***
Lsalimov: raises $3 to $6
Donkasaurus7: raises $3 to $9
Lsalimov: calls $3
*** FLOP *** [7c Jd Jh]
Donkasaurus7: bets $3
Lsalimov: calls $3
*** TURN *** [7c Jd Jh] [Tc]
Donkasaurus7: checks
Lsalimov: bets $6
Donkasaurus7: calls $6
*** RIVER *** [7c Jd Jh Tc] [7d]
Donkasaurus7: checks
Lsalimov: bets $6
Donkasaurus7: calls $6
*** SHOW DOWN ***
Lsalimov: shows [Ah Th] (two pair, Jacks and Tens)
Donkasaurus7: mucks hand
Lsalimov collected $47.50 from pot
*** SUMMARY ***
Total pot $48 | Rake $0.50
Board [7c Jd Jh Tc 7d]
Seat 1: Lsalimov (button) (small blind) showed [Ah Th] and won ($47.50) with two pair, Jacks and Tens
Seat 2: Donkasaurus7 (big blind) mucked


PokerStars Hand #146156169012:  Hold'em Limit ($3/$6 USD) - 2015/12/30 2:45:18 ET
Table 'Zeissia' 2-max Seat #1 is the button
Seat 1: Lsalimov ($131.75 in chips)
Seat 2: Donkasaurus7 ($119.62 in chips)
Lsalimov: posts small blind $1
Donkasaurus7: posts big blind $3
*** HOLE CARDS ***
Lsalimov: folds
Uncalled bet ($2) returned to Donkasaurus7
Donkasaurus7 collected $2 from pot
Donkasaurus7: doesn't show hand
*** SUMMARY ***
Total pot $2 | Rake $0
Seat 1: Lsalimov (button) (small blind) folded before Flop
Seat 2: Donkasaurus7 (big blind) collected ($2)


PokerStars Hand #146156162882:  Hold'em Limit ($3/$6 USD) - 2015/12/30 2:45:00 ET
Table 'Zeissia' 2-max Seat #2 is the button
Seat 1: Lsalimov ($111.25 in chips)
Seat 2: Donkasaurus7 ($140.62 in chips)
Donkasaurus7: posts small blind $1
Lsalimov: posts big blind $3
*** HOLE CARDS ***
Donkasaurus7: raises $3 to $6
Lsalimov: calls $3
*** FLOP *** [2d 9c 4h]
Lsalimov: checks
Donkasaurus7: bets $3
Lsalimov: calls $3
*** TURN *** [2d 9c 4h] [Ad]
Lsalimov: checks
Donkasaurus7: checks
*** RIVER *** [2d 9c 4h Ad] [3h]
Lsalimov: checks
Donkasaurus7: bets $6
Lsalimov: raises $6 to $12
Donkasaurus7: calls $6
*** SHOW DOWN ***
Lsalimov: shows [As 5d] (a straight, Ace to Five)
Donkasaurus7: mucks hand
Lsalimov collected $41.50 from pot
*** SUMMARY ***
Total pot $42 | Rake $0.50
Board [2d 9c 4h Ad 3h]
Seat 1: Lsalimov (big blind) showed [As 5d] and won ($41.50) with a straight, Ace to Five
Seat 2: Donkasaurus7 (button) (small blind) mucked


PokerStars Hand #146156157894:  Hold'em Limit ($3/$6 USD) - 2015/12/30 2:44:45 ET
Table 'Zeissia' 2-max Seat #1 is the button
Seat 1: Lsalimov ($120.25 in chips)
Seat 2: Donkasaurus7 ($131.98 in chips)
Lsalimov: posts small blind $1
Donkasaurus7: posts big blind $3
*** HOLE CARDS ***
Lsalimov: raises $3 to $6
Donkasaurus7: calls $3
*** FLOP *** [7c Tc Th]
Donkasaurus7: checks
Lsalimov: bets $3
Donkasaurus7: calls $3
*** TURN *** [7c Tc Th] [9s]
Donkasaurus7: checks
Lsalimov: checks
*** RIVER *** [7c Tc Th 9s] [9c]
Donkasaurus7: checks
Lsalimov: checks
*** SHOW DOWN ***
Donkasaurus7: shows [Ad 3c] (two pair, Tens and Nines)
Lsalimov: mucks hand
Donkasaurus7 collected $17.64 from pot
*** SUMMARY ***
Total pot $18 | Rake $0.36
Board [7c Tc Th 9s 9c]
Seat 1: Lsalimov (button) (small blind) mucked
Seat 2: Donkasaurus7 (big blind) showed [Ad 3c] and won ($17.64) with two pair, Tens and Nines


PokerStars Hand #146156184153:  Hold'em Limit ($3/$6 USD) - 2015/12/30 2:46:04 ET
Table 'Zeissia' 2-max Seat #1 is the button
Seat 1: Lsalimov ($125.39 in chips)
Seat 2: Donkasaurus7 ($125.12 in chips)
Lsalimov: posts small blind $1
Donkasaurus7: posts big blind $3
*** HOLE CARDS ***
Lsalimov: raises $3 to $6
Donkasaurus7: calls $3
*** FLOP *** [3h 3s 8c]
Donkasaurus7: checks
Lsalimov: checks
*** TURN *** [3h 3s 8c] [8d]
Donkasaurus7: checks
Lsalimov: checks
*** RIVER *** [3h 3s 8c 8d] [8h]
Donkasaurus7: checks
Lsalimov: checks
*** SHOW DOWN ***
Donkasaurus7: shows [9c Jc] (a full house, Eights full of Threes)
Lsalimov: shows [Qs 2s] (a full house, Eights full of Threes)
Donkasaurus7 collected $5.88 from pot
Lsalimov collected $5.88 from pot
*** SUMMARY ***
Total pot $12 | Rake $0.24
Board [3h 3s 8c 8d 8h]
Seat 1: Lsalimov (button) (small blind) showed [Qs 2s] and won ($5.88) with a full house, Eights full of Threes
Seat 2: Donkasaurus7 (big blind) showed [9c Jc] and won ($5.88) with a full house, Eights full of Threes


PokerStars Hand #146156170828:  Hold'em Limit ($3/$6 USD) - 2015/12/30 2:45:24 ET
Table 'Zeissia' 2-max Seat #2 is the button
Seat 1: Lsalimov ($130.75 in chips)
Seat 2: Donkasaurus7 ($120.62 in chips)
Donkasaurus7: posts small blind $1
Lsalimov: posts big blind $3
*** HOLE CARDS ***
Donkasaurus7: folds
Uncalled bet ($2) returned to Lsalimov
Lsalimov collected $2 from pot
Lsalimov: doesn't show hand
*** SUMMARY ***
Total pot $2 | Rake $0
Seat 1: Lsalimov (big blind) collected ($2)
Seat 2: Donkasaurus7 (button) (small blind) folded before Flop


PokerStars Hand #146156172411:  Hold'em Limit ($3/$6 USD) - 2015/12/30 2:45:29 ET
Table 'Zeissia' 2-max Seat #1 is the button
Seat 1: Lsalimov ($131.75 in chips)
Seat 2: Donkasaurus7 ($119.62 in chips)
Lsalimov: posts small blind $1
Donkasaurus7: posts big blind $3
*** HOLE CARDS ***
Lsalimov: raises $3 to $6
Donkasaurus7: calls $3
*** FLOP *** [Ah 5s 4s]
Donkasaurus7: checks
Lsalimov: bets $3
Donkasaurus7: calls $3
*** TURN *** [Ah 5s 4s] [Jh]
Donkasaurus7: checks
Lsalimov: bets $6
Donkasaurus7: folds
Uncalled bet ($6) returned to Lsalimov
Lsalimov collected $17.64 from pot
Lsalimov: doesn't show hand
*** SUMMARY ***
Total pot $18 | Rake $0.36
Board [Ah 5s 4s Jh]
Seat 1: Lsalimov (button) (small blind) collected ($17.64)
Seat 2: Donkasaurus7 (big blind) folded on the Turn


PokerStars Hand #146156215015:  Hold'em Limit ($3/$6 USD) - 2015/12/30 2:47:19 ET
Table 'Zeissia' 2-max Seat #2 is the button
Seat 1: Lsalimov ($175.93 in chips)
Seat 2: Donkasaurus7 ($73 in chips)
Donkasaurus7: posts small blind $1
Lsalimov: posts big blind $3
*** HOLE CARDS ***
Donkasaurus7: folds
Uncalled bet ($2) returned to Lsalimov
Lsalimov collected $2 from pot
Lsalimov: doesn't show hand
*** SUMMARY ***
Total pot $2 | Rake $0
Seat 1: Lsalimov (big blind) collected ($2)
Seat 2: Donkasaurus7 (button) (small blind) folded before Flop


PokerStars Hand #146156207925:  Hold'em Limit ($3/$6 USD) - 2015/12/30 2:47:03 ET
Table 'Zeissia' 2-max Seat #1 is the button
Seat 1: Lsalimov ($167.29 in chips)
Seat 2: Donkasaurus7 ($82 in chips)
Lsalimov: posts small blind $1
Donkasaurus7: posts big blind $3
*** HOLE CARDS ***
Lsalimov: raises $3 to $6
Donkasaurus7: calls $3
*** FLOP *** [8h Tc Qd]
Donkasaurus7: checks
Lsalimov: bets $3
Donkasaurus7: calls $3
*** TURN *** [8h Tc Qd] [9h]
Donkasaurus7: checks
Lsalimov: checks
*** RIVER *** [8h Tc Qd 9h] [6s]
Donkasaurus7: checks
Lsalimov: bets $6
Donkasaurus7: folds
Uncalled bet ($6) returned to Lsalimov
Lsalimov collected $17.64 from pot
Lsalimov: doesn't show hand
*** SUMMARY ***
Total pot $18 | Rake $0.36
Board [8h Tc Qd 9h 6s]
Seat 1: Lsalimov (button) (small blind) collected ($17.64)
Seat 2: Donkasaurus7 (big blind) folded on the River


PokerStars Hand #146156188564:  Hold'em Limit ($3/$6 USD) - 2015/12/30 2:46:17 ET
Table 'Zeissia' 2-max Seat #2 is the button
Seat 1: Lsalimov ($125.27 in chips)
Seat 2: Donkasaurus7 ($125 in chips)
Donkasaurus7: posts small blind $1
Lsalimov: posts big blind $3
*** HOLE CARDS ***
Donkasaurus7: raises $3 to $6
Lsalimov: calls $3
*** FLOP *** [Qs 4h As]
Lsalimov: checks
Donkasaurus7: bets $3
Lsalimov: raises $3 to $6
Donkasaurus7: calls $3
*** TURN *** [Qs 4h As] [8c]
Lsalimov: bets $6
Donkasaurus7: folds
Uncalled bet ($6) returned to Lsalimov
Lsalimov collected $23.52 from pot
Lsalimov: doesn't show hand
*** SUMMARY ***
Total pot $24 | Rake $0.48
Board [Qs 4h As 8c]
Seat 1: Lsalimov (big blind) collected ($23.52)
Seat 2: Donkasaurus7 (button) (small blind) folded on the Turn


PokerStars Hand #146156195604:  Hold'em Limit ($3/$6 USD) - 2015/12/30 2:46:38 ET
Table 'Zeissia' 2-max Seat #2 is the button
Seat 1: Lsalimov ($139.79 in chips)
Seat 2: Donkasaurus7 ($110 in chips)
Donkasaurus7: posts small blind $1
Lsalimov: posts big blind $3
*** HOLE CARDS ***
Donkasaurus7: raises $3 to $6
Lsalimov: raises $3 to $9
Donkasaurus7: calls $3
*** FLOP *** [Qd 4d Ah]
Lsalimov: bets $3
Donkasaurus7: calls $3
*** TURN *** [Qd 4d Ah] [8c]
Lsalimov: bets $6
Donkasaurus7: calls $6
*** RIVER *** [Qd 4d Ah 8c] [7c]
Lsalimov: bets $6
Donkasaurus7: calls $6
*** SHOW DOWN ***
Lsalimov: shows [Ac 5c] (a pair of Aces)
Donkasaurus7: mucks hand
Lsalimov collected $47.50 from pot
*** SUMMARY ***
Total pot $48 | Rake $0.50
Board [Qd 4d Ah 8c 7c]
Seat 1: Lsalimov (big blind) showed [Ac 5c] and won ($47.50) with a pair of Aces
Seat 2: Donkasaurus7 (button) (small blind) mucked


PokerStars Hand #146156202470:  Hold'em Limit ($3/$6 USD) - 2015/12/30 2:46:59 ET
Table 'Zeissia' 2-max Seat #2 is the button
Seat 1: Lsalimov ($166.29 in chips)
Seat 2: Donkasaurus7 ($83 in chips)
Donkasaurus7: posts small blind $1
Lsalimov: posts big blind $3
*** HOLE CARDS ***
Donkasaurus7: folds
Uncalled bet ($2) returned to Lsalimov
Lsalimov collected $2 from pot
Lsalimov: doesn't show hand
*** SUMMARY ***
Total pot $2 | Rake $0
Seat 1: Lsalimov (big blind) collected ($2)
Seat 2: Donkasaurus7 (button) (small blind) folded before Flop


PokerStars Hand #146156222664:  Hold'em Limit ($3/$6 USD) - 2015/12/30 2:47:37 ET
Table 'Zeissia' 2-max Seat #2 is the button
Seat 1: Lsalimov ($185.57 in chips)
Seat 2: Donkasaurus7 ($63 in chips)
Donkasaurus7: posts small blind $1
Lsalimov: posts big blind $3
*** HOLE CARDS ***
Donkasaurus7: raises $3 to $6
Lsalimov: raises $3 to $9
Donkasaurus7: calls $3
*** FLOP *** [9s Ac 5c]
Lsalimov: bets $3
Donkasaurus7: calls $3
*** TURN *** [9s Ac 5c] [2h]
Lsalimov: checks
Donkasaurus7: checks
*** RIVER *** [9s Ac 5c 2h] [7d]
Lsalimov: checks
Donkasaurus7: checks
*** SHOW DOWN ***
Lsalimov: shows [Qh Th] (high card Ace)
Donkasaurus7: shows [5d 3d] (a pair of Fives)
Donkasaurus7 collected $23.52 from pot
*** SUMMARY ***
Total pot $24 | Rake $0.48
Board [9s Ac 5c 2h 7d]
Seat 1: Lsalimov (big blind) showed [Qh Th] and lost with high card Ace
Seat 2: Donkasaurus7 (button) (small blind) showed [5d 3d] and won ($23.52) with a pair of Fives


PokerStars Hand #146156229641:  Hold'em Limit ($3/$6 USD) - 2015/12/30 2:47:57 ET
Table 'Zeissia' 2-max Seat #2 is the button
Seat 1: Lsalimov ($176.57 in chips)
Seat 2: Donkasaurus7 ($71.52 in chips)
Donkasaurus7: posts small blind $1
Lsalimov: posts big blind $3
*** HOLE CARDS ***
Donkasaurus7: raises $3 to $6
Lsalimov: folds
Uncalled bet ($3) returned to Donkasaurus7
Donkasaurus7 collected $6 from pot
Donkasaurus7: doesn't show hand
*** SUMMARY ***
Total pot $6 | Rake $0
Seat 1: Lsalimov (big blind) folded before Flop
Seat 2: Donkasaurus7 (button) (small blind) collected ($6)


PokerStars Hand #146156227809:  Hold'em Limit ($3/$6 USD) - 2015/12/30 2:47:52 ET
Table 'Zeissia' 2-max Seat #1 is the button
Seat 1: Lsalimov ($173.57 in chips)
Seat 2: Donkasaurus7 ($74.52 in chips)
Lsalimov: posts small blind $1
Donkasaurus7: posts big blind $3
*** HOLE CARDS ***
Lsalimov: raises $3 to $6
Donkasaurus7: folds
Uncalled bet ($3) returned to Lsalimov
Lsalimov collected $6 from pot
Lsalimov: doesn't show hand
*** SUMMARY ***
Total pot $6 | Rake $0
Seat 1: Lsalimov (button) (small blind) collected ($6)
Seat 2: Donkasaurus7 (big blind) folded before Flop


PokerStars Hand #146156236256:  Hold'em Limit ($3/$6 USD) - 2015/12/30 2:48:17 ET
Table 'Zeissia' 2-max Seat #2 is the button
Seat 1: Lsalimov ($188.07 in chips)
Seat 2: Donkasaurus7 ($59.52 in chips)
Donkasaurus7: posts small blind $1
Lsalimov: posts big blind $3
*** HOLE CARDS ***
Donkasaurus7: folds
Uncalled bet ($2) returned to Lsalimov
Lsalimov collected $2 from pot
Lsalimov: doesn't show hand
*** SUMMARY ***
Total pot $2 | Rake $0
Seat 1: Lsalimov (big blind) collected ($2)
Seat 2: Donkasaurus7 (button) (small blind) folded before Flop


PokerStars Hand #146156231224:  Hold'em Limit ($3/$6 USD) - 2015/12/30 2:48:02 ET
Table 'Zeissia' 2-max Seat #1 is the button
Seat 1: Lsalimov ($173.57 in chips)
Seat 2: Donkasaurus7 ($74.52 in chips)
Lsalimov: posts small blind $1
Donkasaurus7: posts big blind $3
*** HOLE CARDS ***
Lsalimov: raises $3 to $6
Donkasaurus7: calls $3
*** FLOP *** [2s 6s 2c]
Donkasaurus7: checks
Lsalimov: bets $3
Donkasaurus7: calls $3
*** TURN *** [2s 6s 2c] [Qs]
Donkasaurus7: checks
Lsalimov: bets $6
Donkasaurus7: calls $6
*** RIVER *** [2s 6s 2c Qs] [4d]
Donkasaurus7: checks
Lsalimov: checks
*** SHOW DOWN ***
Donkasaurus7: shows [Td 9s] (a pair of Deuces)
Lsalimov: shows [9h Ks] (a pair of Deuces - King kicker)
Lsalimov collected $29.50 from pot
*** SUMMARY ***
Total pot $30 | Rake $0.50
Board [2s 6s 2c Qs 4d]
Seat 1: Lsalimov (button) (small blind) showed [9h Ks] and won ($29.50) with a pair of Deuces
Seat 2: Donkasaurus7 (big blind) showed [Td 9s] and lost with a pair of Deuces


PokerStars Hand #146156250835:  Hold'em Limit ($3/$6 USD) - 2015/12/30 2:49:00 ET
Table 'Zeissia' 2-max Seat #2 is the button
Seat 1: Lsalimov ($170.83 in chips)
Seat 2: Donkasaurus7 ($75.78 in chips)
Donkasaurus7: posts small blind $1
Lsalimov: posts big blind $3
*** HOLE CARDS ***
Donkasaurus7: folds
Uncalled bet ($2) returned to Lsalimov
Lsalimov collected $2 from pot
Lsalimov: doesn't show hand
*** SUMMARY ***
Total pot $2 | Rake $0
Seat 1: Lsalimov (big blind) collected ($2)
Seat 2: Donkasaurus7 (button) (small blind) folded before Flop


PokerStars Hand #146156245556:  Hold'em Limit ($3/$6 USD) - 2015/12/30 2:48:45 ET
Table 'Zeissia' 2-max Seat #1 is the button
Seat 1: Lsalimov ($188.83 in chips)
Seat 2: Donkasaurus7 ($58.28 in chips)
Lsalimov: posts small blind $1
Donkasaurus7: posts big blind $3
*** HOLE CARDS ***
Lsalimov: raises $3 to $6
Donkasaurus7: raises $3 to $9
Lsalimov: calls $3
*** FLOP *** [Kc 2c 6d]
Donkasaurus7: bets $3
Lsalimov: calls $3
*** TURN *** [Kc 2c 6d] [Qs]
Donkasaurus7: checks
Lsalimov: checks
*** RIVER *** [Kc 2c 6d Qs] [7d]
Donkasaurus7: bets $6
Lsalimov: calls $6
*** SHOW DOWN ***
Donkasaurus7: shows [Td Th] (a pair of Tens)
Lsalimov: mucks hand
Donkasaurus7 collected $35.50 from pot
*** SUMMARY ***
Total pot $36 | Rake $0.50
Board [Kc 2c 6d Qs 7d]
Seat 1: Lsalimov (button) (small blind) mucked
Seat 2: Donkasaurus7 (big blind) showed [Td Th] and won ($35.50) with a pair of Tens


PokerStars Hand #146156241100:  Hold'em Limit ($3/$6 USD) - 2015/12/30 2:48:31 ET
Table 'Zeissia' 2-max Seat #2 is the button
Seat 1: Lsalimov ($194.83 in chips)
Seat 2: Donkasaurus7 ($52.52 in chips)
Donkasaurus7: posts small blind $1
Lsalimov: posts big blind $3
*** HOLE CARDS ***
Donkasaurus7: raises $3 to $6
Lsalimov: calls $3
*** FLOP *** [Kh Ah 7h]
Lsalimov: checks
Donkasaurus7: checks
*** TURN *** [Kh Ah 7h] [5d]
Lsalimov: checks
Donkasaurus7: bets $6
Lsalimov: folds
Uncalled bet ($6) returned to Donkasaurus7
Donkasaurus7 collected $11.76 from pot
Donkasaurus7: doesn't show hand
*** SUMMARY ***
Total pot $12 | Rake $0.24
Board [Kh Ah 7h 5d]
Seat 1: Lsalimov (big blind) folded on the Turn
Seat 2: Donkasaurus7 (button) (small blind) collected ($11.76)


PokerStars Hand #146156237550:  Hold'em Limit ($3/$6 USD) - 2015/12/30 2:48:21 ET
Table 'Zeissia' 2-max Seat #1 is the button
Seat 1: Lsalimov ($189.07 in chips)
Seat 2: Donkasaurus7 ($58.52 in chips)
Lsalimov: posts small blind $1
Donkasaurus7: posts big blind $3
*** HOLE CARDS ***
Lsalimov: raises $3 to $6
Donkasaurus7: calls $3
*** FLOP *** [Ac 9s 7s]
Donkasaurus7: checks
Lsalimov: bets $3
Donkasaurus7: folds
Uncalled bet ($3) returned to Lsalimov
Lsalimov collected $11.76 from pot
Lsalimov: doesn't show hand
*** SUMMARY ***
Total pot $12 | Rake $0.24
Board [Ac 9s 7s]
Seat 1: Lsalimov (button) (small blind) collected ($11.76)
Seat 2: Donkasaurus7 (big blind) folded on the Flop


PokerStars Hand #146156252458:  Hold'em Limit ($3/$6 USD) - 2015/12/30 2:49:05 ET
Table 'Zeissia' 2-max Seat #1 is the button
Seat 1: Lsalimov ($171.83 in chips)
Seat 2: Donkasaurus7 ($74.78 in chips)
Lsalimov: posts small blind $1
Donkasaurus7: posts big blind $3
*** HOLE CARDS ***
Lsalimov: raises $3 to $6
Donkasaurus7: raises $3 to $9
Lsalimov: calls $3
*** FLOP *** [Qd 6d 6h]
Donkasaurus7: bets $3
Lsalimov: raises $3 to $6
Donkasaurus7: folds
Uncalled bet ($3) returned to Lsalimov
Lsalimov collected $23.52 from pot
Lsalimov: doesn't show hand
*** SUMMARY ***
Total pot $24 | Rake $0.48
Board [Qd 6d 6h]
Seat 1: Lsalimov (button) (small blind) collected ($23.52)
Seat 2: Donkasaurus7 (big blind) folded on the Flop


PokerStars Hand #146156277289:  Hold'em Limit ($3/$6 USD) - 2015/12/30 2:50:19 ET
Table 'Zeissia' 2-max Seat #2 is the button
Seat 1: Lsalimov ($182.61 in chips)
Seat 2: Donkasaurus7 ($61.92 in chips)
Donkasaurus7: posts small blind $1
Lsalimov: posts big blind $3
*** HOLE CARDS ***
Donkasaurus7: folds
Uncalled bet ($2) returned to Lsalimov
Lsalimov collected $2 from pot
Lsalimov: doesn't show hand
*** SUMMARY ***
Total pot $2 | Rake $0
Seat 1: Lsalimov (big blind) collected ($2)
Seat 2: Donkasaurus7 (button) (small blind) folded before Flop


PokerStars Hand #146156269844:  Hold'em Limit ($3/$6 USD) - 2015/12/30 2:49:57 ET
Table 'Zeissia' 2-max Seat #1 is the button
Seat 1: Lsalimov ($197.61 in chips)
Seat 2: Donkasaurus7 ($47.42 in chips)
Lsalimov: posts small blind $1
Donkasaurus7: posts big blind $3
*** HOLE CARDS ***
Lsalimov: raises $3 to $6
Donkasaurus7: raises $3 to $9
Lsalimov: calls $3
*** FLOP *** [2c Ah 9d]
Donkasaurus7: bets $3
Lsalimov: raises $3 to $6
Donkasaurus7: calls $3
*** TURN *** [2c Ah 9d] [2d]
Donkasaurus7: checks
Lsalimov: checks
*** RIVER *** [2c Ah 9d 2d] [3d]
Donkasaurus7: bets $6
Lsalimov: folds
Uncalled bet ($6) returned to Donkasaurus7
Donkasaurus7 collected $29.50 from pot
Donkasaurus7: doesn't show hand
*** SUMMARY ***
Total pot $30 | Rake $0.50
Board [2c Ah 9d 2d 3d]
Seat 1: Lsalimov (button) (small blind) folded on the River
Seat 2: Donkasaurus7 (big blind) collected ($29.50)


PokerStars Hand #146156260498:  Hold'em Limit ($3/$6 USD) - 2015/12/30 2:49:29 ET
Table 'Zeissia' 2-max Seat #1 is the button
Seat 1: Lsalimov ($189.11 in chips)
Seat 2: Donkasaurus7 ($56.78 in chips)
Lsalimov: posts small blind $1
Donkasaurus7: posts big blind $3
*** HOLE CARDS ***
Lsalimov: raises $3 to $6
Donkasaurus7: calls $3
*** FLOP *** [4s 7c Qd]
Donkasaurus7: checks
Lsalimov: bets $3
Donkasaurus7: calls $3
*** TURN *** [4s 7c Qd] [8h]
Donkasaurus7: checks
Lsalimov: checks
*** RIVER *** [4s 7c Qd 8h] [5h]
Donkasaurus7: bets $6
Lsalimov: folds
Uncalled bet ($6) returned to Donkasaurus7
Donkasaurus7 collected $17.64 from pot
Donkasaurus7: doesn't show hand
*** SUMMARY ***
Total pot $18 | Rake $0.36
Board [4s 7c Qd 8h 5h]
Seat 1: Lsalimov (button) (small blind) folded on the River
Seat 2: Donkasaurus7 (big blind) collected ($17.64)


PokerStars Hand #146156264768:  Hold'em Limit ($3/$6 USD) - 2015/12/30 2:49:41 ET
Table 'Zeissia' 2-max Seat #2 is the button
Seat 1: Lsalimov ($180.11 in chips)
Seat 2: Donkasaurus7 ($65.42 in chips)
Donkasaurus7: posts small blind $1
Lsalimov: posts big blind $3
*** HOLE CARDS ***
Donkasaurus7: raises $3 to $6
Lsalimov: calls $3
*** FLOP *** [5s Kh Qs]
Lsalimov: checks
Donkasaurus7: checks
*** TURN *** [5s Kh Qs] [Ks]
Lsalimov: bets $6
Donkasaurus7: calls $6
*** RIVER *** [5s Kh Qs Ks] [Ah]
Lsalimov: bets $6
Donkasaurus7: calls $6
*** SHOW DOWN ***
Lsalimov: shows [Kc 3d] (three of a kind, Kings)
Donkasaurus7: mucks hand
Lsalimov collected $35.50 from pot
*** SUMMARY ***
Total pot $36 | Rake $0.50
Board [5s Kh Qs Ks Ah]
Seat 1: Lsalimov (big blind) showed [Kc 3d] and won ($35.50) with three of a kind, Kings
Seat 2: Donkasaurus7 (button) (small blind) mucked


PokerStars Hand #146156256302:  Hold'em Limit ($3/$6 USD) - 2015/12/30 2:49:16 ET
Table 'Zeissia' 2-max Seat #2 is the button
Seat 1: Lsalimov ($183.35 in chips)
Seat 2: Donkasaurus7 ($62.78 in chips)
Donkasaurus7: posts small blind $1
Lsalimov: posts big blind $3
*** HOLE CARDS ***
Donkasaurus7: raises $3 to $6
Lsalimov: calls $3
*** FLOP *** [8h 5d 3s]
Lsalimov: checks
Donkasaurus7: checks
*** TURN *** [8h 5d 3s] [2s]
Lsalimov: checks
Donkasaurus7: checks
*** RIVER *** [8h 5d 3s 2s] [3c]
Lsalimov: checks
Donkasaurus7: checks
*** SHOW DOWN ***
Lsalimov: shows [Kc 6h] (a pair of Threes)
Donkasaurus7: mucks hand
Lsalimov collected $11.76 from pot
*** SUMMARY ***
Total pot $12 | Rake $0.24
Board [8h 5d 3s 2s 3c]
Seat 1: Lsalimov (big blind) showed [Kc 6h] and won ($11.76) with a pair of Threes
Seat 2: Donkasaurus7 (button) (small blind) mucked


PokerStars Hand #146156284076:  Hold'em Limit ($3/$6 USD) - 2015/12/30 2:50:39 ET
Table 'Zeissia' 2-max Seat #2 is the button
Seat 1: Lsalimov ($195.13 in chips)
Seat 2: Donkasaurus7 ($48.92 in chips)
Donkasaurus7: posts small blind $1
Lsalimov: posts big blind $3
*** HOLE CARDS ***
Donkasaurus7: raises $3 to $6
Lsalimov: folds
Uncalled bet ($3) returned to Donkasaurus7
Donkasaurus7 collected $6 from pot
Donkasaurus7: doesn't show hand
*** SUMMARY ***
Total pot $6 | Rake $0
Seat 1: Lsalimov (big blind) folded before Flop
Seat 2: Donkasaurus7 (button) (small blind) collected ($6)


PokerStars Hand #146156278760:  Hold'em Limit ($3/$6 USD) - 2015/12/30 2:50:23 ET
Table 'Zeissia' 2-max Seat #1 is the button
Seat 1: Lsalimov ($183.61 in chips)
Seat 2: Donkasaurus7 ($60.92 in chips)
Lsalimov: posts small blind $1
Donkasaurus7: posts big blind $3
*** HOLE CARDS ***
Lsalimov: raises $3 to $6
Donkasaurus7: calls $3
*** FLOP *** [7h Ad 5d]
Donkasaurus7: checks
Lsalimov: bets $3
Donkasaurus7: raises $3 to $6
Lsalimov: calls $3
*** TURN *** [7h Ad 5d] [7c]
Donkasaurus7: checks
Lsalimov: checks
*** RIVER *** [7h Ad 5d 7c] [2c]
Donkasaurus7: checks
Lsalimov: checks
*** SHOW DOWN ***
Donkasaurus7: shows [6s 4c] (a pair of Sevens)
Lsalimov: shows [Qh Th] (a pair of Sevens - Ace+Queen kicker)
Lsalimov collected $23.52 from pot
*** SUMMARY ***
Total pot $24 | Rake $0.48
Board [7h Ad 5d 7c 2c]
Seat 1: Lsalimov (button) (small blind) showed [Qh Th] and won ($23.52) with a pair of Sevens
Seat 2: Donkasaurus7 (big blind) showed [6s 4c] and lost with a pair of Sevens


PokerStars Hand #146156291261:  Hold'em Limit ($3/$6 USD) - 2015/12/30 2:51:00 ET
Table 'Zeissia' 2-max Seat #2 is the button
Seat 1: Lsalimov ($180.13 in chips)
Seat 2: Donkasaurus7 ($63.44 in chips)
Donkasaurus7: posts small blind $1
Lsalimov: posts big blind $3
*** HOLE CARDS ***
Donkasaurus7: raises $3 to $6
Lsalimov: folds
Uncalled bet ($3) returned to Donkasaurus7
Donkasaurus7 collected $6 from pot
Donkasaurus7: doesn't show hand
*** SUMMARY ***
Total pot $6 | Rake $0
Seat 1: Lsalimov (big blind) folded before Flop
Seat 2: Donkasaurus7 (button) (small blind) collected ($6)


PokerStars Hand #146156285790:  Hold'em Limit ($3/$6 USD) - 2015/12/30 2:50:44 ET
Table 'Zeissia' 2-max Seat #1 is the button
Seat 1: Lsalimov ($192.13 in chips)
Seat 2: Donkasaurus7 ($51.92 in chips)
Lsalimov: posts small blind $1
Donkasaurus7: posts big blind $3
*** HOLE CARDS ***
Lsalimov: raises $3 to $6
Donkasaurus7: calls $3
*** FLOP *** [7s 9s 3h]
Donkasaurus7: checks
Lsalimov: checks
*** TURN *** [7s 9s 3h] [4h]
Donkasaurus7: bets $6
Lsalimov: calls $6
*** RIVER *** [7s 9s 3h 4h] [9c]
Donkasaurus7: bets $6
Lsalimov: folds
Uncalled bet ($6) returned to Donkasaurus7
Donkasaurus7 collected $23.52 from pot
Donkasaurus7: doesn't show hand
*** SUMMARY ***
Total pot $24 | Rake $0.48
Board [7s 9s 3h 4h 9c]
Seat 1: Lsalimov (button) (small blind) folded on the River
Seat 2: Donkasaurus7 (big blind) collected ($23.52)


PokerStars Hand #146156293510:  Hold'em Limit ($3/$6 USD) - 2015/12/30 2:51:06 ET
Table 'Zeissia' 2-max Seat #1 is the button
Seat 1: Lsalimov ($177.13 in chips)
Seat 2: Donkasaurus7 ($66.44 in chips)
Lsalimov: posts small blind $1
Donkasaurus7: posts big blind $3
*** HOLE CARDS ***
Lsalimov: raises $3 to $6
Donkasaurus7: calls $3
*** FLOP *** [2s 7s 6d]
Donkasaurus7: checks
Lsalimov: checks
*** TURN *** [2s 7s 6d] [Th]
Donkasaurus7: checks
Lsalimov: checks
*** RIVER *** [2s 7s 6d Th] [Jh]
Donkasaurus7: checks
Lsalimov: bets $6
Donkasaurus7: folds
Uncalled bet ($6) returned to Lsalimov
Lsalimov collected $11.76 from pot
Lsalimov: doesn't show hand
*** SUMMARY ***
Total pot $12 | Rake $0.24
Board [2s 7s 6d Th Jh]
Seat 1: Lsalimov (button) (small blind) collected ($11.76)
Seat 2: Donkasaurus7 (big blind) folded on the River


PokerStars Hand #146156315698:  Hold'em Limit ($3/$6 USD) - 2015/12/30 2:52:11 ET
Table 'Zeissia' 2-max Seat #1 is the button
Seat 1: Lsalimov ($215.03 in chips)
Seat 2: Donkasaurus7 ($27.20 in chips)
Lsalimov: posts small blind $1
Donkasaurus7: posts big blind $3
*** HOLE CARDS ***
Lsalimov: raises $3 to $6
Donkasaurus7: calls $3
*** FLOP *** [9h Th 2s]
Donkasaurus7: checks
Lsalimov: bets $3
Donkasaurus7: folds
Uncalled bet ($3) returned to Lsalimov
Lsalimov collected $11.76 from pot
Lsalimov: doesn't show hand
*** SUMMARY ***
Total pot $12 | Rake $0.24
Board [9h Th 2s]
Seat 1: Lsalimov (button) (small blind) collected ($11.76)
Seat 2: Donkasaurus7 (big blind) folded on the Flop


PokerStars Hand #146156314094:  Hold'em Limit ($3/$6 USD) - 2015/12/30 2:52:07 ET
Table 'Zeissia' 2-max Seat #2 is the button
Seat 1: Lsalimov ($218.03 in chips)
Seat 2: Donkasaurus7 ($24.20 in chips)
Donkasaurus7: posts small blind $1
Lsalimov: posts big blind $3
*** HOLE CARDS ***
Donkasaurus7: raises $3 to $6
Lsalimov: folds
Uncalled bet ($3) returned to Donkasaurus7
Donkasaurus7 collected $6 from pot
Donkasaurus7: doesn't show hand
*** SUMMARY ***
Total pot $6 | Rake $0
Seat 1: Lsalimov (big blind) folded before Flop
Seat 2: Donkasaurus7 (button) (small blind) collected ($6)


PokerStars Hand #146156310445:  Hold'em Limit ($3/$6 USD) - 2015/12/30 2:51:56 ET
Table 'Zeissia' 2-max Seat #1 is the button
Seat 1: Lsalimov ($224.03 in chips)
Seat 2: Donkasaurus7 ($18.44 in chips)
Lsalimov: posts small blind $1
Donkasaurus7: posts big blind $3
*** HOLE CARDS ***
Lsalimov: raises $3 to $6
Donkasaurus7: calls $3
*** FLOP *** [7h 8c 5h]
Donkasaurus7: checks
Lsalimov: checks
*** TURN *** [7h 8c 5h] [5d]
Donkasaurus7: bets $6
Lsalimov: folds
Uncalled bet ($6) returned to Donkasaurus7
Donkasaurus7 collected $11.76 from pot
Donkasaurus7: doesn't show hand
*** SUMMARY ***
Total pot $12 | Rake $0.24
Board [7h 8c 5h 5d]
Seat 1: Lsalimov (button) (small blind) folded on the Turn
Seat 2: Donkasaurus7 (big blind) collected ($11.76)


PokerStars Hand #146156301368:  Hold'em Limit ($3/$6 USD) - 2015/12/30 2:51:30 ET
Table 'Zeissia' 2-max Seat #1 is the button
Seat 1: Lsalimov ($191.53 in chips)
Seat 2: Donkasaurus7 ($51.44 in chips)
Lsalimov: posts small blind $1
Donkasaurus7: posts big blind $3
*** HOLE CARDS ***
Lsalimov: raises $3 to $6
Donkasaurus7: folds
Uncalled bet ($3) returned to Lsalimov
Lsalimov collected $6 from pot
Lsalimov: doesn't show hand
*** SUMMARY ***
Total pot $6 | Rake $0
Seat 1: Lsalimov (button) (small blind) collected ($6)
Seat 2: Donkasaurus7 (big blind) folded before Flop


PokerStars Hand #146156298274:  Hold'em Limit ($3/$6 USD) - 2015/12/30 2:51:20 ET
Table 'Zeissia' 2-max Seat #2 is the button
Seat 1: Lsalimov ($182.89 in chips)
Seat 2: Donkasaurus7 ($60.44 in chips)
Donkasaurus7: posts small blind $1
Lsalimov: posts big blind $3
*** HOLE CARDS ***
Donkasaurus7: raises $3 to $6
Lsalimov: raises $3 to $9
Donkasaurus7: calls $3
*** FLOP *** [3c 7h As]
Lsalimov: bets $3
Donkasaurus7: folds
Uncalled bet ($3) returned to Lsalimov
Lsalimov collected $17.64 from pot
Lsalimov: doesn't show hand
*** SUMMARY ***
Total pot $18 | Rake $0.36
Board [3c 7h As]
Seat 1: Lsalimov (big blind) collected ($17.64)
Seat 2: Donkasaurus7 (button) (small blind) folded on the Flop


PokerStars Hand #146156303075:  Hold'em Limit ($3/$6 USD) - 2015/12/30 2:51:35 ET
Table 'Zeissia' 2-max Seat #2 is the button
Seat 1: Lsalimov ($194.53 in chips)
Seat 2: Donkasaurus7 ($48.44 in chips)
Donkasaurus7: posts small blind $1
Lsalimov: posts big blind $3
*** HOLE CARDS ***
Donkasaurus7: raises $3 to $6
Lsalimov: raises $3 to $9
Donkasaurus7: calls $3
*** FLOP *** [Ad 8s 6h]
Lsalimov: bets $3
Donkasaurus7: calls $3
*** TURN *** [Ad 8s 6h] [5d]
Lsalimov: bets $6
Donkasaurus7: calls $6
*** RIVER *** [Ad 8s 6h 5d] [4h]
Lsalimov: checks
Donkasaurus7: bets $6
Lsalimov: raises $6 to $12
Donkasaurus7: calls $6
*** SHOW DOWN ***
Lsalimov: shows [7d 7h] (a straight, Four to Eight)
Donkasaurus7: mucks hand
Lsalimov collected $59.50 from pot
*** SUMMARY ***
Total pot $60 | Rake $0.50
Board [Ad 8s 6h 5d 4h]
Seat 1: Lsalimov (big blind) showed [7d 7h] and won ($59.50) with a straight, Four to Eight
Seat 2: Donkasaurus7 (button) (small blind) mucked


PokerStars Hand #146156325176:  Hold'em Limit ($3/$6 USD) - 2015/12/30 2:52:39 ET
Table 'Zeissia' 2-max Seat #2 is the button
Seat 1: Lsalimov ($220.55 in chips)
Seat 2: Donkasaurus7 ($20.96 in chips)
Donkasaurus7: posts small blind $1
Lsalimov: posts big blind $3
*** HOLE CARDS ***
Donkasaurus7: raises $3 to $6
Lsalimov: folds
Uncalled bet ($3) returned to Donkasaurus7
Donkasaurus7 collected $6 from pot
Donkasaurus7: doesn't show hand
*** SUMMARY ***
Total pot $6 | Rake $0
Seat 1: Lsalimov (big blind) folded before Flop
Seat 2: Donkasaurus7 (button) (small blind) collected ($6)


PokerStars Hand #146156322244:  Hold'em Limit ($3/$6 USD) - 2015/12/30 2:52:30 ET
Table 'Zeissia' 2-max Seat #1 is the button
Seat 1: Lsalimov ($214.79 in chips)
Seat 2: Donkasaurus7 ($26.96 in chips)
Lsalimov: posts small blind $1
Donkasaurus7: posts big blind $3
*** HOLE CARDS ***
Lsalimov: raises $3 to $6
Donkasaurus7: calls $3
*** FLOP *** [Ad 6h Td]
Donkasaurus7: checks
Lsalimov: bets $3
Donkasaurus7: folds
Uncalled bet ($3) returned to Lsalimov
Lsalimov collected $11.76 from pot
Lsalimov: doesn't show hand
*** SUMMARY ***
Total pot $12 | Rake $0.24
Board [Ad 6h Td]
Seat 1: Lsalimov (button) (small blind) collected ($11.76)
Seat 2: Donkasaurus7 (big blind) folded on the Flop


PokerStars Hand #146156318493:  Hold'em Limit ($3/$6 USD) - 2015/12/30 2:52:20 ET
Table 'Zeissia' 2-max Seat #2 is the button
Seat 1: Lsalimov ($220.79 in chips)
Seat 2: Donkasaurus7 ($21.20 in chips)
Donkasaurus7: posts small blind $1
Lsalimov: posts big blind $3
*** HOLE CARDS ***
Donkasaurus7: raises $3 to $6
Lsalimov: calls $3
*** FLOP *** [8s 3h Ad]
Lsalimov: checks
Donkasaurus7: bets $3
Lsalimov: folds
Uncalled bet ($3) returned to Donkasaurus7
Donkasaurus7 collected $11.76 from pot
Donkasaurus7: doesn't show hand
*** SUMMARY ***
Total pot $12 | Rake $0.24
Board [8s 3h Ad]
Seat 1: Lsalimov (big blind) folded on the Flop
Seat 2: Donkasaurus7 (button) (small blind) collected ($11.76)


PokerStars Hand #146156332734:  Hold'em Limit ($3/$6 USD) - 2015/12/30 2:53:01 ET
Table 'Zeissia' 2-max Seat #1 is the button
Seat 1: Lsalimov ($208.55 in chips)
Seat 2: Donkasaurus7 ($32.48 in chips)
Lsalimov: posts small blind $1
Donkasaurus7: posts big blind $3
*** HOLE CARDS ***
Lsalimov: raises $3 to $6
Donkasaurus7: calls $3
*** FLOP *** [7h Kd Qc]
Donkasaurus7: checks
Lsalimov: bets $3
Donkasaurus7: calls $3
*** TURN *** [7h Kd Qc] [Ah]
Donkasaurus7: checks
Lsalimov: checks
*** RIVER *** [7h Kd Qc Ah] [Jd]
Donkasaurus7: checks
Lsalimov: checks
*** SHOW DOWN ***
Donkasaurus7: shows [9h Qd] (a pair of Queens)
Lsalimov: mucks hand
Donkasaurus7 collected $17.64 from pot
*** SUMMARY ***
Total pot $18 | Rake $0.36
Board [7h Kd Qc Ah Jd]
Seat 1: Lsalimov (button) (small blind) mucked
Seat 2: Donkasaurus7 (big blind) showed [9h Qd] and won ($17.64) with a pair of Queens


PokerStars Hand #146156326916:  Hold'em Limit ($3/$6 USD) - 2015/12/30 2:52:44 ET
Table 'Zeissia' 2-max Seat #1 is the button
Seat 1: Lsalimov ($217.55 in chips)
Seat 2: Donkasaurus7 ($23.96 in chips)
Lsalimov: posts small blind $1
Donkasaurus7: posts big blind $3
*** HOLE CARDS ***
Lsalimov: raises $3 to $6
Donkasaurus7: folds
Uncalled bet ($3) returned to Lsalimov
Lsalimov collected $6 from pot
Lsalimov: doesn't show hand
*** SUMMARY ***
Total pot $6 | Rake $0
Seat 1: Lsalimov (button) (small blind) collected ($6)
Seat 2: Donkasaurus7 (big blind) folded before Flop


PokerStars Hand #146156337269:  Hold'em Limit ($3/$6 USD) - 2015/12/30 2:53:15 ET
Table 'Zeissia' 2-max Seat #2 is the button
Seat 1: Lsalimov ($199.55 in chips)
Seat 2: Donkasaurus7 ($41.12 in chips)
Donkasaurus7: posts small blind $1
Lsalimov: posts big blind $3
*** HOLE CARDS ***
Donkasaurus7: raises $3 to $6
Lsalimov: raises $3 to $9
Donkasaurus7: calls $3
*** FLOP *** [Jd Ts Qs]
Lsalimov: bets $3
Donkasaurus7: calls $3
*** TURN *** [Jd Ts Qs] [3h]
Lsalimov: bets $6
Donkasaurus7: calls $6
*** RIVER *** [Jd Ts Qs 3h] [6h]
Lsalimov: checks
Donkasaurus7: checks
*** SHOW DOWN ***
Lsalimov: shows [Td Ad] (a pair of Tens)
Donkasaurus7: mucks hand
Lsalimov collected $35.50 from pot
*** SUMMARY ***
Total pot $36 | Rake $0.50
Board [Jd Ts Qs 3h 6h]
Seat 1: Lsalimov (big blind) showed [Td Ad] and won ($35.50) with a pair of Tens
Seat 2: Donkasaurus7 (button) (small blind) mucked


PokerStars Hand #146156347026:  Hold'em Limit ($3/$6 USD) - 2015/12/30 2:53:43 ET
Table 'Zeissia' 2-max Seat #2 is the button
Seat 1: Lsalimov ($208.05 in chips)
Seat 2: Donkasaurus7 ($31.76 in chips)
Donkasaurus7: posts small blind $1
Lsalimov: posts big blind $3
*** HOLE CARDS ***
Donkasaurus7: raises $3 to $6
Lsalimov: calls $3
*** FLOP *** [4s 5c Kd]
Lsalimov: checks
Donkasaurus7: checks
*** TURN *** [4s 5c Kd] [Td]
Lsalimov: checks
Donkasaurus7: checks
*** RIVER *** [4s 5c Kd Td] [4h]
Lsalimov: bets $6
Donkasaurus7: calls $6
*** SHOW DOWN ***
Lsalimov: shows [8h 7c] (a pair of Fours)
Donkasaurus7: shows [Jh Ah] (a pair of Fours - Ace kicker)
Donkasaurus7 collected $23.52 from pot
*** SUMMARY ***
Total pot $24 | Rake $0.48
Board [4s 5c Kd Td 4h]
Seat 1: Lsalimov (big blind) showed [8h 7c] and lost with a pair of Fours
Seat 2: Donkasaurus7 (button) (small blind) showed [Jh Ah] and won ($23.52) with a pair of Fours


PokerStars Hand #146156351468:  Hold'em Limit ($3/$6 USD) - 2015/12/30 2:53:56 ET
Table 'Zeissia' 2-max Seat #1 is the button
Seat 1: Lsalimov ($196.05 in chips)
Seat 2: Donkasaurus7 ($43.28 in chips)
Lsalimov: posts small blind $1
Donkasaurus7: posts big blind $3
*** HOLE CARDS ***
Lsalimov: raises $3 to $6
Donkasaurus7: calls $3
*** FLOP *** [Ks 9h Kd]
Donkasaurus7: checks
Lsalimov: bets $3
Donkasaurus7: folds
Uncalled bet ($3) returned to Lsalimov
Lsalimov collected $11.76 from pot
Lsalimov: doesn't show hand
*** SUMMARY ***
Total pot $12 | Rake $0.24
Board [Ks 9h Kd]
Seat 1: Lsalimov (button) (small blind) collected ($11.76)
Seat 2: Donkasaurus7 (big blind) folded on the Flop


PokerStars Hand #146156342442:  Hold'em Limit ($3/$6 USD) - 2015/12/30 2:53:30 ET
Table 'Zeissia' 2-max Seat #1 is the button
Seat 1: Lsalimov ($217.05 in chips)
Seat 2: Donkasaurus7 ($23.12 in chips)
Lsalimov: posts small blind $1
Donkasaurus7: posts big blind $3
*** HOLE CARDS ***
Lsalimov: raises $3 to $6
Donkasaurus7: calls $3
*** FLOP *** [3c Ks 3d]
Donkasaurus7: checks
Lsalimov: bets $3
Donkasaurus7: calls $3
*** TURN *** [3c Ks 3d] [Qd]
Donkasaurus7: checks
Lsalimov: checks
*** RIVER *** [3c Ks 3d Qd] [4d]
Donkasaurus7: bets $6
Lsalimov: folds
Uncalled bet ($6) returned to Donkasaurus7
Donkasaurus7 collected $17.64 from pot
Donkasaurus7: doesn't show hand
*** SUMMARY ***
Total pot $18 | Rake $0.36
Board [3c Ks 3d Qd 4d]
Seat 1: Lsalimov (button) (small blind) folded on the River
Seat 2: Donkasaurus7 (big blind) collected ($17.64)


PokerStars Hand #146156371160:  Hold'em Limit ($3/$6 USD) - 2015/12/30 2:54:55 ET
Table 'Zeissia' 2-max Seat #1 is the button
Seat 1: Lsalimov ($204.31 in chips)
Seat 2: Donkasaurus7 ($33.80 in chips)
Lsalimov: posts small blind $1
Donkasaurus7: posts big blind $3
*** HOLE CARDS ***
Lsalimov: raises $3 to $6
Donkasaurus7: raises $3 to $9
Lsalimov: calls $3
*** FLOP *** [Ks Kc 6d]
Donkasaurus7: bets $3
Lsalimov: folds
Uncalled bet ($3) returned to Donkasaurus7
Donkasaurus7 collected $17.64 from pot
Donkasaurus7: doesn't show hand
*** SUMMARY ***
Total pot $18 | Rake $0.36
Board [Ks Kc 6d]
Seat 1: Lsalimov (button) (small blind) folded on the Flop
Seat 2: Donkasaurus7 (big blind) collected ($17.64)


PokerStars Hand #146156369180:  Hold'em Limit ($3/$6 USD) - 2015/12/30 2:54:49 ET
Table 'Zeissia' 2-max Seat #2 is the button
Seat 1: Lsalimov ($207.31 in chips)
Seat 2: Donkasaurus7 ($30.80 in chips)
Donkasaurus7: posts small blind $1
Lsalimov: posts big blind $3
*** HOLE CARDS ***
Donkasaurus7: raises $3 to $6
Lsalimov: folds
Uncalled bet ($3) returned to Donkasaurus7
Donkasaurus7 collected $6 from pot
Donkasaurus7: doesn't show hand
*** SUMMARY ***
Total pot $6 | Rake $0
Seat 1: Lsalimov (big blind) folded before Flop
Seat 2: Donkasaurus7 (button) (small blind) collected ($6)


PokerStars Hand #146156367620:  Hold'em Limit ($3/$6 USD) - 2015/12/30 2:54:45 ET
Table 'Zeissia' 2-max Seat #1 is the button
Seat 1: Lsalimov ($204.31 in chips)
Seat 2: Donkasaurus7 ($33.80 in chips)
Lsalimov: posts small blind $1
Donkasaurus7: posts big blind $3
*** HOLE CARDS ***
Lsalimov: raises $3 to $6
Donkasaurus7: folds
Uncalled bet ($3) returned to Lsalimov
Lsalimov collected $6 from pot
Lsalimov: doesn't show hand
*** SUMMARY ***
Total pot $6 | Rake $0
Seat 1: Lsalimov (button) (small blind) collected ($6)
Seat 2: Donkasaurus7 (big blind) folded before Flop


PokerStars Hand #146156359162:  Hold'em Limit ($3/$6 USD) - 2015/12/30 2:54:19 ET
Table 'Zeissia' 2-max Seat #1 is the button
Seat 1: Lsalimov ($195.81 in chips)
Seat 2: Donkasaurus7 ($43.04 in chips)
Lsalimov: posts small blind $1
Donkasaurus7: posts big blind $3
*** HOLE CARDS ***
Lsalimov: raises $3 to $6
Donkasaurus7: calls $3
*** FLOP *** [5s 9d Qs]
Donkasaurus7: checks
Lsalimov: bets $3
Donkasaurus7: calls $3
*** TURN *** [5s 9d Qs] [5c]
Donkasaurus7: checks
Lsalimov: checks
*** RIVER *** [5s 9d Qs 5c] [As]
Donkasaurus7: checks
Lsalimov: bets $6
Donkasaurus7: calls $6
*** SHOW DOWN ***
Lsalimov: shows [Ah 9s] (two pair, Aces and Nines)
Donkasaurus7: mucks hand
Lsalimov collected $29.50 from pot
*** SUMMARY ***
Total pot $30 | Rake $0.50
Board [5s 9d Qs 5c As]
Seat 1: Lsalimov (button) (small blind) showed [Ah 9s] and won ($29.50) with two pair, Aces and Nines
Seat 2: Donkasaurus7 (big blind) mucked


PokerStars Hand #146156355024:  Hold'em Limit ($3/$6 USD) - 2015/12/30 2:54:07 ET
Table 'Zeissia' 2-max Seat #2 is the button
Seat 1: Lsalimov ($201.81 in chips)
Seat 2: Donkasaurus7 ($37.28 in chips)
Donkasaurus7: posts small blind $1
Lsalimov: posts big blind $3
*** HOLE CARDS ***
Donkasaurus7: raises $3 to $6
Lsalimov: calls $3
*** FLOP *** [7d 5d 3h]
Lsalimov: checks
Donkasaurus7: checks
*** TURN *** [7d 5d 3h] [5c]
Lsalimov: checks
Donkasaurus7: checks
*** RIVER *** [7d 5d 3h 5c] [Qc]
Lsalimov: checks
Donkasaurus7: checks
*** SHOW DOWN ***
Lsalimov: shows [9s Jc] (a pair of Fives)
Donkasaurus7: shows [Kc 9h] (a pair of Fives - King kicker)
Donkasaurus7 collected $11.76 from pot
*** SUMMARY ***
Total pot $12 | Rake $0.24
Board [7d 5d 3h 5c Qc]
Seat 1: Lsalimov (big blind) showed [9s Jc] and lost with a pair of Fives
Seat 2: Donkasaurus7 (button) (small blind) showed [Kc 9h] and won ($11.76) with a pair of Fives


PokerStars Hand #146156364725:  Hold'em Limit ($3/$6 USD) - 2015/12/30 2:54:36 ET
Table 'Zeissia' 2-max Seat #2 is the button
Seat 1: Lsalimov ($210.31 in chips)
Seat 2: Donkasaurus7 ($28.04 in chips)
Donkasaurus7: posts small blind $1
Lsalimov: posts big blind $3
*** HOLE CARDS ***
Donkasaurus7: raises $3 to $6
Lsalimov: calls $3
*** FLOP *** [Qd Qh 9c]
Lsalimov: checks
Donkasaurus7: bets $3
Lsalimov: folds
Uncalled bet ($3) returned to Donkasaurus7
Donkasaurus7 collected $11.76 from pot
Donkasaurus7: doesn't show hand
*** SUMMARY ***
Total pot $12 | Rake $0.24
Board [Qd Qh 9c]
Seat 1: Lsalimov (big blind) folded on the Flop
Seat 2: Donkasaurus7 (button) (small blind) collected ($11.76)


PokerStars Hand #146156374488:  Hold'em Limit ($3/$6 USD) - 2015/12/30 2:55:05 ET
Table 'Zeissia' 2-max Seat #2 is the button
Seat 1: Lsalimov ($195.31 in chips)
Seat 2: Donkasaurus7 ($42.44 in chips)
Donkasaurus7: posts small blind $1
Lsalimov: posts big blind $3
*** HOLE CARDS ***
Donkasaurus7: raises $3 to $6
Lsalimov: calls $3
*** FLOP *** [4d 2h Qc]
Lsalimov: checks
Donkasaurus7: bets $3
Lsalimov: raises $3 to $6
Donkasaurus7: calls $3
*** TURN *** [4d 2h Qc] [Td]
Lsalimov: bets $6
Donkasaurus7: calls $6
*** RIVER *** [4d 2h Qc Td] [9s]
Lsalimov: checks
Donkasaurus7: checks
*** SHOW DOWN ***
Lsalimov: shows [2c 5c] (a pair of Deuces)
Donkasaurus7: shows [Jc 9h] (a pair of Nines)
Donkasaurus7 collected $35.50 from pot
*** SUMMARY ***
Total pot $36 | Rake $0.50
Board [4d 2h Qc Td 9s]
Seat 1: Lsalimov (big blind) showed [2c 5c] and lost with a pair of Deuces
Seat 2: Donkasaurus7 (button) (small blind) showed [Jc 9h] and won ($35.50) with a pair of Nines


PokerStars Hand #146156390735:  Hold'em Limit ($3/$6 USD) - 2015/12/30 2:55:59 ET
Table 'Zeissia' 2-max Seat #2 is the button
Seat 1: Lsalimov ($184.81 in chips)
Seat 2: Donkasaurus7 ($51.46 in chips)
Donkasaurus7: posts small blind $1
Lsalimov: posts big blind $3
*** HOLE CARDS ***
Donkasaurus7: folds
Uncalled bet ($2) returned to Lsalimov
Lsalimov collected $2 from pot
Lsalimov: doesn't show hand
*** SUMMARY ***
Total pot $2 | Rake $0
Seat 1: Lsalimov (big blind) collected ($2)
Seat 2: Donkasaurus7 (button) (small blind) folded before Flop


PokerStars Hand #146156389334:  Hold'em Limit ($3/$6 USD) - 2015/12/30 2:55:54 ET
Table 'Zeissia' 2-max Seat #1 is the button
Seat 1: Lsalimov ($185.81 in chips)
Seat 2: Donkasaurus7 ($50.46 in chips)
Lsalimov: posts small blind $1
Donkasaurus7: posts big blind $3
*** HOLE CARDS ***
Lsalimov: folds
Uncalled bet ($2) returned to Donkasaurus7
Donkasaurus7 collected $2 from pot
Donkasaurus7: doesn't show hand
*** SUMMARY ***
Total pot $2 | Rake $0
Seat 1: Lsalimov (button) (small blind) folded before Flop
Seat 2: Donkasaurus7 (big blind) collected ($2)


PokerStars Hand #146156392007:  Hold'em Limit ($3/$6 USD) - 2015/12/30 2:56:03 ET
Table 'Zeissia' 2-max Seat #1 is the button
Seat 1: Lsalimov ($185.81 in chips)
Seat 2: Donkasaurus7 ($50.46 in chips)
Lsalimov: posts small blind $1
Donkasaurus7: posts big blind $3
*** HOLE CARDS ***
Lsalimov: raises $3 to $6
Donkasaurus7: raises $3 to $9
Lsalimov: calls $3
*** FLOP *** [4s 7c Qd]
Donkasaurus7: bets $3
Lsalimov: calls $3
*** TURN *** [4s 7c Qd] [6s]
Donkasaurus7: checks
Lsalimov: bets $6
Donkasaurus7: folds
Uncalled bet ($6) returned to Lsalimov
Lsalimov collected $23.52 from pot
Lsalimov: doesn't show hand
*** SUMMARY ***
Total pot $24 | Rake $0.48
Board [4s 7c Qd 6s]
Seat 1: Lsalimov (button) (small blind) collected ($23.52)
Seat 2: Donkasaurus7 (big blind) folded on the Turn


PokerStars Hand #146156384570:  Hold'em Limit ($3/$6 USD) - 2015/12/30 2:55:39 ET
Table 'Zeissia' 2-max Seat #2 is the button
Seat 1: Lsalimov ($165.31 in chips)
Seat 2: Donkasaurus7 ($71.46 in chips)
Donkasaurus7: posts small blind $1
Lsalimov: posts big blind $3
*** HOLE CARDS ***
Donkasaurus7: raises $3 to $6
Lsalimov: calls $3
*** FLOP *** [9h Tc 2d]
Lsalimov: checks
Donkasaurus7: bets $3
Lsalimov: calls $3
*** TURN *** [9h Tc 2d] [Ac]
Lsalimov: checks
Donkasaurus7: bets $6
Lsalimov: calls $6
*** RIVER *** [9h Tc 2d Ac] [Ks]
Lsalimov: checks
Donkasaurus7: bets $6
Lsalimov: calls $6
*** SHOW DOWN ***
Donkasaurus7: shows [8s 5h] (high card Ace)
Lsalimov: shows [2c Jc] (a pair of Deuces)
Lsalimov collected $41.50 from pot
*** SUMMARY ***
Total pot $42 | Rake $0.50
Board [9h Tc 2d Ac Ks]
Seat 1: Lsalimov (big blind) showed [2c Jc] and won ($41.50) with a pair of Deuces
Seat 2: Donkasaurus7 (button) (small blind) showed [8s 5h] and lost with high card Ace


PokerStars Hand #146156379732:  Hold'em Limit ($3/$6 USD) - 2015/12/30 2:55:23 ET
Table 'Zeissia' 2-max Seat #1 is the button
Seat 1: Lsalimov ($177.31 in chips)
Seat 2: Donkasaurus7 ($59.94 in chips)
Lsalimov: posts small blind $1
Donkasaurus7: posts big blind $3
*** HOLE CARDS ***
Lsalimov: raises $3 to $6
Donkasaurus7: calls $3
*** FLOP *** [2d Tc 9s]
Donkasaurus7: checks
Lsalimov: checks
*** TURN *** [2d Tc 9s] [Jc]
Donkasaurus7: checks
Lsalimov: checks
*** RIVER *** [2d Tc 9s Jc] [6d]
Donkasaurus7: checks
Lsalimov: bets $6
Donkasaurus7: calls $6
*** SHOW DOWN ***
Lsalimov: shows [7c 5c] (high card Jack)
Donkasaurus7: shows [Ah 2s] (a pair of Deuces)
Donkasaurus7 collected $23.52 from pot
*** SUMMARY ***
Total pot $24 | Rake $0.48
Board [2d Tc 9s Jc 6d]
Seat 1: Lsalimov (button) (small blind) showed [7c 5c] and lost with high card Jack
Seat 2: Donkasaurus7 (big blind) showed [Ah 2s] and won ($23.52) with a pair of Deuces


PokerStars Hand #146156407737:  Hold'em Limit ($3/$6 USD) - 2015/12/30 2:56:54 ET
Table 'Zeissia' 2-max Seat #2 is the button
Seat 1: Lsalimov ($197.85 in chips)
Seat 2: Donkasaurus7 ($36.96 in chips)
Donkasaurus7: posts small blind $1
Lsalimov: posts big blind $3
*** HOLE CARDS ***
Donkasaurus7: calls $2
Lsalimov: raises $3 to $6
Donkasaurus7: calls $3
*** FLOP *** [Kc 4c 5h]
Lsalimov: bets $3
Donkasaurus7: calls $3
*** TURN *** [Kc 4c 5h] [5d]
Lsalimov: bets $6
Donkasaurus7: folds
Uncalled bet ($6) returned to Lsalimov
Lsalimov collected $17.64 from pot
Lsalimov: doesn't show hand
*** SUMMARY ***
Total pot $18 | Rake $0.36
Board [Kc 4c 5h 5d]
Seat 1: Lsalimov (big blind) collected ($17.64)
Seat 2: Donkasaurus7 (button) (small blind) folded on the Turn


PokerStars Hand #146156402464:  Hold'em Limit ($3/$6 USD) - 2015/12/30 2:56:37 ET
Table 'Zeissia' 2-max Seat #2 is the button
Seat 1: Lsalimov ($211.85 in chips)
Seat 2: Donkasaurus7 ($23.46 in chips)
Donkasaurus7: posts small blind $1
Lsalimov: posts big blind $3
*** HOLE CARDS ***
Donkasaurus7: folds
Uncalled bet ($2) returned to Lsalimov
Lsalimov collected $2 from pot
Lsalimov: doesn't show hand
*** SUMMARY ***
Total pot $2 | Rake $0
Seat 1: Lsalimov (big blind) collected ($2)
Seat 2: Donkasaurus7 (button) (small blind) folded before Flop


PokerStars Hand #146156403803:  Hold'em Limit ($3/$6 USD) - 2015/12/30 2:56:41 ET
Table 'Zeissia' 2-max Seat #1 is the button
Seat 1: Lsalimov ($212.85 in chips)
Seat 2: Donkasaurus7 ($22.46 in chips)
Lsalimov: posts small blind $1
Donkasaurus7: posts big blind $3
*** HOLE CARDS ***
Lsalimov: raises $3 to $6
Donkasaurus7: calls $3
*** FLOP *** [Kd 4c 6d]
Donkasaurus7: checks
Lsalimov: bets $3
Donkasaurus7: calls $3
*** TURN *** [Kd 4c 6d] [2s]
Donkasaurus7: checks
Lsalimov: checks
*** RIVER *** [Kd 4c 6d 2s] [2c]
Donkasaurus7: bets $6
Lsalimov: calls $6
*** SHOW DOWN ***
Donkasaurus7: shows [Ad 2h] (three of a kind, Deuces)
Lsalimov: mucks hand
Donkasaurus7 collected $29.50 from pot
*** SUMMARY ***
Total pot $30 | Rake $0.50
Board [Kd 4c 6d 2s 2c]
Seat 1: Lsalimov (button) (small blind) mucked
Seat 2: Donkasaurus7 (big blind) showed [Ad 2h] and won ($29.50) with three of a kind, Deuces


PokerStars Hand #146156401026:  Hold'em Limit ($3/$6 USD) - 2015/12/30 2:56:32 ET
Table 'Zeissia' 2-max Seat #1 is the button
Seat 1: Lsalimov ($208.85 in chips)
Seat 2: Donkasaurus7 ($26.46 in chips)
Lsalimov: posts small blind $1
Donkasaurus7: posts big blind $3
*** HOLE CARDS ***
Lsalimov: raises $3 to $6
Donkasaurus7: folds
Uncalled bet ($3) returned to Lsalimov
Lsalimov collected $6 from pot
Lsalimov: doesn't show hand
*** SUMMARY ***
Total pot $6 | Rake $0
Seat 1: Lsalimov (button) (small blind) collected ($6)
Seat 2: Donkasaurus7 (big blind) folded before Flop


PokerStars Hand #146156396557:  Hold'em Limit ($3/$6 USD) - 2015/12/30 2:56:18 ET
Table 'Zeissia' 2-max Seat #2 is the button
Seat 1: Lsalimov ($197.33 in chips)
Seat 2: Donkasaurus7 ($38.46 in chips)
Donkasaurus7: posts small blind $1
Lsalimov: posts big blind $3
*** HOLE CARDS ***
Donkasaurus7: raises $3 to $6
Lsalimov: raises $3 to $9
Donkasaurus7: calls $3
*** FLOP *** [4d Ad 2s]
Lsalimov: bets $3
Donkasaurus7: calls $3
*** TURN *** [4d Ad 2s] [Qd]
Lsalimov: checks
Donkasaurus7: checks
*** RIVER *** [4d Ad 2s Qd] [4s]
Lsalimov: checks
Donkasaurus7: checks
*** SHOW DOWN ***
Lsalimov: shows [Js 8s] (a pair of Fours)
Donkasaurus7: mucks hand
Lsalimov collected $23.52 from pot
*** SUMMARY ***
Total pot $24 | Rake $0.48
Board [4d Ad 2s Qd 4s]
Seat 1: Lsalimov (big blind) showed [Js 8s] and won ($23.52) with a pair of Fours
Seat 2: Donkasaurus7 (button) (small blind) mucked


PokerStars Hand #146156411486:  Hold'em Limit ($3/$6 USD) - 2015/12/30 2:57:06 ET
Table 'Zeissia' 2-max Seat #1 is the button
Seat 1: Lsalimov ($206.49 in chips)
Seat 2: Donkasaurus7 ($27.96 in chips)
Lsalimov: posts small blind $1
Donkasaurus7: posts big blind $3
*** HOLE CARDS ***
Lsalimov: raises $3 to $6
Donkasaurus7: calls $3
*** FLOP *** [6h 8h Kd]
Donkasaurus7: checks
Lsalimov: bets $3
Donkasaurus7: raises $3 to $6
Lsalimov: calls $3
*** TURN *** [6h 8h Kd] [Qs]
Donkasaurus7: bets $6
Lsalimov: folds
Uncalled bet ($6) returned to Donkasaurus7
Donkasaurus7 collected $23.52 from pot
Donkasaurus7: doesn't show hand
*** SUMMARY ***
Total pot $24 | Rake $0.48
Board [6h 8h Kd Qs]
Seat 1: Lsalimov (button) (small blind) folded on the Turn
Seat 2: Donkasaurus7 (big blind) collected ($23.52)


PokerStars Hand #146156430249:  Hold'em Limit ($3/$6 USD) - 2015/12/30 2:58:08 ET
Table 'Zeissia' 2-max Seat #1 is the button
Seat 1: Lsalimov ($194.99 in chips)
Seat 2: Donkasaurus7 ($38 in chips)
Lsalimov: posts small blind $1
Donkasaurus7: posts big blind $3
*** HOLE CARDS ***
Lsalimov: raises $3 to $6
Donkasaurus7: raises $3 to $9
Lsalimov: calls $3
*** FLOP *** [4h Ks Kh]
Donkasaurus7: bets $3
Lsalimov: folds
Uncalled bet ($3) returned to Donkasaurus7
Donkasaurus7 collected $17.64 from pot
Donkasaurus7: doesn't show hand
*** SUMMARY ***
Total pot $18 | Rake $0.36
Board [4h Ks Kh]
Seat 1: Lsalimov (button) (small blind) folded on the Flop
Seat 2: Donkasaurus7 (big blind) collected ($17.64)


PokerStars Hand #146156428687:  Hold'em Limit ($3/$6 USD) - 2015/12/30 2:58:03 ET
Table 'Zeissia' 2-max Seat #2 is the button
Seat 1: Lsalimov ($193.99 in chips)
Seat 2: Donkasaurus7 ($39 in chips)
Donkasaurus7: posts small blind $1
Lsalimov: posts big blind $3
*** HOLE CARDS ***
Donkasaurus7: folds
Uncalled bet ($2) returned to Lsalimov
Lsalimov collected $2 from pot
Lsalimov: doesn't show hand
*** SUMMARY ***
Total pot $2 | Rake $0
Seat 1: Lsalimov (big blind) collected ($2)
Seat 2: Donkasaurus7 (button) (small blind) folded before Flop


PokerStars Hand #146156422615:  Hold'em Limit ($3/$6 USD) - 2015/12/30 2:57:43 ET
Table 'Zeissia' 2-max Seat #2 is the button
Seat 1: Lsalimov ($205.99 in chips)
Seat 2: Donkasaurus7 ($27.36 in chips)
Donkasaurus7: posts small blind $1
Lsalimov: posts big blind $3
*** HOLE CARDS ***
Donkasaurus7: raises $3 to $6
Lsalimov: folds
Uncalled bet ($3) returned to Donkasaurus7
Donkasaurus7 collected $6 from pot
Donkasaurus7: doesn't show hand
*** SUMMARY ***
Total pot $6 | Rake $0
Seat 1: Lsalimov (big blind) folded before Flop
Seat 2: Donkasaurus7 (button) (small blind) collected ($6)


PokerStars Hand #146156424385:  Hold'em Limit ($3/$6 USD) - 2015/12/30 2:57:49 ET
Table 'Zeissia' 2-max Seat #1 is the button
Seat 1: Lsalimov ($202.99 in chips)
Seat 2: Donkasaurus7 ($30.36 in chips)
Lsalimov: posts small blind $1
Donkasaurus7: posts big blind $3
*** HOLE CARDS ***
Lsalimov: raises $3 to $6
Donkasaurus7: calls $3
*** FLOP *** [Qs Td Kc]
Donkasaurus7: checks
Lsalimov: bets $3
Donkasaurus7: calls $3
*** TURN *** [Qs Td Kc] [Ks]
Donkasaurus7: checks
Lsalimov: checks
*** RIVER *** [Qs Td Kc Ks] [5s]
Donkasaurus7: checks
Lsalimov: checks
*** SHOW DOWN ***
Donkasaurus7: shows [Ad 3c] (a pair of Kings)
Lsalimov: mucks hand
Donkasaurus7 collected $17.64 from pot
*** SUMMARY ***
Total pot $18 | Rake $0.36
Board [Qs Td Kc Ks 5s]
Seat 1: Lsalimov (button) (small blind) mucked
Seat 2: Donkasaurus7 (big blind) showed [Ad 3c] and won ($17.64) with a pair of Kings


PokerStars Hand #146156418285:  Hold'em Limit ($3/$6 USD) - 2015/12/30 2:57:29 ET
Table 'Zeissia' 2-max Seat #1 is the button
Seat 1: Lsalimov ($191.49 in chips)
Seat 2: Donkasaurus7 ($42.36 in chips)
Lsalimov: posts small blind $1
Donkasaurus7: posts big blind $3
*** HOLE CARDS ***
Lsalimov: raises $3 to $6
Donkasaurus7: calls $3
*** FLOP *** [Jc 6h 3d]
Donkasaurus7: checks
Lsalimov: bets $3
Donkasaurus7: calls $3
*** TURN *** [Jc 6h 3d] [9c]
Donkasaurus7: checks
Lsalimov: checks
*** RIVER *** [Jc 6h 3d 9c] [5s]
Donkasaurus7: bets $6
Lsalimov: calls $6
*** SHOW DOWN ***
Donkasaurus7: shows [7d Td] (high card Jack)
Lsalimov: shows [Qd 3c] (a pair of Threes)
Lsalimov collected $29.50 from pot
*** SUMMARY ***
Total pot $30 | Rake $0.50
Board [Jc 6h 3d 9c 5s]
Seat 1: Lsalimov (button) (small blind) showed [Qd 3c] and won ($29.50) with a pair of Threes
Seat 2: Donkasaurus7 (big blind) showed [7d Td] and lost with high card Jack


PokerStars Hand #146156415486:  Hold'em Limit ($3/$6 USD) - 2015/12/30 2:57:20 ET
Table 'Zeissia' 2-max Seat #2 is the button
Seat 1: Lsalimov ($194.49 in chips)
Seat 2: Donkasaurus7 ($39.48 in chips)
Donkasaurus7: posts small blind $1
Lsalimov: posts big blind $3
*** HOLE CARDS ***
Donkasaurus7: calls $2
Lsalimov: checks
*** FLOP *** [9c 6s 3d]
Lsalimov: checks
Donkasaurus7: bets $3
Lsalimov: folds
Uncalled bet ($3) returned to Donkasaurus7
Donkasaurus7 collected $5.88 from pot
Donkasaurus7: doesn't show hand
*** SUMMARY ***
Total pot $6 | Rake $0.12
Board [9c 6s 3d]
Seat 1: Lsalimov (big blind) folded on the Flop
Seat 2: Donkasaurus7 (button) (small blind) collected ($5.88)


PokerStars Hand #146156441690:  Hold'em Limit ($3/$6 USD) - 2015/12/30 2:58:45 ET
Table 'Zeissia' 2-max Seat #2 is the button
Seat 1: Lsalimov ($170.63 in chips)
Seat 2: Donkasaurus7 ($61.14 in chips)
Donkasaurus7: posts small blind $1
Lsalimov: posts big blind $3
*** HOLE CARDS ***
Donkasaurus7: calls $2
Lsalimov: raises $3 to $6
Donkasaurus7: calls $3
*** FLOP *** [9h Th 4s]
Lsalimov: bets $3
Donkasaurus7: calls $3
*** TURN *** [9h Th 4s] [6d]
Lsalimov: bets $6
Donkasaurus7: calls $6
*** RIVER *** [9h Th 4s 6d] [Kd]
Lsalimov: bets $6
Donkasaurus7: folds
Uncalled bet ($6) returned to Lsalimov
Lsalimov collected $29.50 from pot
Lsalimov: doesn't show hand
*** SUMMARY ***
Total pot $30 | Rake $0.50
Board [9h Th 4s 6d Kd]
Seat 1: Lsalimov (big blind) collected ($29.50)
Seat 2: Donkasaurus7 (button) (small blind) folded on the River


PokerStars Hand #146156432906:  Hold'em Limit ($3/$6 USD) - 2015/12/30 2:58:17 ET
Table 'Zeissia' 2-max Seat #2 is the button
Seat 1: Lsalimov ($185.99 in chips)
Seat 2: Donkasaurus7 ($46.64 in chips)
Donkasaurus7: posts small blind $1
Lsalimov: posts big blind $3
*** HOLE CARDS ***
Donkasaurus7: calls $2
Lsalimov: raises $3 to $6
Donkasaurus7: calls $3
*** FLOP *** [4h 6c Ah]
Lsalimov: bets $3
Donkasaurus7: calls $3
*** TURN *** [4h 6c Ah] [2d]
Lsalimov: bets $6
Donkasaurus7: folds
Uncalled bet ($6) returned to Lsalimov
Lsalimov collected $17.64 from pot
Lsalimov: doesn't show hand
*** SUMMARY ***
Total pot $18 | Rake $0.36
Board [4h 6c Ah 2d]
Seat 1: Lsalimov (big blind) collected ($17.64)
Seat 2: Donkasaurus7 (button) (small blind) folded on the Turn


PokerStars Hand #146156454389:  Hold'em Limit ($3/$6 USD) - 2015/12/30 2:59:26 ET
Table 'Zeissia' 2-max Seat #2 is the button
Seat 1: Lsalimov ($170.13 in chips)
Seat 2: Donkasaurus7 ($60.64 in chips)
Donkasaurus7: posts small blind $1
Lsalimov: posts big blind $3
*** HOLE CARDS ***
Donkasaurus7: calls $2
Lsalimov: checks
*** FLOP *** [6d 4s Jc]
Lsalimov: checks
Donkasaurus7: bets $3
Lsalimov: folds
Uncalled bet ($3) returned to Donkasaurus7
Donkasaurus7 collected $5.88 from pot
Donkasaurus7: doesn't show hand
*** SUMMARY ***
Total pot $6 | Rake $0.12
Board [6d 4s Jc]
Seat 1: Lsalimov (big blind) folded on the Flop
Seat 2: Donkasaurus7 (button) (small blind) collected ($5.88)


PokerStars Hand #146156464601:  Hold'em Limit ($3/$6 USD) - 2015/12/30 2:59:59 ET
Table 'Zeissia' 2-max Seat #1 is the button
Seat 1: Lsalimov ($184.63 in chips)
Seat 2: Donkasaurus7 ($45.52 in chips)
Lsalimov: posts small blind $1
Donkasaurus7: posts big blind $3
*** HOLE CARDS ***
Lsalimov: raises $3 to $6
Donkasaurus7: calls $3
*** FLOP *** [Tc 8d 5s]
Donkasaurus7: checks
Lsalimov: checks
*** TURN *** [Tc 8d 5s] [As]
Donkasaurus7: checks
Lsalimov: checks
*** RIVER *** [Tc 8d 5s As] [Jc]
Donkasaurus7: checks
Lsalimov: bets $6
Donkasaurus7: calls $6
*** SHOW DOWN ***
Lsalimov: shows [2d Js] (a pair of Jacks)
Donkasaurus7: mucks hand
Lsalimov collected $23.52 from pot
*** SUMMARY ***
Total pot $24 | Rake $0.48
Board [Tc 8d 5s As Jc]
Seat 1: Lsalimov (button) (small blind) showed [2d Js] and won ($23.52) with a pair of Jacks
Seat 2: Donkasaurus7 (big blind) mucked


PokerStars Hand #146156458938:  Hold'em Limit ($3/$6 USD) - 2015/12/30 2:59:41 ET
Table 'Zeissia' 2-max Seat #2 is the button
Seat 1: Lsalimov ($170.13 in chips)
Seat 2: Donkasaurus7 ($60.52 in chips)
Donkasaurus7: posts small blind $1
Lsalimov: posts big blind $3
*** HOLE CARDS ***
Donkasaurus7: calls $2
Lsalimov: checks
*** FLOP *** [7c 8d Jh]
Lsalimov: checks
Donkasaurus7: bets $3
Lsalimov: raises $3 to $6
Donkasaurus7: calls $3
*** TURN *** [7c 8d Jh] [8c]
Lsalimov: bets $6
Donkasaurus7: calls $6
*** RIVER *** [7c 8d Jh 8c] [Ah]
Lsalimov: checks
Donkasaurus7: checks
*** SHOW DOWN ***
Lsalimov: shows [9s 7d] (two pair, Eights and Sevens)
Donkasaurus7: mucks hand
Lsalimov collected $29.50 from pot
*** SUMMARY ***
Total pot $30 | Rake $0.50
Board [7c 8d Jh 8c Ah]
Seat 1: Lsalimov (big blind) showed [9s 7d] and won ($29.50) with two pair, Eights and Sevens
Seat 2: Donkasaurus7 (button) (small blind) mucked


PokerStars Hand #146156449751:  Hold'em Limit ($3/$6 USD) - 2015/12/30 2:59:11 ET
Table 'Zeissia' 2-max Seat #1 is the button
Seat 1: Lsalimov ($185.13 in chips)
Seat 2: Donkasaurus7 ($46.14 in chips)
Lsalimov: posts small blind $1
Donkasaurus7: posts big blind $3
*** HOLE CARDS ***
Lsalimov: raises $3 to $6
Donkasaurus7: calls $3
*** FLOP *** [8c 5d Qs]
Donkasaurus7: checks
Lsalimov: bets $3
Donkasaurus7: calls $3
*** TURN *** [8c 5d Qs] [2s]
Donkasaurus7: checks
Lsalimov: bets $6
Donkasaurus7: raises $6 to $12
Lsalimov: folds
Uncalled bet ($6) returned to Donkasaurus7
Donkasaurus7 collected $29.50 from pot
Donkasaurus7: doesn't show hand
*** SUMMARY ***
Total pot $30 | Rake $0.50
Board [8c 5d Qs 2s]
Seat 1: Lsalimov (button) (small blind) folded on the Turn
Seat 2: Donkasaurus7 (big blind) collected ($29.50)


PokerStars Hand #146156457417:  Hold'em Limit ($3/$6 USD) - 2015/12/30 2:59:36 ET
Table 'Zeissia' 2-max Seat #1 is the button
Seat 1: Lsalimov ($167.13 in chips)
Seat 2: Donkasaurus7 ($63.52 in chips)
Lsalimov: posts small blind $1
Donkasaurus7: posts big blind $3
*** HOLE CARDS ***
Lsalimov: raises $3 to $6
Donkasaurus7: folds
Uncalled bet ($3) returned to Lsalimov
Lsalimov collected $6 from pot
Lsalimov: doesn't show hand
*** SUMMARY ***
Total pot $6 | Rake $0
Seat 1: Lsalimov (button) (small blind) collected ($6)
Seat 2: Donkasaurus7 (big blind) folded before Flop


PokerStars Hand #146156474910:  Hold'em Limit ($3/$6 USD) - 2015/12/30 3:00:31 ET
Table 'Zeissia' 2-max Seat #2 is the button
Seat 1: Lsalimov ($187.15 in chips)
Seat 2: Donkasaurus7 ($42.04 in chips)
Donkasaurus7: posts small blind $1
Lsalimov: posts big blind $3
*** HOLE CARDS ***
Donkasaurus7: raises $3 to $6
Lsalimov: raises $3 to $9
Donkasaurus7: calls $3
*** FLOP *** [9c 7s 5s]
Lsalimov: bets $3
Donkasaurus7: calls $3
*** TURN *** [9c 7s 5s] [Jd]
Lsalimov: bets $6
Donkasaurus7: calls $6
*** RIVER *** [9c 7s 5s Jd] [5d]
Lsalimov: bets $6
Donkasaurus7: raises $6 to $12
Lsalimov: raises $6 to $18
Donkasaurus7: calls $6
*** SHOW DOWN ***
Lsalimov: shows [Jc Jh] (a full house, Jacks full of Fives)
Donkasaurus7: mucks hand
Lsalimov collected $71.50 from pot
*** SUMMARY ***
Total pot $72 | Rake $0.50
Board [9c 7s 5s Jd 5d]
Seat 1: Lsalimov (big blind) showed [Jc Jh] and won ($71.50) with a full house, Jacks full of Fives
Seat 2: Donkasaurus7 (button) (small blind) mucked


PokerStars Hand #146156469225:  Hold'em Limit ($3/$6 USD) - 2015/12/30 3:00:13 ET
Table 'Zeissia' 2-max Seat #2 is the button
Seat 1: Lsalimov ($196.15 in chips)
Seat 2: Donkasaurus7 ($33.52 in chips)
Donkasaurus7: posts small blind $1
Lsalimov: posts big blind $3
*** HOLE CARDS ***
Donkasaurus7: raises $3 to $6
Lsalimov: raises $3 to $9
Donkasaurus7: raises $3 to $12
Betting is capped
Lsalimov: calls $3
*** FLOP *** [9c 9s 5h]
Lsalimov: checks
Donkasaurus7: checks
*** TURN *** [9c 9s 5h] [Kd]
Lsalimov: checks
Donkasaurus7: bets $6
Lsalimov: folds
Uncalled bet ($6) returned to Donkasaurus7
Donkasaurus7 collected $23.52 from pot
Donkasaurus7: doesn't show hand
*** SUMMARY ***
Total pot $24 | Rake $0.48
Board [9c 9s 5h Kd]
Seat 1: Lsalimov (big blind) folded on the Turn
Seat 2: Donkasaurus7 (button) (small blind) collected ($23.52)


PokerStars Hand #146156485075:  Hold'em Limit ($3/$6 USD) - 2015/12/30 3:01:02 ET
Table 'Zeissia' 2-max Seat #1 is the button
Seat 1: Lsalimov ($217.61 in chips)
Seat 2: Donkasaurus7 ($100.84 in chips)
Lsalimov: posts small blind $1
Donkasaurus7: posts big blind $3
*** HOLE CARDS ***
Lsalimov: raises $3 to $6
Donkasaurus7: folds
Uncalled bet ($3) returned to Lsalimov
Lsalimov collected $6 from pot
Lsalimov: doesn't show hand
*** SUMMARY ***
Total pot $6 | Rake $0
Seat 1: Lsalimov (button) (small blind) collected ($6)
Seat 2: Donkasaurus7 (big blind) folded before Flop


PokerStars Hand #146156483618:  Hold'em Limit ($3/$6 USD) - 2015/12/30 3:00:58 ET
Table 'Zeissia' 2-max Seat #2 is the button
Seat 1: Lsalimov ($216.61 in chips)
Seat 2: Donkasaurus7 ($101.84 in chips)
Donkasaurus7: posts small blind $1
Lsalimov: posts big blind $3
*** HOLE CARDS ***
Donkasaurus7: folds
Uncalled bet ($2) returned to Lsalimov
Lsalimov collected $2 from pot
Lsalimov: doesn't show hand
*** SUMMARY ***
Total pot $2 | Rake $0
Seat 1: Lsalimov (big blind) collected ($2)
Seat 2: Donkasaurus7 (button) (small blind) folded before Flop


PokerStars Hand #146156479642:  Hold'em Limit ($3/$6 USD) - 2015/12/30 3:00:46 ET
Table 'Zeissia' 2-max Seat #1 is the button
Seat 1: Lsalimov ($222.65 in chips)
Seat 2: Donkasaurus7 ($6.04 in chips)
Lsalimov: posts small blind $1
Donkasaurus7: posts big blind $3
*** HOLE CARDS ***
Lsalimov: raises $3 to $6
Donkasaurus7: raises $0.04 to $6.04 and is all-in
Lsalimov: calls $0.04
*** FLOP *** [Kd 3d Jd]
*** TURN *** [Kd 3d Jd] [8h]
*** RIVER *** [Kd 3d Jd 8h] [Kc]
*** SHOW DOWN ***
Donkasaurus7: shows [5h 3h] (two pair, Kings and Threes)
Lsalimov: shows [7s 6s] (a pair of Kings)
Donkasaurus7 collected $11.84 from pot
*** SUMMARY ***
Total pot $12.08 | Rake $0.24
Board [Kd 3d Jd 8h Kc]
Seat 1: Lsalimov (button) (small blind) showed [7s 6s] and lost with a pair of Kings
Seat 2: Donkasaurus7 (big blind) showed [5h 3h] and won ($11.84) with two pair, Kings and Threes


PokerStars Hand #146156491685:  Hold'em Limit ($3/$6 USD) - 2015/12/30 3:01:21 ET
Table 'Zeissia' 2-max Seat #1 is the button
Seat 1: Lsalimov ($226.37 in chips)
Seat 2: Donkasaurus7 ($91.84 in chips)
Lsalimov: posts small blind $1
Donkasaurus7: posts big blind $3
*** HOLE CARDS ***
Lsalimov: raises $3 to $6
Donkasaurus7: raises $3 to $9
Lsalimov: calls $3
*** FLOP *** [4c 2d Tc]
Donkasaurus7: bets $3
Lsalimov: calls $3
*** TURN *** [4c 2d Tc] [Td]
Donkasaurus7: bets $6
Lsalimov: calls $6
*** RIVER *** [4c 2d Tc Td] [7s]
Donkasaurus7: bets $6
Lsalimov: folds
Uncalled bet ($6) returned to Donkasaurus7
Donkasaurus7 collected $35.50 from pot
Donkasaurus7: doesn't show hand
*** SUMMARY ***
Total pot $36 | Rake $0.50
Board [4c 2d Tc Td 7s]
Seat 1: Lsalimov (button) (small blind) folded on the River
Seat 2: Donkasaurus7 (big blind) collected ($35.50)


PokerStars Hand #146156486676:  Hold'em Limit ($3/$6 USD) - 2015/12/30 3:01:07 ET
Table 'Zeissia' 2-max Seat #2 is the button
Seat 1: Lsalimov ($220.61 in chips)
Seat 2: Donkasaurus7 ($97.84 in chips)
Donkasaurus7: posts small blind $1
Lsalimov: posts big blind $3
*** HOLE CARDS ***
Donkasaurus7: raises $3 to $6
Lsalimov: calls $3
*** FLOP *** [6d 6s 8s]
Lsalimov: checks
Donkasaurus7: checks
*** TURN *** [6d 6s 8s] [4h]
Lsalimov: bets $6
Donkasaurus7: folds
Uncalled bet ($6) returned to Lsalimov
Lsalimov collected $11.76 from pot
Lsalimov: doesn't show hand
*** SUMMARY ***
Total pot $12 | Rake $0.24
Board [6d 6s 8s 4h]
Seat 1: Lsalimov (big blind) collected ($11.76)
Seat 2: Donkasaurus7 (button) (small blind) folded on the Turn


PokerStars Hand #146156498745:  Hold'em Limit ($3/$6 USD) - 2015/12/30 3:01:43 ET
Table 'Zeissia' 2-max Seat #1 is the button
Seat 1: Lsalimov ($205.37 in chips)
Seat 2: Donkasaurus7 ($112.34 in chips)
Lsalimov: posts small blind $1
Donkasaurus7: posts big blind $3
*** HOLE CARDS ***
Lsalimov: raises $3 to $6
Donkasaurus7: calls $3
*** FLOP *** [Ks 4h 5s]
Donkasaurus7: checks
Lsalimov: bets $3
Donkasaurus7: calls $3
*** TURN *** [Ks 4h 5s] [7c]
Donkasaurus7: checks
Lsalimov: bets $6
Donkasaurus7: raises $6 to $12
Lsalimov: calls $6
*** RIVER *** [Ks 4h 5s 7c] [4s]
Donkasaurus7: bets $6
Lsalimov: folds
Uncalled bet ($6) returned to Donkasaurus7
Donkasaurus7 collected $41.50 from pot
Donkasaurus7: doesn't show hand
*** SUMMARY ***
Total pot $42 | Rake $0.50
Board [Ks 4h 5s 7c 4s]
Seat 1: Lsalimov (button) (small blind) folded on the River
Seat 2: Donkasaurus7 (big blind) collected ($41.50)


PokerStars Hand #146156496481:  Hold'em Limit ($3/$6 USD) - 2015/12/30 3:01:36 ET
Table 'Zeissia' 2-max Seat #2 is the button
Seat 1: Lsalimov ($208.37 in chips)
Seat 2: Donkasaurus7 ($109.34 in chips)
Donkasaurus7: posts small blind $1
Lsalimov: posts big blind $3
*** HOLE CARDS ***
Donkasaurus7: raises $3 to $6
Lsalimov: folds
Uncalled bet ($3) returned to Donkasaurus7
Donkasaurus7 collected $6 from pot
Donkasaurus7: doesn't show hand
*** SUMMARY ***
Total pot $6 | Rake $0
Seat 1: Lsalimov (big blind) folded before Flop
Seat 2: Donkasaurus7 (button) (small blind) collected ($6)


PokerStars Hand #146156521601:  Hold'em Limit ($3/$6 USD) - 2015/12/30 3:02:50 ET
Table 'Zeissia' 2-max Seat #1 is the button
Seat 1: Lsalimov ($195.65 in chips)
Seat 2: Donkasaurus7 ($120.60 in chips)
Lsalimov: posts small blind $1
Donkasaurus7: posts big blind $3
*** HOLE CARDS ***
Lsalimov: raises $3 to $6
Donkasaurus7: calls $3
*** FLOP *** [2s Th 5c]
Donkasaurus7: checks
Lsalimov: bets $3
Donkasaurus7: calls $3
*** TURN *** [2s Th 5c] [6s]
Donkasaurus7: checks
Lsalimov: bets $6
Donkasaurus7: raises $6 to $12
Lsalimov: calls $6
*** RIVER *** [2s Th 5c 6s] [9h]
Donkasaurus7: bets $6
Lsalimov: calls $6
*** SHOW DOWN ***
Donkasaurus7: shows [8h 9s] (a pair of Nines)
Lsalimov: mucks hand
Donkasaurus7 collected $53.50 from pot
*** SUMMARY ***
Total pot $54 | Rake $0.50
Board [2s Th 5c 6s 9h]
Seat 1: Lsalimov (button) (small blind) mucked
Seat 2: Donkasaurus7 (big blind) showed [8h 9s] and won ($53.50) with a pair of Nines


PokerStars Hand #146156519912:  Hold'em Limit ($3/$6 USD) - 2015/12/30 3:02:45 ET
Table 'Zeissia' 2-max Seat #2 is the button
Seat 1: Lsalimov ($198.65 in chips)
Seat 2: Donkasaurus7 ($117.60 in chips)
Donkasaurus7: posts small blind $1
Lsalimov: posts big blind $3
*** HOLE CARDS ***
Donkasaurus7: raises $3 to $6
Lsalimov: folds
Uncalled bet ($3) returned to Donkasaurus7
Donkasaurus7 collected $6 from pot
Donkasaurus7: doesn't show hand
*** SUMMARY ***
Total pot $6 | Rake $0
Seat 1: Lsalimov (big blind) folded before Flop
Seat 2: Donkasaurus7 (button) (small blind) collected ($6)


PokerStars Hand #146156513683:  Hold'em Limit ($3/$6 USD) - 2015/12/30 3:02:27 ET
Table 'Zeissia' 2-max Seat #2 is the button
Seat 1: Lsalimov ($198.89 in chips)
Seat 2: Donkasaurus7 ($117.84 in chips)
Donkasaurus7: posts small blind $1
Lsalimov: posts big blind $3
*** HOLE CARDS ***
Donkasaurus7: raises $3 to $6
Lsalimov: calls $3
*** FLOP *** [Tc 5s 2c]
Lsalimov: checks
Donkasaurus7: bets $3
Lsalimov: folds
Uncalled bet ($3) returned to Donkasaurus7
Donkasaurus7 collected $11.76 from pot
Donkasaurus7: doesn't show hand
*** SUMMARY ***
Total pot $12 | Rake $0.24
Board [Tc 5s 2c]
Seat 1: Lsalimov (big blind) folded on the Flop
Seat 2: Donkasaurus7 (button) (small blind) collected ($11.76)


PokerStars Hand #146156511591:  Hold'em Limit ($3/$6 USD) - 2015/12/30 3:02:21 ET
Table 'Zeissia' 2-max Seat #1 is the button
Seat 1: Lsalimov ($195.89 in chips)
Seat 2: Donkasaurus7 ($120.84 in chips)
Lsalimov: posts small blind $1
Donkasaurus7: posts big blind $3
*** HOLE CARDS ***
Lsalimov: raises $3 to $6
Donkasaurus7: folds
Uncalled bet ($3) returned to Lsalimov
Lsalimov collected $6 from pot
Lsalimov: doesn't show hand
*** SUMMARY ***
Total pot $6 | Rake $0
Seat 1: Lsalimov (button) (small blind) collected ($6)
Seat 2: Donkasaurus7 (big blind) folded before Flop


PokerStars Hand #146156506290:  Hold'em Limit ($3/$6 USD) - 2015/12/30 3:02:06 ET
Table 'Zeissia' 2-max Seat #2 is the button
Seat 1: Lsalimov ($184.37 in chips)
Seat 2: Donkasaurus7 ($132.84 in chips)
Donkasaurus7: posts small blind $1
Lsalimov: posts big blind $3
*** HOLE CARDS ***
Donkasaurus7: raises $3 to $6
Lsalimov: calls $3
*** FLOP *** [3d Jc Ac]
Lsalimov: checks
Donkasaurus7: checks
*** TURN *** [3d Jc Ac] [5c]
Lsalimov: bets $6
Donkasaurus7: calls $6
*** RIVER *** [3d Jc Ac 5c] [8d]
Lsalimov: checks
Donkasaurus7: checks
*** SHOW DOWN ***
Lsalimov: shows [Kc 5s] (a pair of Fives)
Donkasaurus7: mucks hand
Lsalimov collected $23.52 from pot
*** SUMMARY ***
Total pot $24 | Rake $0.48
Board [3d Jc Ac 5c 8d]
Seat 1: Lsalimov (big blind) showed [Kc 5s] and won ($23.52) with a pair of Fives
Seat 2: Donkasaurus7 (button) (small blind) mucked


PokerStars Hand #146156538717:  Hold'em Limit ($3/$6 USD) - 2015/12/30 3:03:39 ET
Table 'Zeissia' 2-max Seat #2 is the button
Seat 1: Lsalimov ($183.17 in chips)
Seat 2: Donkasaurus7 ($132.10 in chips)
Donkasaurus7: posts small blind $1
Lsalimov: posts big blind $3
*** HOLE CARDS ***
Donkasaurus7: raises $3 to $6
Lsalimov: raises $3 to $9
Donkasaurus7: raises $3 to $12
Betting is capped
Lsalimov: calls $3
*** FLOP *** [6c 8d Ah]
Lsalimov: checks
Donkasaurus7: bets $3
Lsalimov: raises $3 to $6
Donkasaurus7: calls $3
*** TURN *** [6c 8d Ah] [8c]
Lsalimov: bets $6
Donkasaurus7: calls $6
*** RIVER *** [6c 8d Ah 8c] [As]
Lsalimov: bets $6
Donkasaurus7: calls $6
*** SHOW DOWN ***
Lsalimov: shows [4d Ad] (a full house, Aces full of Eights)
Donkasaurus7: mucks hand
Lsalimov collected $59.50 from pot
*** SUMMARY ***
Total pot $60 | Rake $0.50
Board [6c 8d Ah 8c As]
Seat 1: Lsalimov (big blind) showed [4d Ad] and won ($59.50) with a full house, Aces full of Eights
Seat 2: Donkasaurus7 (button) (small blind) mucked


PokerStars Hand #146156535410:  Hold'em Limit ($3/$6 USD) - 2015/12/30 3:03:30 ET
Table 'Zeissia' 2-max Seat #1 is the button
Seat 1: Lsalimov ($180.17 in chips)
Seat 2: Donkasaurus7 ($135.10 in chips)
Lsalimov: posts small blind $1
Donkasaurus7: posts big blind $3
*** HOLE CARDS ***
Lsalimov: raises $3 to $6
Donkasaurus7: folds
Uncalled bet ($3) returned to Lsalimov
Lsalimov collected $6 from pot
Lsalimov: doesn't show hand
*** SUMMARY ***
Total pot $6 | Rake $0
Seat 1: Lsalimov (button) (small blind) collected ($6)
Seat 2: Donkasaurus7 (big blind) folded before Flop


PokerStars Hand #146156550378:  Hold'em Limit ($3/$6 USD) - 2015/12/30 3:04:12 ET
Table 'Zeissia' 2-max Seat #2 is the button
Seat 1: Lsalimov ($203.67 in chips)
Seat 2: Donkasaurus7 ($110.74 in chips)
Donkasaurus7: posts small blind $1
Lsalimov: posts big blind $3
*** HOLE CARDS ***
Donkasaurus7: raises $3 to $6
Lsalimov: folds
Uncalled bet ($3) returned to Donkasaurus7
Donkasaurus7 collected $6 from pot
Donkasaurus7: doesn't show hand
*** SUMMARY ***
Total pot $6 | Rake $0
Seat 1: Lsalimov (big blind) folded before Flop
Seat 2: Donkasaurus7 (button) (small blind) collected ($6)


PokerStars Hand #146156545241:  Hold'em Limit ($3/$6 USD) - 2015/12/30 3:03:58 ET
Table 'Zeissia' 2-max Seat #1 is the button
Seat 1: Lsalimov ($212.67 in chips)
Seat 2: Donkasaurus7 ($102.10 in chips)
Lsalimov: posts small blind $1
Donkasaurus7: posts big blind $3
*** HOLE CARDS ***
Lsalimov: raises $3 to $6
Donkasaurus7: calls $3
*** FLOP *** [9s Kc 9h]
Donkasaurus7: checks
Lsalimov: bets $3
Donkasaurus7: calls $3
*** TURN *** [9s Kc 9h] [3s]
Donkasaurus7: checks
Lsalimov: checks
*** RIVER *** [9s Kc 9h 3s] [Kh]
Donkasaurus7: checks
Lsalimov: checks
*** SHOW DOWN ***
Donkasaurus7: shows [8d Ad] (two pair, Kings and Nines)
Lsalimov: mucks hand
Donkasaurus7 collected $17.64 from pot
*** SUMMARY ***
Total pot $18 | Rake $0.36
Board [9s Kc 9h 3s Kh]
Seat 1: Lsalimov (button) (small blind) mucked
Seat 2: Donkasaurus7 (big blind) showed [8d Ad] and won ($17.64) with two pair, Kings and Nines


PokerStars Hand #146156529369:  Hold'em Limit ($3/$6 USD) - 2015/12/30 3:03:12 ET
Table 'Zeissia' 2-max Seat #2 is the button
Seat 1: Lsalimov ($168.65 in chips)
Seat 2: Donkasaurus7 ($147.10 in chips)
Donkasaurus7: posts small blind $1
Lsalimov: posts big blind $3
*** HOLE CARDS ***
Donkasaurus7: raises $3 to $6
Lsalimov: raises $3 to $9
Donkasaurus7: calls $3
*** FLOP *** [Qh Jh 8s]
Lsalimov: bets $3
Donkasaurus7: calls $3
*** TURN *** [Qh Jh 8s] [3s]
Lsalimov: checks
Donkasaurus7: checks
*** RIVER *** [Qh Jh 8s 3s] [As]
Lsalimov: bets $6
Donkasaurus7: folds
Uncalled bet ($6) returned to Lsalimov
Lsalimov collected $23.52 from pot
Lsalimov: doesn't show hand
*** SUMMARY ***
Total pot $24 | Rake $0.48
Board [Qh Jh 8s 3s As]
Seat 1: Lsalimov (big blind) collected ($23.52)
Seat 2: Donkasaurus7 (button) (small blind) folded on the River


PokerStars Hand #146156552020:  Hold'em Limit ($3/$6 USD) - 2015/12/30 3:04:17 ET
Table 'Zeissia' 2-max Seat #1 is the button
Seat 1: Lsalimov ($200.67 in chips)
Seat 2: Donkasaurus7 ($113.74 in chips)
Lsalimov: posts small blind $1
Donkasaurus7: posts big blind $3
*** HOLE CARDS ***
Lsalimov: raises $3 to $6
Donkasaurus7: calls $3
*** FLOP *** [Js 7c 7d]
Donkasaurus7: checks
Lsalimov: bets $3
Donkasaurus7: raises $3 to $6
Lsalimov: calls $3
*** TURN *** [Js 7c 7d] [3h]
Donkasaurus7: bets $6
Lsalimov: calls $6
*** RIVER *** [Js 7c 7d 3h] [9h]
Donkasaurus7: bets $6
Lsalimov: raises $6 to $12
Donkasaurus7: raises $6 to $18
Lsalimov: folds
Uncalled bet ($6) returned to Donkasaurus7
Donkasaurus7 collected $59.50 from pot
Donkasaurus7: doesn't show hand
*** SUMMARY ***
Total pot $60 | Rake $0.50
Board [Js 7c 7d 3h 9h]
Seat 1: Lsalimov (button) (small blind) folded on the River
Seat 2: Donkasaurus7 (big blind) collected ($59.50)


PokerStars Hand #146156564438:  Hold'em Limit ($3/$6 USD) - 2015/12/30 3:04:53 ET
Table 'Zeissia' 2-max Seat #2 is the button
Seat 1: Lsalimov ($191.17 in chips)
Seat 2: Donkasaurus7 ($122.24 in chips)
Donkasaurus7: posts small blind $1
Lsalimov: posts big blind $3
*** HOLE CARDS ***
Donkasaurus7: raises $3 to $6
Lsalimov: calls $3
*** FLOP *** [As 7c 4c]
Lsalimov: checks
Donkasaurus7: bets $3
Lsalimov: calls $3
*** TURN *** [As 7c 4c] [Js]
Lsalimov: checks
Donkasaurus7: checks
*** RIVER *** [As 7c 4c Js] [3c]
Lsalimov: checks
Donkasaurus7: checks
*** SHOW DOWN ***
Lsalimov: shows [Kd 5s] (high card Ace)
Donkasaurus7: mucks hand
Lsalimov collected $17.64 from pot
*** SUMMARY ***
Total pot $18 | Rake $0.36
Board [As 7c 4c Js 3c]
Seat 1: Lsalimov (big blind) showed [Kd 5s] and won ($17.64) with high card Ace
Seat 2: Donkasaurus7 (button) (small blind) mucked


PokerStars Hand #146156562895:  Hold'em Limit ($3/$6 USD) - 2015/12/30 3:04:49 ET
Table 'Zeissia' 2-max Seat #1 is the button
Seat 1: Lsalimov ($188.17 in chips)
Seat 2: Donkasaurus7 ($125.24 in chips)
Lsalimov: posts small blind $1
Donkasaurus7: posts big blind $3
*** HOLE CARDS ***
Lsalimov: raises $3 to $6
Donkasaurus7: folds
Uncalled bet ($3) returned to Lsalimov
Lsalimov collected $6 from pot
Lsalimov: doesn't show hand
*** SUMMARY ***
Total pot $6 | Rake $0
Seat 1: Lsalimov (button) (small blind) collected ($6)
Seat 2: Donkasaurus7 (big blind) folded before Flop


PokerStars Hand #146156558393:  Hold'em Limit ($3/$6 USD) - 2015/12/30 3:04:36 ET
Table 'Zeissia' 2-max Seat #2 is the button
Seat 1: Lsalimov ($170.67 in chips)
Seat 2: Donkasaurus7 ($143.24 in chips)
Donkasaurus7: posts small blind $1
Lsalimov: posts big blind $3
*** HOLE CARDS ***
Donkasaurus7: raises $3 to $6
Lsalimov: calls $3
*** FLOP *** [9d Kd 4h]
Lsalimov: checks
Donkasaurus7: checks
*** TURN *** [9d Kd 4h] [5h]
Lsalimov: bets $6
Donkasaurus7: calls $6
*** RIVER *** [9d Kd 4h 5h] [3d]
Lsalimov: bets $6
Donkasaurus7: calls $6
*** SHOW DOWN ***
Lsalimov: shows [9s 7c] (a pair of Nines)
Donkasaurus7: mucks hand
Lsalimov collected $35.50 from pot
*** SUMMARY ***
Total pot $36 | Rake $0.50
Board [9d Kd 4h 5h 3d]
Seat 1: Lsalimov (big blind) showed [9s 7c] and won ($35.50) with a pair of Nines
Seat 2: Donkasaurus7 (button) (small blind) mucked


PokerStars Hand #146156584151:  Hold'em Limit ($3/$6 USD) - 2015/12/30 3:05:50 ET
Table 'Zeissia' 2-max Seat #2 is the button
Seat 1: Lsalimov ($228.81 in chips)
Seat 2: Donkasaurus7 ($82.88 in chips)
Donkasaurus7: posts small blind $1
Lsalimov: posts big blind $3
*** HOLE CARDS ***
Donkasaurus7: calls $2
Lsalimov: checks
*** FLOP *** [6c 3c 8c]
Lsalimov: bets $3
Donkasaurus7: raises $3 to $6
Lsalimov: calls $3
*** TURN *** [6c 3c 8c] [Ac]
Lsalimov: checks
Donkasaurus7: bets $6
Lsalimov: folds
Uncalled bet ($6) returned to Donkasaurus7
Donkasaurus7 collected $17.64 from pot
Donkasaurus7: doesn't show hand
*** SUMMARY ***
Total pot $18 | Rake $0.36
Board [6c 3c 8c Ac]
Seat 1: Lsalimov (big blind) folded on the Turn
Seat 2: Donkasaurus7 (button) (small blind) collected ($17.64)


PokerStars Hand #146156575017:  Hold'em Limit ($3/$6 USD) - 2015/12/30 3:05:24 ET
Table 'Zeissia' 2-max Seat #2 is the button
Seat 1: Lsalimov ($214.31 in chips)
Seat 2: Donkasaurus7 ($98.24 in chips)
Donkasaurus7: posts small blind $1
Lsalimov: posts big blind $3
*** HOLE CARDS ***
Donkasaurus7: raises $3 to $6
Lsalimov: raises $3 to $9
Donkasaurus7: calls $3
*** FLOP *** [5c 5h Kh]
Lsalimov: bets $3
Donkasaurus7: calls $3
*** TURN *** [5c 5h Kh] [3c]
Lsalimov: bets $6
Donkasaurus7: calls $6
*** RIVER *** [5c 5h Kh 3c] [3h]
Lsalimov: bets $6
Donkasaurus7: calls $6
*** SHOW DOWN ***
Lsalimov: shows [Kd Td] (two pair, Kings and Fives)
Donkasaurus7: mucks hand
Lsalimov collected $47.50 from pot
*** SUMMARY ***
Total pot $48 | Rake $0.50
Board [5c 5h Kh 3c 3h]
Seat 1: Lsalimov (big blind) showed [Kd Td] and won ($47.50) with two pair, Kings and Fives
Seat 2: Donkasaurus7 (button) (small blind) mucked


PokerStars Hand #146156580767:  Hold'em Limit ($3/$6 USD) - 2015/12/30 3:05:40 ET
Table 'Zeissia' 2-max Seat #1 is the button
Seat 1: Lsalimov ($237.81 in chips)
Seat 2: Donkasaurus7 ($74.24 in chips)
Lsalimov: posts small blind $1
Donkasaurus7: posts big blind $3
*** HOLE CARDS ***
Lsalimov: raises $3 to $6
Donkasaurus7: raises $3 to $9
Lsalimov: calls $3
*** FLOP *** [Ac 2h 2c]
Donkasaurus7: bets $3
Lsalimov: folds
Uncalled bet ($3) returned to Donkasaurus7
Donkasaurus7 collected $17.64 from pot
Donkasaurus7: doesn't show hand
*** SUMMARY ***
Total pot $18 | Rake $0.36
Board [Ac 2h 2c]
Seat 1: Lsalimov (button) (small blind) folded on the Flop
Seat 2: Donkasaurus7 (big blind) collected ($17.64)


PokerStars Hand #146156588914:  Hold'em Limit ($3/$6 USD) - 2015/12/30 3:06:04 ET
Table 'Zeissia' 2-max Seat #1 is the button
Seat 1: Lsalimov ($219.81 in chips)
Seat 2: Donkasaurus7 ($91.52 in chips)
Lsalimov: posts small blind $1
Donkasaurus7: posts big blind $3
*** HOLE CARDS ***
Lsalimov: raises $3 to $6
Donkasaurus7: folds
Uncalled bet ($3) returned to Lsalimov
Lsalimov collected $6 from pot
Lsalimov: doesn't show hand
*** SUMMARY ***
Total pot $6 | Rake $0
Seat 1: Lsalimov (button) (small blind) collected ($6)
Seat 2: Donkasaurus7 (big blind) folded before Flop


PokerStars Hand #146156569181:  Hold'em Limit ($3/$6 USD) - 2015/12/30 3:05:07 ET
Table 'Zeissia' 2-max Seat #1 is the button
Seat 1: Lsalimov ($199.81 in chips)
Seat 2: Donkasaurus7 ($113.24 in chips)
Lsalimov: posts small blind $1
Donkasaurus7: posts big blind $3
*** HOLE CARDS ***
Lsalimov: raises $3 to $6
Donkasaurus7: calls $3
*** FLOP *** [Ks 3h 7c]
Donkasaurus7: checks
Lsalimov: bets $3
Donkasaurus7: calls $3
*** TURN *** [Ks 3h 7c] [5s]
Donkasaurus7: checks
Lsalimov: checks
*** RIVER *** [Ks 3h 7c 5s] [Jh]
Donkasaurus7: checks
Lsalimov: bets $6
Donkasaurus7: calls $6
*** SHOW DOWN ***
Lsalimov: shows [Js 4d] (a pair of Jacks)
Donkasaurus7: mucks hand
Lsalimov collected $29.50 from pot
*** SUMMARY ***
Total pot $30 | Rake $0.50
Board [Ks 3h 7c 5s Jh]
Seat 1: Lsalimov (button) (small blind) showed [Js 4d] and won ($29.50) with a pair of Jacks
Seat 2: Donkasaurus7 (big blind) mucked


PokerStars Hand #146156591317:  Hold'em Limit ($3/$6 USD) - 2015/12/30 3:06:11 ET
Table 'Zeissia' 2-max Seat #2 is the button
Seat 1: Lsalimov ($222.81 in chips)
Seat 2: Donkasaurus7 ($88.52 in chips)
Donkasaurus7: posts small blind $1
Lsalimov: posts big blind $3
*** HOLE CARDS ***
Donkasaurus7: raises $3 to $6
Lsalimov: calls $3
*** FLOP *** [3h Ts 2c]
Lsalimov: checks
Donkasaurus7: bets $3
Lsalimov: calls $3
*** TURN *** [3h Ts 2c] [As]
Lsalimov: checks
Donkasaurus7: bets $6
Lsalimov: calls $6
*** RIVER *** [3h Ts 2c As] [7d]
Lsalimov: checks
Donkasaurus7: checks
*** SHOW DOWN ***
Lsalimov: shows [8c Qd] (high card Ace)
Donkasaurus7: mucks hand
Lsalimov collected $29.50 from pot
*** SUMMARY ***
Total pot $30 | Rake $0.50
Board [3h Ts 2c As 7d]
Seat 1: Lsalimov (big blind) showed [8c Qd] and won ($29.50) with high card Ace
Seat 2: Donkasaurus7 (button) (small blind) mucked


PokerStars Hand #146156597239:  Hold'em Limit ($3/$6 USD) - 2015/12/30 3:06:28 ET
Table 'Zeissia' 2-max Seat #1 is the button
Seat 1: Lsalimov ($237.31 in chips)
Seat 2: Donkasaurus7 ($73.52 in chips)
Lsalimov: posts small blind $1
Donkasaurus7: posts big blind $3
*** HOLE CARDS ***
Lsalimov: raises $3 to $6
Donkasaurus7: raises $3 to $9
Lsalimov: calls $3
*** FLOP *** [2h Ts 5c]
Donkasaurus7: bets $3
Lsalimov: calls $3
*** TURN *** [2h Ts 5c] [4d]
Donkasaurus7: bets $6
Lsalimov: calls $6
*** RIVER *** [2h Ts 5c 4d] [9h]
Donkasaurus7: bets $6
Lsalimov: calls $6
*** SHOW DOWN ***
Donkasaurus7: shows [Js Jh] (a pair of Jacks)
Lsalimov: mucks hand
Donkasaurus7 collected $47.50 from pot
*** SUMMARY ***
Total pot $48 | Rake $0.50
Board [2h Ts 5c 4d 9h]
Seat 1: Lsalimov (button) (small blind) mucked
Seat 2: Donkasaurus7 (big blind) showed [Js Jh] and won ($47.50) with a pair of Jacks


PokerStars Hand #146156602579:  Hold'em Limit ($3/$6 USD) - 2015/12/30 3:06:43 ET
Table 'Zeissia' 2-max Seat #2 is the button
Seat 1: Lsalimov ($213.31 in chips)
Seat 2: Donkasaurus7 ($97.02 in chips)
Donkasaurus7: posts small blind $1
Lsalimov: posts big blind $3
*** HOLE CARDS ***
Donkasaurus7: raises $3 to $6
Lsalimov: raises $3 to $9
Donkasaurus7: calls $3
*** FLOP *** [Jc Qs 6h]
Lsalimov: bets $3
Donkasaurus7: calls $3
*** TURN *** [Jc Qs 6h] [4s]
Lsalimov: checks
Donkasaurus7: checks
*** RIVER *** [Jc Qs 6h 4s] [8h]
Lsalimov: bets $6
Donkasaurus7: calls $6
*** SHOW DOWN ***
Lsalimov: shows [Ad 8c] (a pair of Eights)
Donkasaurus7: mucks hand
Lsalimov collected $35.50 from pot
*** SUMMARY ***
Total pot $36 | Rake $0.50
Board [Jc Qs 6h 4s 8h]
Seat 1: Lsalimov (big blind) showed [Ad 8c] and won ($35.50) with a pair of Eights
Seat 2: Donkasaurus7 (button) (small blind) mucked


PokerStars Hand #146156608426:  Hold'em Limit ($3/$6 USD) - 2015/12/30 3:07:00 ET
Table 'Zeissia' 2-max Seat #1 is the button
Seat 1: Lsalimov ($230.81 in chips)
Seat 2: Donkasaurus7 ($79.02 in chips)
Lsalimov: posts small blind $1
Donkasaurus7: posts big blind $3
*** HOLE CARDS ***
Lsalimov: raises $3 to $6
Donkasaurus7: calls $3
*** FLOP *** [8s 2c 6h]
Donkasaurus7: checks
Lsalimov: checks
*** TURN *** [8s 2c 6h] [Jc]
Donkasaurus7: checks
Lsalimov: checks
*** RIVER *** [8s 2c 6h Jc] [Ah]
Donkasaurus7: checks
Lsalimov: checks
*** SHOW DOWN ***
Donkasaurus7: shows [Kh 2d] (a pair of Deuces)
Lsalimov: mucks hand
Donkasaurus7 collected $11.76 from pot
*** SUMMARY ***
Total pot $12 | Rake $0.24
Board [8s 2c 6h Jc Ah]
Seat 1: Lsalimov (button) (small blind) mucked
Seat 2: Donkasaurus7 (big blind) showed [Kh 2d] and won ($11.76) with a pair of Deuces


PokerStars Hand #146156617107:  Hold'em Limit ($3/$6 USD) - 2015/12/30 3:07:25 ET
Table 'Zeissia' 2-max Seat #1 is the button
Seat 1: Lsalimov ($218.81 in chips)
Seat 2: Donkasaurus7 ($90.54 in chips)
Lsalimov: posts small blind $1
Donkasaurus7: posts big blind $3
*** HOLE CARDS ***
Lsalimov: raises $3 to $6
Donkasaurus7: folds
Uncalled bet ($3) returned to Lsalimov
Lsalimov collected $6 from pot
Lsalimov: doesn't show hand
*** SUMMARY ***
Total pot $6 | Rake $0
Seat 1: Lsalimov (button) (small blind) collected ($6)
Seat 2: Donkasaurus7 (big blind) folded before Flop


PokerStars Hand #146156613450:  Hold'em Limit ($3/$6 USD) - 2015/12/30 3:07:14 ET
Table 'Zeissia' 2-max Seat #2 is the button
Seat 1: Lsalimov ($224.81 in chips)
Seat 2: Donkasaurus7 ($84.78 in chips)
Donkasaurus7: posts small blind $1
Lsalimov: posts big blind $3
*** HOLE CARDS ***
Donkasaurus7: raises $3 to $6
Lsalimov: calls $3
*** FLOP *** [Js 5s 9c]
Lsalimov: checks
Donkasaurus7: checks
*** TURN *** [Js 5s 9c] [5c]
Lsalimov: checks
Donkasaurus7: bets $6
Lsalimov: folds
Uncalled bet ($6) returned to Donkasaurus7
Donkasaurus7 collected $11.76 from pot
Donkasaurus7: doesn't show hand
*** SUMMARY ***
Total pot $12 | Rake $0.24
Board [Js 5s 9c 5c]
Seat 1: Lsalimov (big blind) folded on the Turn
Seat 2: Donkasaurus7 (button) (small blind) collected ($11.76)


PokerStars Hand #146156633100:  Hold'em Limit ($3/$6 USD) - 2015/12/30 3:08:11 ET
Table 'Zeissia' 2-max Seat #1 is the button
Seat 1: Lsalimov ($227.31 in chips)
Seat 2: Donkasaurus7 ($81.04 in chips)
Lsalimov: posts small blind $1
Donkasaurus7: posts big blind $3
*** HOLE CARDS ***
Lsalimov: raises $3 to $6
Donkasaurus7: folds
Uncalled bet ($3) returned to Lsalimov
Lsalimov collected $6 from pot
Lsalimov: doesn't show hand
*** SUMMARY ***
Total pot $6 | Rake $0
Seat 1: Lsalimov (button) (small blind) collected ($6)
Seat 2: Donkasaurus7 (big blind) folded before Flop


PokerStars Hand #146156626811:  Hold'em Limit ($3/$6 USD) - 2015/12/30 3:07:52 ET
Table 'Zeissia' 2-max Seat #2 is the button
Seat 1: Lsalimov ($203.81 in chips)
Seat 2: Donkasaurus7 ($105.04 in chips)
Donkasaurus7: posts small blind $1
Lsalimov: posts big blind $3
*** HOLE CARDS ***
Donkasaurus7: raises $3 to $6
Lsalimov: raises $3 to $9
Donkasaurus7: calls $3
*** FLOP *** [Qd Tc Js]
Lsalimov: bets $3
Donkasaurus7: calls $3
*** TURN *** [Qd Tc Js] [7s]
Lsalimov: bets $6
Donkasaurus7: calls $6
*** RIVER *** [Qd Tc Js 7s] [Ah]
Lsalimov: bets $6
Donkasaurus7: calls $6
*** SHOW DOWN ***
Lsalimov: shows [Ac Jh] (two pair, Aces and Jacks)
Donkasaurus7: mucks hand
Lsalimov collected $47.50 from pot
*** SUMMARY ***
Total pot $48 | Rake $0.50
Board [Qd Tc Js 7s Ah]
Seat 1: Lsalimov (big blind) showed [Ac Jh] and won ($47.50) with two pair, Aces and Jacks
Seat 2: Donkasaurus7 (button) (small blind) mucked


PokerStars Hand #146156618759:  Hold'em Limit ($3/$6 USD) - 2015/12/30 3:07:29 ET
Table 'Zeissia' 2-max Seat #2 is the button
Seat 1: Lsalimov ($221.81 in chips)
Seat 2: Donkasaurus7 ($87.54 in chips)
Donkasaurus7: posts small blind $1
Lsalimov: posts big blind $3
*** HOLE CARDS ***
Donkasaurus7: raises $3 to $6
Lsalimov: folds
Uncalled bet ($3) returned to Donkasaurus7
Donkasaurus7 collected $6 from pot
Donkasaurus7: doesn't show hand
*** SUMMARY ***
Total pot $6 | Rake $0
Seat 1: Lsalimov (big blind) folded before Flop
Seat 2: Donkasaurus7 (button) (small blind) collected ($6)


PokerStars Hand #146156620848:  Hold'em Limit ($3/$6 USD) - 2015/12/30 3:07:35 ET
Table 'Zeissia' 2-max Seat #1 is the button
Seat 1: Lsalimov ($218.81 in chips)
Seat 2: Donkasaurus7 ($90.54 in chips)
Lsalimov: posts small blind $1
Donkasaurus7: posts big blind $3
*** HOLE CARDS ***
Lsalimov: raises $3 to $6
Donkasaurus7: raises $3 to $9
Lsalimov: calls $3
*** FLOP *** [9d Tc Kd]
Donkasaurus7: bets $3
Lsalimov: raises $3 to $6
Donkasaurus7: calls $3
*** TURN *** [9d Tc Kd] [Ts]
Donkasaurus7: checks
Lsalimov: checks
*** RIVER *** [9d Tc Kd Ts] [2c]
Donkasaurus7: checks
Lsalimov: checks
*** SHOW DOWN ***
Donkasaurus7: shows [9c 6c] (two pair, Tens and Nines)
Lsalimov: mucks hand
Donkasaurus7 collected $29.50 from pot
*** SUMMARY ***
Total pot $30 | Rake $0.50
Board [9d Tc Kd Ts 2c]
Seat 1: Lsalimov (button) (small blind) mucked
Seat 2: Donkasaurus7 (big blind) showed [9c 6c] and won ($29.50) with two pair, Tens and Nines


PokerStars Hand #146156655034:  Hold'em Limit ($3/$6 USD) - 2015/12/30 3:09:14 ET
Table 'Zeissia' 2-max Seat #2 is the button
Seat 1: Lsalimov ($199.95 in chips)
Seat 2: Donkasaurus7 ($106.82 in chips)
Donkasaurus7: posts small blind $1
Lsalimov: posts big blind $3
*** HOLE CARDS ***
Donkasaurus7: folds
Uncalled bet ($2) returned to Lsalimov
Lsalimov collected $2 from pot
Lsalimov: doesn't show hand
*** SUMMARY ***
Total pot $2 | Rake $0
Seat 1: Lsalimov (big blind) collected ($2)
Seat 2: Donkasaurus7 (button) (small blind) folded before Flop


PokerStars Hand #146156649365:  Hold'em Limit ($3/$6 USD) - 2015/12/30 3:08:58 ET
Table 'Zeissia' 2-max Seat #1 is the button
Seat 1: Lsalimov ($220.95 in chips)
Seat 2: Donkasaurus7 ($86.32 in chips)
Lsalimov: posts small blind $1
Donkasaurus7: posts big blind $3
*** HOLE CARDS ***
Lsalimov: raises $3 to $6
Donkasaurus7: calls $3
*** FLOP *** [3h 3s 8c]
Donkasaurus7: checks
Lsalimov: bets $3
Donkasaurus7: calls $3
*** TURN *** [3h 3s 8c] [2c]
Donkasaurus7: checks
Lsalimov: bets $6
Donkasaurus7: calls $6
*** RIVER *** [3h 3s 8c 2c] [Kd]
Donkasaurus7: checks
Lsalimov: bets $6
Donkasaurus7: calls $6
*** SHOW DOWN ***
Lsalimov: shows [8s 6h] (two pair, Eights and Threes)
Donkasaurus7: shows [2h Kh] (two pair, Kings and Threes)
Donkasaurus7 collected $41.50 from pot
*** SUMMARY ***
Total pot $42 | Rake $0.50
Board [3h 3s 8c 2c Kd]
Seat 1: Lsalimov (button) (small blind) showed [8s 6h] and lost with two pair, Eights and Threes
Seat 2: Donkasaurus7 (big blind) showed [2h Kh] and won ($41.50) with two pair, Kings and Threes


PokerStars Hand #146156647607:  Hold'em Limit ($3/$6 USD) - 2015/12/30 3:08:53 ET
Table 'Zeissia' 2-max Seat #2 is the button
Seat 1: Lsalimov ($223.95 in chips)
Seat 2: Donkasaurus7 ($83.32 in chips)
Donkasaurus7: posts small blind $1
Lsalimov: posts big blind $3
*** HOLE CARDS ***
Donkasaurus7: raises $3 to $6
Lsalimov: folds
Uncalled bet ($3) returned to Donkasaurus7
Donkasaurus7 collected $6 from pot
Donkasaurus7: doesn't show hand
*** SUMMARY ***
Total pot $6 | Rake $0
Seat 1: Lsalimov (big blind) folded before Flop
Seat 2: Donkasaurus7 (button) (small blind) collected ($6)


PokerStars Hand #146156646027:  Hold'em Limit ($3/$6 USD) - 2015/12/30 3:08:48 ET
Table 'Zeissia' 2-max Seat #1 is the button
Seat 1: Lsalimov ($220.95 in chips)
Seat 2: Donkasaurus7 ($86.32 in chips)
Lsalimov: posts small blind $1
Donkasaurus7: posts big blind $3
*** HOLE CARDS ***
Lsalimov: raises $3 to $6
Donkasaurus7: folds
Uncalled bet ($3) returned to Lsalimov
Lsalimov collected $6 from pot
Lsalimov: doesn't show hand
*** SUMMARY ***
Total pot $6 | Rake $0
Seat 1: Lsalimov (button) (small blind) collected ($6)
Seat 2: Donkasaurus7 (big blind) folded before Flop


PokerStars Hand #146156634898:  Hold'em Limit ($3/$6 USD) - 2015/12/30 3:08:16 ET
Table 'Zeissia' 2-max Seat #2 is the button
Seat 1: Lsalimov ($230.31 in chips)
Seat 2: Donkasaurus7 ($78.04 in chips)
Donkasaurus7: posts small blind $1
Lsalimov: posts big blind $3
*** HOLE CARDS ***
Donkasaurus7: raises $3 to $6
Lsalimov: raises $3 to $9
Donkasaurus7: calls $3
*** FLOP *** [As 9h 2s]
Lsalimov: bets $3
Donkasaurus7: folds
Uncalled bet ($3) returned to Lsalimov
Lsalimov collected $17.64 from pot
Lsalimov: doesn't show hand
*** SUMMARY ***
Total pot $18 | Rake $0.36
Board [As 9h 2s]
Seat 1: Lsalimov (big blind) collected ($17.64)
Seat 2: Donkasaurus7 (button) (small blind) folded on the Flop


PokerStars Hand #146156637925:  Hold'em Limit ($3/$6 USD) - 2015/12/30 3:08:25 ET
Table 'Zeissia' 2-max Seat #1 is the button
Seat 1: Lsalimov ($238.95 in chips)
Seat 2: Donkasaurus7 ($69.04 in chips)
Lsalimov: posts small blind $1
Donkasaurus7: posts big blind $3
*** HOLE CARDS ***
Lsalimov: raises $3 to $6
Donkasaurus7: calls $3
*** FLOP *** [2s 7c Qc]
Donkasaurus7: checks
Lsalimov: checks
*** TURN *** [2s 7c Qc] [4d]
Donkasaurus7: bets $6
Lsalimov: folds
Uncalled bet ($6) returned to Donkasaurus7
Donkasaurus7 collected $11.76 from pot
Donkasaurus7: doesn't show hand
*** SUMMARY ***
Total pot $12 | Rake $0.24
Board [2s 7c Qc 4d]
Seat 1: Lsalimov (button) (small blind) folded on the Turn
Seat 2: Donkasaurus7 (big blind) collected ($11.76)


PokerStars Hand #146156641784:  Hold'em Limit ($3/$6 USD) - 2015/12/30 3:08:36 ET
Table 'Zeissia' 2-max Seat #2 is the button
Seat 1: Lsalimov ($232.95 in chips)
Seat 2: Donkasaurus7 ($74.80 in chips)
Donkasaurus7: posts small blind $1
Lsalimov: posts big blind $3
*** HOLE CARDS ***
Donkasaurus7: raises $3 to $6
Lsalimov: raises $3 to $9
Donkasaurus7: calls $3
*** FLOP *** [5c 6s Kh]
Lsalimov: bets $3
Donkasaurus7: calls $3
*** TURN *** [5c 6s Kh] [4d]
Lsalimov: checks
Donkasaurus7: bets $6
Lsalimov: folds
Uncalled bet ($6) returned to Donkasaurus7
Donkasaurus7 collected $23.52 from pot
Donkasaurus7: doesn't show hand
*** SUMMARY ***
Total pot $24 | Rake $0.48
Board [5c 6s Kh 4d]
Seat 1: Lsalimov (big blind) folded on the Turn
Seat 2: Donkasaurus7 (button) (small blind) collected ($23.52)


PokerStars Hand #146156658503:  Hold'em Limit ($3/$6 USD) - 2015/12/30 3:09:24 ET
Table 'Zeissia' 2-max Seat #2 is the button
Seat 1: Lsalimov ($203.95 in chips)
Seat 2: Donkasaurus7 ($102.82 in chips)
Donkasaurus7: posts small blind $1
Lsalimov: posts big blind $3
*** HOLE CARDS ***
Donkasaurus7: raises $3 to $6
Lsalimov: calls $3
*** FLOP *** [Ah 6c 4d]
Lsalimov: checks
Donkasaurus7: bets $3
Lsalimov: raises $3 to $6
Donkasaurus7: calls $3
*** TURN *** [Ah 6c 4d] [Th]
Lsalimov: bets $6
Donkasaurus7: calls $6
*** RIVER *** [Ah 6c 4d Th] [Ks]
Lsalimov: checks
Donkasaurus7: checks
*** SHOW DOWN ***
Lsalimov: shows [Jh 3h] (high card Ace)
Donkasaurus7: shows [6s 9h] (a pair of Sixes)
Donkasaurus7 collected $35.50 from pot
*** SUMMARY ***
Total pot $36 | Rake $0.50
Board [Ah 6c 4d Th Ks]
Seat 1: Lsalimov (big blind) showed [Jh 3h] and lost with high card Ace
Seat 2: Donkasaurus7 (button) (small blind) showed [6s 9h] and won ($35.50) with a pair of Sixes


PokerStars Hand #146156665891:  Hold'em Limit ($3/$6 USD) - 2015/12/30 3:09:46 ET
Table 'Zeissia' 2-max Seat #1 is the button
Seat 1: Lsalimov ($185.95 in chips)
Seat 2: Donkasaurus7 ($120.32 in chips)
Lsalimov: posts small blind $1
Donkasaurus7: posts big blind $3
*** HOLE CARDS ***
Lsalimov: raises $3 to $6
Donkasaurus7: calls $3
*** FLOP *** [3h 2s Kh]
Donkasaurus7: checks
Lsalimov: bets $3
Donkasaurus7: folds
Uncalled bet ($3) returned to Lsalimov
Lsalimov collected $11.76 from pot
Lsalimov: doesn't show hand
*** SUMMARY ***
Total pot $12 | Rake $0.24
Board [3h 2s Kh]
Seat 1: Lsalimov (button) (small blind) collected ($11.76)
Seat 2: Donkasaurus7 (big blind) folded on the Flop


PokerStars Hand #146156674475:  Hold'em Limit ($3/$6 USD) - 2015/12/30 3:10:11 ET
Table 'Zeissia' 2-max Seat #2 is the button
Seat 1: Lsalimov ($188.71 in chips)
Seat 2: Donkasaurus7 ($117.08 in chips)
Donkasaurus7: posts small blind $1
Lsalimov: posts big blind $3
*** HOLE CARDS ***
Donkasaurus7: folds
Uncalled bet ($2) returned to Lsalimov
Lsalimov collected $2 from pot
Lsalimov: doesn't show hand
*** SUMMARY ***
Total pot $2 | Rake $0
Seat 1: Lsalimov (big blind) collected ($2)
Seat 2: Donkasaurus7 (button) (small blind) folded before Flop


PokerStars Hand #146156672780:  Hold'em Limit ($3/$6 USD) - 2015/12/30 3:10:06 ET
Table 'Zeissia' 2-max Seat #1 is the button
Seat 1: Lsalimov ($185.71 in chips)
Seat 2: Donkasaurus7 ($120.08 in chips)
Lsalimov: posts small blind $1
Donkasaurus7: posts big blind $3
*** HOLE CARDS ***
Lsalimov: raises $3 to $6
Donkasaurus7: folds
Uncalled bet ($3) returned to Lsalimov
Lsalimov collected $6 from pot
Lsalimov: doesn't show hand
*** SUMMARY ***
Total pot $6 | Rake $0
Seat 1: Lsalimov (button) (small blind) collected ($6)
Seat 2: Donkasaurus7 (big blind) folded before Flop


PokerStars Hand #146156668927:  Hold'em Limit ($3/$6 USD) - 2015/12/30 3:09:55 ET
Table 'Zeissia' 2-max Seat #2 is the button
Seat 1: Lsalimov ($191.71 in chips)
Seat 2: Donkasaurus7 ($114.32 in chips)
Donkasaurus7: posts small blind $1
Lsalimov: posts big blind $3
*** HOLE CARDS ***
Donkasaurus7: raises $3 to $6
Lsalimov: calls $3
*** FLOP *** [9s 4c 4d]
Lsalimov: checks
Donkasaurus7: checks
*** TURN *** [9s 4c 4d] [Ac]
Lsalimov: checks
Donkasaurus7: bets $6
Lsalimov: folds
Uncalled bet ($6) returned to Donkasaurus7
Donkasaurus7 collected $11.76 from pot
Donkasaurus7: doesn't show hand
*** SUMMARY ***
Total pot $12 | Rake $0.24
Board [9s 4c 4d Ac]
Seat 1: Lsalimov (big blind) folded on the Turn
Seat 2: Donkasaurus7 (button) (small blind) collected ($11.76)


PokerStars Hand #146156690244:  Hold'em Limit ($3/$6 USD) - 2015/12/30 3:10:57 ET
Table 'Zeissia' 2-max Seat #2 is the button
Seat 1: Lsalimov ($222.73 in chips)
Seat 2: Donkasaurus7 ($82.08 in chips)
Donkasaurus7: posts small blind $1
Lsalimov: posts big blind $3
*** HOLE CARDS ***
Donkasaurus7: raises $3 to $6
Lsalimov: raises $3 to $9
Donkasaurus7: calls $3
*** FLOP *** [Ac 5h 8c]
Lsalimov: bets $3
Donkasaurus7: calls $3
*** TURN *** [Ac 5h 8c] [6s]
Lsalimov: checks
Donkasaurus7: bets $6
Lsalimov: folds
Uncalled bet ($6) returned to Donkasaurus7
Donkasaurus7 collected $23.52 from pot
Donkasaurus7: doesn't show hand
*** SUMMARY ***
Total pot $24 | Rake $0.48
Board [Ac 5h 8c 6s]
Seat 1: Lsalimov (big blind) folded on the Turn
Seat 2: Donkasaurus7 (button) (small blind) collected ($23.52)


PokerStars Hand #146156675918:  Hold'em Limit ($3/$6 USD) - 2015/12/30 3:10:16 ET
Table 'Zeissia' 2-max Seat #1 is the button
Seat 1: Lsalimov ($189.71 in chips)
Seat 2: Donkasaurus7 ($116.08 in chips)
Lsalimov: posts small blind $1
Donkasaurus7: posts big blind $3
*** HOLE CARDS ***
Lsalimov: raises $3 to $6
Donkasaurus7: calls $3
*** FLOP *** [5h 9h 4s]
Donkasaurus7: checks
Lsalimov: checks
*** TURN *** [5h 9h 4s] [Ts]
Donkasaurus7: checks
Lsalimov: bets $6
Donkasaurus7: calls $6
*** RIVER *** [5h 9h 4s Ts] [Qh]
Donkasaurus7: checks
Lsalimov: bets $6
Donkasaurus7: folds
Uncalled bet ($6) returned to Lsalimov
Lsalimov collected $23.52 from pot
Lsalimov: doesn't show hand
*** SUMMARY ***
Total pot $24 | Rake $0.48
Board [5h 9h 4s Ts Qh]
Seat 1: Lsalimov (button) (small blind) collected ($23.52)
Seat 2: Donkasaurus7 (big blind) folded on the River


PokerStars Hand #146156684339:  Hold'em Limit ($3/$6 USD) - 2015/12/30 3:10:40 ET
Table 'Zeissia' 2-max Seat #1 is the button
Seat 1: Lsalimov ($202.23 in chips)
Seat 2: Donkasaurus7 ($103.08 in chips)
Lsalimov: posts small blind $1
Donkasaurus7: posts big blind $3
*** HOLE CARDS ***
Lsalimov: raises $3 to $6
Donkasaurus7: calls $3
*** FLOP *** [Qc Qh 4h]
Donkasaurus7: checks
Lsalimov: bets $3
Donkasaurus7: calls $3
*** TURN *** [Qc Qh 4h] [3d]
Donkasaurus7: checks
Lsalimov: bets $6
Donkasaurus7: calls $6
*** RIVER *** [Qc Qh 4h 3d] [7s]
Donkasaurus7: checks
Lsalimov: bets $6
Donkasaurus7: calls $6
*** SHOW DOWN ***
Lsalimov: shows [Qs 3h] (a full house, Queens full of Threes)
Donkasaurus7: mucks hand
Lsalimov collected $41.50 from pot
*** SUMMARY ***
Total pot $42 | Rake $0.50
Board [Qc Qh 4h 3d 7s]
Seat 1: Lsalimov (button) (small blind) showed [Qs 3h] and won ($41.50) with a full house, Queens full of Threes
Seat 2: Donkasaurus7 (big blind) mucked


PokerStars Hand #146156698472:  Hold'em Limit ($3/$6 USD) - 2015/12/30 3:11:21 ET
Table 'Zeissia' 2-max Seat #2 is the button
Seat 1: Lsalimov ($216.49 in chips)
Seat 2: Donkasaurus7 ($87.60 in chips)
Donkasaurus7: posts small blind $1
Lsalimov: posts big blind $3
*** HOLE CARDS ***
Donkasaurus7: raises $3 to $6
Lsalimov: calls $3
*** FLOP *** [5s Qs Qh]
Lsalimov: checks
Donkasaurus7: bets $3
Lsalimov: raises $3 to $6
Donkasaurus7: calls $3
*** TURN *** [5s Qs Qh] [9c]
Lsalimov: bets $6
Donkasaurus7: calls $6
*** RIVER *** [5s Qs Qh 9c] [Qc]
Lsalimov: bets $6
Donkasaurus7: calls $6
*** SHOW DOWN ***
Lsalimov: shows [5c Th] (a full house, Queens full of Fives)
Donkasaurus7: mucks hand
Lsalimov collected $47.50 from pot
*** SUMMARY ***
Total pot $48 | Rake $0.50
Board [5s Qs Qh 9c Qc]
Seat 1: Lsalimov (big blind) showed [5c Th] and won ($47.50) with a full house, Queens full of Fives
Seat 2: Donkasaurus7 (button) (small blind) mucked


PokerStars Hand #146156708434:  Hold'em Limit ($3/$6 USD) - 2015/12/30 3:11:50 ET
Table 'Zeissia' 2-max Seat #2 is the button
Seat 1: Lsalimov ($245.75 in chips)
Seat 2: Donkasaurus7 ($57.60 in chips)
Donkasaurus7: posts small blind $1
Lsalimov: posts big blind $3
*** HOLE CARDS ***
Donkasaurus7: raises $3 to $6
Lsalimov: calls $3
*** FLOP *** [Ts 9h 5h]
Lsalimov: checks
Donkasaurus7: checks
*** TURN *** [Ts 9h 5h] [Qd]
Lsalimov: checks
Donkasaurus7: checks
*** RIVER *** [Ts 9h 5h Qd] [4h]
Lsalimov: checks
Donkasaurus7: bets $6
Lsalimov: folds
Uncalled bet ($6) returned to Donkasaurus7
Donkasaurus7 collected $11.76 from pot
Donkasaurus7: doesn't show hand
*** SUMMARY ***
Total pot $12 | Rake $0.24
Board [Ts 9h 5h Qd 4h]
Seat 1: Lsalimov (big blind) folded on the River
Seat 2: Donkasaurus7 (button) (small blind) collected ($11.76)


PokerStars Hand #146156705432:  Hold'em Limit ($3/$6 USD) - 2015/12/30 3:11:41 ET
Table 'Zeissia' 2-max Seat #1 is the button
Seat 1: Lsalimov ($239.99 in chips)
Seat 2: Donkasaurus7 ($63.60 in chips)
Lsalimov: posts small blind $1
Donkasaurus7: posts big blind $3
*** HOLE CARDS ***
Lsalimov: raises $3 to $6
Donkasaurus7: calls $3
*** FLOP *** [Jh Kh Qh]
Donkasaurus7: checks
Lsalimov: bets $3
Donkasaurus7: folds
Uncalled bet ($3) returned to Lsalimov
Lsalimov collected $11.76 from pot
Lsalimov: doesn't show hand
*** SUMMARY ***
Total pot $12 | Rake $0.24
Board [Jh Kh Qh]
Seat 1: Lsalimov (button) (small blind) collected ($11.76)
Seat 2: Donkasaurus7 (big blind) folded on the Flop


PokerStars Hand #146156713017:  Hold'em Limit ($3/$6 USD) - 2015/12/30 3:12:03 ET
Table 'Zeissia' 2-max Seat #1 is the button
Seat 1: Lsalimov ($239.75 in chips)
Seat 2: Donkasaurus7 ($63.36 in chips)
Lsalimov: posts small blind $1
Donkasaurus7: posts big blind $3
*** HOLE CARDS ***
Lsalimov: raises $3 to $6
Donkasaurus7: calls $3
*** FLOP *** [Kh Js 3h]
Donkasaurus7: checks
Lsalimov: bets $3
Donkasaurus7: calls $3
*** TURN *** [Kh Js 3h] [2d]
Donkasaurus7: checks
Lsalimov: checks
*** RIVER *** [Kh Js 3h 2d] [4s]
Donkasaurus7: checks
Lsalimov: bets $6
Donkasaurus7: folds
Uncalled bet ($6) returned to Lsalimov
Lsalimov collected $17.64 from pot
Lsalimov: doesn't show hand
*** SUMMARY ***
Total pot $18 | Rake $0.36
Board [Kh Js 3h 2d 4s]
Seat 1: Lsalimov (button) (small blind) collected ($17.64)
Seat 2: Donkasaurus7 (big blind) folded on the River


PokerStars Hand #146156719110:  Hold'em Limit ($3/$6 USD) - 2015/12/30 3:12:20 ET
Table 'Zeissia' 2-max Seat #2 is the button
Seat 1: Lsalimov ($248.39 in chips)
Seat 2: Donkasaurus7 ($54.36 in chips)
Donkasaurus7: posts small blind $1
Lsalimov: posts big blind $3
*** HOLE CARDS ***
Donkasaurus7: raises $3 to $6
Lsalimov: calls $3
*** FLOP *** [Qh 5c 8s]
Lsalimov: checks
Donkasaurus7: checks
*** TURN *** [Qh 5c 8s] [2d]
Lsalimov: checks
Donkasaurus7: checks
*** RIVER *** [Qh 5c 8s 2d] [7c]
Lsalimov: bets $6
Donkasaurus7: calls $6
*** SHOW DOWN ***
Lsalimov: shows [Qd 8c] (two pair, Queens and Eights)
Donkasaurus7: mucks hand
Lsalimov collected $23.52 from pot
*** SUMMARY ***
Total pot $24 | Rake $0.48
Board [Qh 5c 8s 2d 7c]
Seat 1: Lsalimov (big blind) showed [Qd 8c] and won ($23.52) with two pair, Queens and Eights
Seat 2: Donkasaurus7 (button) (small blind) mucked


PokerStars Hand #146156723603:  Hold'em Limit ($3/$6 USD) - 2015/12/30 3:12:33 ET
Table 'Zeissia' 2-max Seat #1 is the button
Seat 1: Lsalimov ($259.91 in chips)
Seat 2: Donkasaurus7 ($42.36 in chips)
Lsalimov: posts small blind $1
Donkasaurus7: posts big blind $3
*** HOLE CARDS ***
Lsalimov: raises $3 to $6
Donkasaurus7: calls $3
*** FLOP *** [2d Jd 4c]
Donkasaurus7: checks
Lsalimov: bets $3
Donkasaurus7: raises $3 to $6
Lsalimov: calls $3
*** TURN *** [2d Jd 4c] [Th]
Donkasaurus7: bets $6
Lsalimov: folds
Uncalled bet ($6) returned to Donkasaurus7
Donkasaurus7 collected $23.52 from pot
Donkasaurus7: doesn't show hand
*** SUMMARY ***
Total pot $24 | Rake $0.48
Board [2d Jd 4c Th]
Seat 1: Lsalimov (button) (small blind) folded on the Turn
Seat 2: Donkasaurus7 (big blind) collected ($23.52)


PokerStars Hand #146156733376:  Hold'em Limit ($3/$6 USD) - 2015/12/30 3:13:01 ET
Table 'Zeissia' 2-max Seat #1 is the button
Seat 1: Lsalimov ($229.91 in chips)
Seat 2: Donkasaurus7 ($71.38 in chips)
Lsalimov: posts small blind $1
Donkasaurus7: posts big blind $3
*** HOLE CARDS ***
Lsalimov: raises $3 to $6
Donkasaurus7: calls $3
*** FLOP *** [Kh Tc 5d]
Donkasaurus7: checks
Lsalimov: bets $3
Donkasaurus7: folds
Uncalled bet ($3) returned to Lsalimov
Lsalimov collected $11.76 from pot
Lsalimov: doesn't show hand
*** SUMMARY ***
Total pot $12 | Rake $0.24
Board [Kh Tc 5d]
Seat 1: Lsalimov (button) (small blind) collected ($11.76)
Seat 2: Donkasaurus7 (big blind) folded on the Flop


PokerStars Hand #146156728634:  Hold'em Limit ($3/$6 USD) - 2015/12/30 3:12:48 ET
Table 'Zeissia' 2-max Seat #2 is the button
Seat 1: Lsalimov ($247.91 in chips)
Seat 2: Donkasaurus7 ($53.88 in chips)
Donkasaurus7: posts small blind $1
Lsalimov: posts big blind $3
*** HOLE CARDS ***
Donkasaurus7: raises $3 to $6
Lsalimov: raises $3 to $9
Donkasaurus7: calls $3
*** FLOP *** [6h Jd Kd]
Lsalimov: bets $3
Donkasaurus7: calls $3
*** TURN *** [6h Jd Kd] [2s]
Lsalimov: checks
Donkasaurus7: checks
*** RIVER *** [6h Jd Kd 2s] [Td]
Lsalimov: bets $6
Donkasaurus7: calls $6
*** SHOW DOWN ***
Lsalimov: shows [As Ts] (a pair of Tens)
Donkasaurus7: shows [8s Jh] (a pair of Jacks)
Donkasaurus7 collected $35.50 from pot
*** SUMMARY ***
Total pot $36 | Rake $0.50
Board [6h Jd Kd 2s Td]
Seat 1: Lsalimov (big blind) showed [As Ts] and lost with a pair of Tens
Seat 2: Donkasaurus7 (button) (small blind) showed [8s Jh] and won ($35.50) with a pair of Jacks


PokerStars Hand #146156743420:  Hold'em Limit ($3/$6 USD) - 2015/12/30 3:13:30 ET
Table 'Zeissia' 2-max Seat #2 is the button
Seat 1: Lsalimov ($252.95 in chips)
Seat 2: Donkasaurus7 ($47.38 in chips)
Donkasaurus7: posts small blind $1
Lsalimov: posts big blind $3
*** HOLE CARDS ***
Donkasaurus7: folds
Uncalled bet ($2) returned to Lsalimov
Lsalimov collected $2 from pot
Lsalimov: doesn't show hand
*** SUMMARY ***
Total pot $2 | Rake $0
Seat 1: Lsalimov (big blind) collected ($2)
Seat 2: Donkasaurus7 (button) (small blind) folded before Flop


PokerStars Hand #146156744904:  Hold'em Limit ($3/$6 USD) - 2015/12/30 3:13:34 ET
Table 'Zeissia' 2-max Seat #1 is the button
Seat 1: Lsalimov ($253.95 in chips)
Seat 2: Donkasaurus7 ($46.38 in chips)
Lsalimov: posts small blind $1
Donkasaurus7: posts big blind $3
*** HOLE CARDS ***
Lsalimov: raises $3 to $6
Donkasaurus7: calls $3
*** FLOP *** [Jh 8d 6d]
Donkasaurus7: checks
Lsalimov: bets $3
Donkasaurus7: calls $3
*** TURN *** [Jh 8d 6d] [7d]
Donkasaurus7: checks
Lsalimov: checks
*** RIVER *** [Jh 8d 6d 7d] [3h]
Donkasaurus7: checks
Lsalimov: bets $6
Donkasaurus7: folds
Uncalled bet ($6) returned to Lsalimov
Lsalimov collected $17.64 from pot
Lsalimov: doesn't show hand
*** SUMMARY ***
Total pot $18 | Rake $0.36
Board [Jh 8d 6d 7d 3h]
Seat 1: Lsalimov (button) (small blind) collected ($17.64)
Seat 2: Donkasaurus7 (big blind) folded on the River


PokerStars Hand #146156740760:  Hold'em Limit ($3/$6 USD) - 2015/12/30 3:13:22 ET
Table 'Zeissia' 2-max Seat #1 is the button
Seat 1: Lsalimov ($247.19 in chips)
Seat 2: Donkasaurus7 ($53.38 in chips)
Lsalimov: posts small blind $1
Donkasaurus7: posts big blind $3
*** HOLE CARDS ***
Lsalimov: raises $3 to $6
Donkasaurus7: calls $3
*** FLOP *** [Qh Kd 9s]
Donkasaurus7: checks
Lsalimov: bets $3
Donkasaurus7: folds
Uncalled bet ($3) returned to Lsalimov
Lsalimov collected $11.76 from pot
Lsalimov: doesn't show hand
*** SUMMARY ***
Total pot $12 | Rake $0.24
Board [Qh Kd 9s]
Seat 1: Lsalimov (button) (small blind) collected ($11.76)
Seat 2: Donkasaurus7 (big blind) folded on the Flop


PokerStars Hand #146156736296:  Hold'em Limit ($3/$6 USD) - 2015/12/30 3:13:09 ET
Table 'Zeissia' 2-max Seat #2 is the button
Seat 1: Lsalimov ($235.67 in chips)
Seat 2: Donkasaurus7 ($65.38 in chips)
Donkasaurus7: posts small blind $1
Lsalimov: posts big blind $3
*** HOLE CARDS ***
Donkasaurus7: raises $3 to $6
Lsalimov: calls $3
*** FLOP *** [8s Qd 7s]
Lsalimov: checks
Donkasaurus7: checks
*** TURN *** [8s Qd 7s] [Ad]
Lsalimov: checks
Donkasaurus7: bets $6
Lsalimov: calls $6
*** RIVER *** [8s Qd 7s Ad] [7h]
Lsalimov: checks
Donkasaurus7: checks
*** SHOW DOWN ***
Lsalimov: shows [Qs 6c] (two pair, Queens and Sevens)
Donkasaurus7: mucks hand
Lsalimov collected $23.52 from pot
*** SUMMARY ***
Total pot $24 | Rake $0.48
Board [8s Qd 7s Ad 7h]
Seat 1: Lsalimov (big blind) showed [Qs 6c] and won ($23.52) with two pair, Queens and Sevens
Seat 2: Donkasaurus7 (button) (small blind) mucked


PokerStars Hand #146156755404:  Hold'em Limit ($3/$6 USD) - 2015/12/30 3:14:04 ET
Table 'Zeissia' 2-max Seat #1 is the button
Seat 1: Lsalimov ($280.09 in chips)
Seat 2: Donkasaurus7 ($19.38 in chips)
Lsalimov: posts small blind $1
Donkasaurus7: posts big blind $3
*** HOLE CARDS ***
Lsalimov: raises $3 to $6
Donkasaurus7: calls $3
*** FLOP *** [Td As Kh]
Donkasaurus7: checks
Lsalimov: bets $3
Donkasaurus7: folds
Uncalled bet ($3) returned to Lsalimov
Lsalimov collected $11.76 from pot
Lsalimov: doesn't show hand
*** SUMMARY ***
Total pot $12 | Rake $0.24
Board [Td As Kh]
Seat 1: Lsalimov (button) (small blind) collected ($11.76)
Seat 2: Donkasaurus7 (big blind) folded on the Flop


PokerStars Hand #146156749920:  Hold'em Limit ($3/$6 USD) - 2015/12/30 3:13:49 ET
Table 'Zeissia' 2-max Seat #2 is the button
Seat 1: Lsalimov ($262.59 in chips)
Seat 2: Donkasaurus7 ($37.38 in chips)
Donkasaurus7: posts small blind $1
Lsalimov: posts big blind $3
*** HOLE CARDS ***
Donkasaurus7: raises $3 to $6
Lsalimov: calls $3
*** FLOP *** [Ac 5c 8c]
Lsalimov: checks
Donkasaurus7: bets $3
Lsalimov: raises $3 to $6
Donkasaurus7: calls $3
*** TURN *** [Ac 5c 8c] [7c]
Lsalimov: bets $6
Donkasaurus7: calls $6
*** RIVER *** [Ac 5c 8c 7c] [6s]
Lsalimov: checks
Donkasaurus7: checks
*** SHOW DOWN ***
Lsalimov: shows [8s Ad] (two pair, Aces and Eights)
Donkasaurus7: mucks hand
Lsalimov collected $35.50 from pot
*** SUMMARY ***
Total pot $36 | Rake $0.50
Board [Ac 5c 8c 7c 6s]
Seat 1: Lsalimov (big blind) showed [8s Ad] and won ($35.50) with two pair, Aces and Eights
Seat 2: Donkasaurus7 (button) (small blind) mucked


PokerStars Hand #146156757854:  Hold'em Limit ($3/$6 USD) - 2015/12/30 3:14:11 ET
Table 'Zeissia' 2-max Seat #2 is the button
Seat 1: Lsalimov ($285.85 in chips)
Seat 2: Donkasaurus7 ($13.38 in chips)
Donkasaurus7: posts small blind $1
Lsalimov: posts big blind $3
*** HOLE CARDS ***
Donkasaurus7: raises $3 to $6
Lsalimov: calls $3
*** FLOP *** [2s 2h 9d]
Lsalimov: checks
Donkasaurus7: bets $3
Lsalimov: folds
Uncalled bet ($3) returned to Donkasaurus7
Donkasaurus7 collected $11.76 from pot
Donkasaurus7: doesn't show hand
*** SUMMARY ***
Total pot $12 | Rake $0.24
Board [2s 2h 9d]
Seat 1: Lsalimov (big blind) folded on the Flop
Seat 2: Donkasaurus7 (button) (small blind) collected ($11.76)


PokerStars Hand #146156763223:  Hold'em Limit ($3/$6 USD) - 2015/12/30 3:14:27 ET
Table 'Zeissia' 2-max Seat #1 is the button
Seat 1: Lsalimov ($279.85 in chips)
Seat 2: Donkasaurus7 ($19.14 in chips)
Lsalimov: posts small blind $1
Donkasaurus7: posts big blind $3
*** HOLE CARDS ***
Lsalimov: raises $3 to $6
Donkasaurus7: folds
Uncalled bet ($3) returned to Lsalimov
Lsalimov collected $6 from pot
Lsalimov: doesn't show hand
*** SUMMARY ***
Total pot $6 | Rake $0
Seat 1: Lsalimov (button) (small blind) collected ($6)
Seat 2: Donkasaurus7 (big blind) folded before Flop


PokerStars Hand #146156765684:  Hold'em Limit ($3/$6 USD) - 2015/12/30 3:14:34 ET
Table 'Zeissia' 2-max Seat #2 is the button
Seat 1: Lsalimov ($282.85 in chips)
Seat 2: Donkasaurus7 ($16.14 in chips)
Donkasaurus7: posts small blind $1
Lsalimov: posts big blind $3
*** HOLE CARDS ***
Donkasaurus7: raises $3 to $6
Lsalimov: raises $3 to $9
Donkasaurus7: calls $3
*** FLOP *** [4c Kh 3s]
Lsalimov: bets $3
Donkasaurus7: calls $3
*** TURN *** [4c Kh 3s] [Kd]
Lsalimov: bets $6
Donkasaurus7: calls $4.14 and is all-in
Uncalled bet ($1.86) returned to Lsalimov
*** RIVER *** [4c Kh 3s Kd] [Td]
*** SHOW DOWN ***
Lsalimov: shows [Ks 4s] (a full house, Kings full of Fours)
Donkasaurus7: shows [Jd 7h] (a pair of Kings)
Donkasaurus7 leaves the table
Lsalimov collected $31.78 from pot
*** SUMMARY ***
Total pot $32.28 | Rake $0.50
Board [4c Kh 3s Kd Td]
Seat 1: Lsalimov (big blind) showed [Ks 4s] and won ($31.78) with a full house, Kings full of Fours
Seat 2: Donkasaurus7 (button) (small blind) showed [Jd 7h] and lost with a pair of Kings


PokerStars Hand #146165813096:  Hold'em Limit ($3/$6 USD) - 2015/12/30 8:11:44 ET
Table 'Zeissia' 6-max Seat #1 is the button
Seat 1: zeelogic666 ($60 in chips)
Seat 4: PelonCabelao ($60 in chips)
zeelogic666: posts small blind $1
PelonCabelao: posts big blind $3
*** HOLE CARDS ***
zeelogic666: folds
Uncalled bet ($2) returned to PelonCabelao
PelonCabelao collected $2 from pot
PelonCabelao: doesn't show hand
*** SUMMARY ***
Total pot $2 | Rake $0
Seat 1: zeelogic666 (button) (small blind) folded before Flop
Seat 4: PelonCabelao (big blind) collected ($2)


PokerStars Hand #146165834122:  Hold'em Limit ($3/$6 USD) - 2015/12/30 8:12:15 ET
Table 'Zeissia' 6-max Seat #1 is the button
Seat 1: zeelogic666 ($53 in chips)
Seat 4: PelonCabelao ($77.76 in chips)
zeelogic666: posts small blind $1
PelonCabelao: posts big blind $3
*** HOLE CARDS ***
zeelogic666: raises $3 to $6
PelonCabelao: calls $3
*** FLOP *** [4d Jh 8h]
PelonCabelao: checks
zeelogic666: bets $3
PelonCabelao: calls $3
*** TURN *** [4d Jh 8h] [Ah]
PelonCabelao: checks
zeelogic666: bets $6
PelonCabelao: folds
Uncalled bet ($6) returned to zeelogic666
zeelogic666 collected $17.64 from pot
zeelogic666: doesn't show hand
*** SUMMARY ***
Total pot $18 | Rake $0.36
Board [4d Jh 8h Ah]
Seat 1: zeelogic666 (button) (small blind) collected ($17.64)
Seat 4: PelonCabelao (big blind) folded on the Turn


PokerStars Hand #146165852596:  Hold'em Limit ($3/$6 USD) - 2015/12/30 8:12:43 ET
Table 'Zeissia' 6-max Seat #4 is the button
Seat 1: zeelogic666 ($61.64 in chips)
Seat 4: PelonCabelao ($72 in chips)
PelonCabelao: posts small blind $1
zeelogic666: posts big blind $3
*** HOLE CARDS ***
PelonCabelao: raises $3 to $6
zeelogic666: folds
Uncalled bet ($3) returned to PelonCabelao
PelonCabelao collected $6 from pot
PelonCabelao: doesn't show hand
*** SUMMARY ***
Total pot $6 | Rake $0
Seat 1: zeelogic666 (big blind) folded before Flop
Seat 4: PelonCabelao (button) (small blind) collected ($6)


PokerStars Hand #146165858314:  Hold'em Limit ($3/$6 USD) - 2015/12/30 8:12:51 ET
Table 'Zeissia' 6-max Seat #1 is the button
Seat 1: zeelogic666 ($58.64 in chips)
Seat 4: PelonCabelao ($75 in chips)
zeelogic666: posts small blind $1
PelonCabelao: posts big blind $3
*** HOLE CARDS ***
zeelogic666: raises $3 to $6
PelonCabelao: folds
Uncalled bet ($3) returned to zeelogic666
zeelogic666 collected $6 from pot
zeelogic666: doesn't show hand
*** SUMMARY ***
Total pot $6 | Rake $0
Seat 1: zeelogic666 (button) (small blind) collected ($6)
Seat 4: PelonCabelao (big blind) folded before Flop


PokerStars Hand #146165883115:  Hold'em Limit ($3/$6 USD) - 2015/12/30 8:13:28 ET
Table 'Zeissia' 6-max Seat #1 is the button
Seat 1: zeelogic666 ($70.28 in chips)
Seat 4: PelonCabelao ($72 in chips)
zeelogic666: posts small blind $1
PelonCabelao: posts big blind $3
*** HOLE CARDS ***
zeelogic666: raises $3 to $6
PelonCabelao: calls $3
*** FLOP *** [Ah Ac Qc]
PelonCabelao: checks
zeelogic666: checks
*** TURN *** [Ah Ac Qc] [6c]
PelonCabelao: checks
zeelogic666: bets $6
PelonCabelao: folds
Uncalled bet ($6) returned to zeelogic666
zeelogic666 collected $11.76 from pot
zeelogic666: doesn't show hand
*** SUMMARY ***
Total pot $12 | Rake $0.24
Board [Ah Ac Qc 6c]
Seat 1: zeelogic666 (button) (small blind) collected ($11.76)
Seat 4: PelonCabelao (big blind) folded on the Turn


PokerStars Hand #146165900519:  Hold'em Limit ($3/$6 USD) - 2015/12/30 8:13:54 ET
Table 'Zeissia' 6-max Seat #4 is the button
Seat 1: zeelogic666 ($76.04 in chips)
Seat 4: PelonCabelao ($72 in chips)
PelonCabelao: posts small blind $1
zeelogic666: posts big blind $3
*** HOLE CARDS ***
PelonCabelao: raises $3 to $6
zeelogic666: raises $3 to $9
PelonCabelao: calls $3
*** FLOP *** [6h 7s 2h]
zeelogic666: checks
PelonCabelao: bets $3
zeelogic666: calls $3
*** TURN *** [6h 7s 2h] [9c]
zeelogic666: checks
PelonCabelao: bets $6
zeelogic666: calls $6
*** RIVER *** [6h 7s 2h 9c] [Qd]
zeelogic666: checks
PelonCabelao: bets $6
zeelogic666: calls $6
*** SHOW DOWN ***
PelonCabelao: shows [9d 3c] (a pair of Nines)
zeelogic666: mucks hand
PelonCabelao collected $47.50 from pot
*** SUMMARY ***
Total pot $48 | Rake $0.50
Board [6h 7s 2h 9c Qd]
Seat 1: zeelogic666 (big blind) mucked
Seat 4: PelonCabelao (button) (small blind) showed [9d 3c] and won ($47.50) with a pair of Nines


PokerStars Hand #146165950959:  Hold'em Limit ($3/$6 USD) - 2015/12/30 8:15:09 ET
Table 'Zeissia' 6-max Seat #4 is the button
Seat 1: zeelogic666 ($55.04 in chips)
Seat 4: PelonCabelao ($92.50 in chips)
PelonCabelao: posts small blind $1
zeelogic666: posts big blind $3
*** HOLE CARDS ***
PelonCabelao: raises $3 to $6
zeelogic666: calls $3
*** FLOP *** [Qh 6c 2c]
zeelogic666: checks
PelonCabelao: bets $3
zeelogic666: calls $3
*** TURN *** [Qh 6c 2c] [9h]
zeelogic666: checks
PelonCabelao: bets $6
zeelogic666: calls $6
*** RIVER *** [Qh 6c 2c 9h] [Ts]
zeelogic666: checks
PelonCabelao: checks
*** SHOW DOWN ***
zeelogic666: shows [3s 6d] (a pair of Sixes)
PelonCabelao: mucks hand
zeelogic666 collected $29.50 from pot
*** SUMMARY ***
Total pot $30 | Rake $0.50
Board [Qh 6c 2c 9h Ts]
Seat 1: zeelogic666 (big blind) showed [3s 6d] and won ($29.50) with a pair of Sixes
Seat 4: PelonCabelao (button) (small blind) mucked


PokerStars Hand #146165939149:  Hold'em Limit ($3/$6 USD) - 2015/12/30 8:14:52 ET
Table 'Zeissia' 6-max Seat #1 is the button
Seat 1: zeelogic666 ($52.04 in chips)
Seat 4: PelonCabelao ($95.50 in chips)
zeelogic666: posts small blind $1
PelonCabelao: posts big blind $3
*** HOLE CARDS ***
zeelogic666: raises $3 to $6
PelonCabelao: folds
Uncalled bet ($3) returned to zeelogic666
zeelogic666 collected $6 from pot
zeelogic666: doesn't show hand
*** SUMMARY ***
Total pot $6 | Rake $0
Seat 1: zeelogic666 (button) (small blind) collected ($6)
Seat 4: PelonCabelao (big blind) folded before Flop


PokerStars Hand #146165976237:  Hold'em Limit ($3/$6 USD) - 2015/12/30 8:15:47 ET
Table 'Zeissia' 6-max Seat #1 is the button
Seat 1: zeelogic666 ($69.54 in chips)
Seat 4: PelonCabelao ($77.50 in chips)
zeelogic666: posts small blind $1
PelonCabelao: posts big blind $3
*** HOLE CARDS ***
zeelogic666: raises $3 to $6
PelonCabelao: raises $3 to $9
zeelogic666: calls $3
*** FLOP *** [5h 4d 6h]
PelonCabelao: bets $3
zeelogic666: calls $3
*** TURN *** [5h 4d 6h] [Jh]
PelonCabelao: bets $6
zeelogic666: calls $6
*** RIVER *** [5h 4d 6h Jh] [2h]
PelonCabelao: bets $6
zeelogic666: calls $6
*** SHOW DOWN ***
PelonCabelao: shows [Qs 9c] (high card Queen)
zeelogic666: shows [Qd 8h] (a flush, Jack high)
zeelogic666 collected $47.50 from pot
*** SUMMARY ***
Total pot $48 | Rake $0.50
Board [5h 4d 6h Jh 2h]
Seat 1: zeelogic666 (button) (small blind) showed [Qd 8h] and won ($47.50) with a flush, Jack high
Seat 4: PelonCabelao (big blind) showed [Qs 9c] and lost with high card Queen


PokerStars Hand #146166039552:  Hold'em Limit ($3/$6 USD) - 2015/12/30 8:17:15 ET
Table 'Zeissia' 6-max Seat #1 is the button
Seat 1: zeelogic666 ($113.54 in chips)
Seat 4: PelonCabelao ($72 in chips)
zeelogic666: posts small blind $1
PelonCabelao: posts big blind $3
*** HOLE CARDS ***
zeelogic666: raises $3 to $6
PelonCabelao: calls $3
*** FLOP *** [2h 8c 2c]
PelonCabelao: checks
zeelogic666: checks
*** TURN *** [2h 8c 2c] [3c]
PelonCabelao: checks
zeelogic666: bets $6
PelonCabelao: folds
Uncalled bet ($6) returned to zeelogic666
zeelogic666 collected $11.76 from pot
zeelogic666: doesn't show hand
*** SUMMARY ***
Total pot $12 | Rake $0.24
Board [2h 8c 2c 3c]
Seat 1: zeelogic666 (button) (small blind) collected ($11.76)
Seat 4: PelonCabelao (big blind) folded on the Turn


PokerStars Hand #146166003395:  Hold'em Limit ($3/$6 USD) - 2015/12/30 8:16:27 ET
Table 'Zeissia' 6-max Seat #4 is the button
Seat 1: zeelogic666 ($93.04 in chips)
Seat 4: PelonCabelao ($72 in chips)
PelonCabelao: posts small blind $1
zeelogic666: posts big blind $3
*** HOLE CARDS ***
PelonCabelao: raises $3 to $6
zeelogic666: raises $3 to $9
PelonCabelao: raises $3 to $12
Betting is capped
zeelogic666: calls $3
*** FLOP *** [4c Ah 6c]
zeelogic666: checks
PelonCabelao: bets $3
zeelogic666: calls $3
*** TURN *** [4c Ah 6c] [Td]
zeelogic666: checks
PelonCabelao: checks
*** RIVER *** [4c Ah 6c Td] [9h]
zeelogic666: bets $6
PelonCabelao: calls $6
*** SHOW DOWN ***
zeelogic666: shows [As Qh] (a pair of Aces)
PelonCabelao: mucks hand
zeelogic666 collected $41.50 from pot
*** SUMMARY ***
Total pot $42 | Rake $0.50
Board [4c Ah 6c Td 9h]
Seat 1: zeelogic666 (big blind) showed [As Qh] and won ($41.50) with a pair of Aces
Seat 4: PelonCabelao (button) (small blind) mucked


PokerStars Hand #146166069367:  Hold'em Limit ($3/$6 USD) - 2015/12/30 8:17:55 ET
Table 'Zeissia' 6-max Seat #4 is the button
Seat 1: zeelogic666 ($119.30 in chips)
Seat 4: PelonCabelao ($72 in chips)
PelonCabelao: posts small blind $1
zeelogic666: posts big blind $3
*** HOLE CARDS ***
PelonCabelao: raises $3 to $6
zeelogic666: calls $3
*** FLOP *** [2h 7c 3c]
zeelogic666: checks
PelonCabelao: bets $3
zeelogic666: calls $3
*** TURN *** [2h 7c 3c] [5d]
zeelogic666: checks
PelonCabelao: bets $6
zeelogic666: calls $6
*** RIVER *** [2h 7c 3c 5d] [7d]
zeelogic666: checks
PelonCabelao: bets $6
zeelogic666: raises $6 to $12
PelonCabelao: calls $6
*** SHOW DOWN ***
zeelogic666: shows [Ah 7h] (three of a kind, Sevens)
PelonCabelao: mucks hand
zeelogic666 collected $53.50 from pot
*** SUMMARY ***
Total pot $54 | Rake $0.50
Board [2h 7c 3c 5d 7d]
Seat 1: zeelogic666 (big blind) showed [Ah 7h] and won ($53.50) with three of a kind, Sevens
Seat 4: PelonCabelao (button) (small blind) mucked


PokerStars Hand #146166126570:  Hold'em Limit ($3/$6 USD) - 2015/12/30 8:19:20 ET
Table 'Zeissia' 6-max Seat #1 is the button
Seat 1: zeelogic666 ($166.30 in chips)
Seat 4: PelonCabelao ($75 in chips)
zeelogic666: posts small blind $1
PelonCabelao: posts big blind $3
*** HOLE CARDS ***
zeelogic666: calls $2
PelonCabelao: checks
*** FLOP *** [Qd Jc 9h]
PelonCabelao: bets $3
zeelogic666: folds
Uncalled bet ($3) returned to PelonCabelao
PelonCabelao collected $5.88 from pot
PelonCabelao: doesn't show hand
*** SUMMARY ***
Total pot $6 | Rake $0.12
Board [Qd Jc 9h]
Seat 1: zeelogic666 (button) (small blind) folded on the Flop
Seat 4: PelonCabelao (big blind) collected ($5.88)


PokerStars Hand #146166098888:  Hold'em Limit ($3/$6 USD) - 2015/12/30 8:18:39 ET
Table 'Zeissia' 6-max Seat #1 is the button
Seat 1: zeelogic666 ($145.80 in chips)
Seat 4: PelonCabelao ($72 in chips)
zeelogic666: posts small blind $1
PelonCabelao: posts big blind $3
*** HOLE CARDS ***
zeelogic666: raises $3 to $6
PelonCabelao: calls $3
*** FLOP *** [4d 5c Th]
PelonCabelao: checks
zeelogic666: checks
*** TURN *** [4d 5c Th] [7c]
PelonCabelao: bets $6
zeelogic666: calls $6
*** RIVER *** [4d 5c Th 7c] [8h]
PelonCabelao: bets $6
zeelogic666: raises $6 to $12
PelonCabelao: calls $6
*** SHOW DOWN ***
zeelogic666: shows [6d Ac] (a straight, Four to Eight)
PelonCabelao: mucks hand
zeelogic666 collected $47.50 from pot
*** SUMMARY ***
Total pot $48 | Rake $0.50
Board [4d 5c Th 7c 8h]
Seat 1: zeelogic666 (button) (small blind) showed [6d Ac] and won ($47.50) with a straight, Four to Eight
Seat 4: PelonCabelao (big blind) mucked


