PokerStars Hand #164548872670:  Hold'em Limit ($3/$6 USD) - 2017/01/14 5:28:20 ET
Table 'Zeissia II' 6-max Seat #1 is the button
Seat 1: LifeisagameX ($84 in chips)
Seat 6: juhraut ($146.50 in chips)
LifeisagameX: posts small blind $1
juhraut: posts big blind $3
*** HOLE CARDS ***
LifeisagameX: raises $3 to $6
juhraut: folds
Uncalled bet ($3) returned to LifeisagameX
LifeisagameX collected $6 from pot
LifeisagameX: doesn't show hand
*** SUMMARY ***
Total pot $6 | Rake $0
Seat 1: LifeisagameX (button) (small blind) collected ($6)
Seat 6: juhraut (big blind) folded before Flop


PokerStars Hand #164548836731:  Hold'em Limit ($3/$6 USD) - 2017/01/14 5:27:05 ET
Table 'Zeissia II' 6-max Seat #6 is the button
Seat 1: LifeisagameX ($84 in chips)
Seat 6: juhraut ($120 in chips)
juhraut: posts small blind $1
LifeisagameX: posts big blind $3
*** HOLE CARDS ***
juhraut: raises $3 to $6
LifeisagameX: calls $3
*** FLOP *** [Qc Jh 3h]
LifeisagameX: checks
juhraut: bets $3
LifeisagameX: raises $3 to $6
juhraut: raises $3 to $9
LifeisagameX: calls $3
*** TURN *** [Qc Jh 3h] [7h]
LifeisagameX: checks
juhraut: bets $6
LifeisagameX: calls $6
*** RIVER *** [Qc Jh 3h 7h] [9s]
LifeisagameX: checks
juhraut: bets $6
LifeisagameX: calls $6
*** SHOW DOWN ***
juhraut: shows [Ah Qs] (a pair of Queens)
LifeisagameX: mucks hand
juhraut collected $53.50 from pot
*** SUMMARY ***
Total pot $54 | Rake $0.50
Board [Qc Jh 3h 7h 9s]
Seat 1: LifeisagameX (big blind) mucked
Seat 6: juhraut (button) (small blind) showed [Ah Qs] and won ($53.50) with a pair of Queens


PokerStars Hand #164548876384:  Hold'em Limit ($3/$6 USD) - 2017/01/14 5:28:28 ET
Table 'Zeissia II' 6-max Seat #6 is the button
Seat 1: LifeisagameX ($87 in chips)
Seat 6: juhraut ($143.50 in chips)
juhraut: posts small blind $1
LifeisagameX: posts big blind $3
*** HOLE CARDS ***
juhraut: raises $3 to $6
LifeisagameX: raises $3 to $9
juhraut: calls $3
*** FLOP *** [Qd Ks 8c]
LifeisagameX: bets $3
juhraut: folds
Uncalled bet ($3) returned to LifeisagameX
LifeisagameX collected $17.64 from pot
LifeisagameX: doesn't show hand
*** SUMMARY ***
Total pot $18 | Rake $0.36
Board [Qd Ks 8c]
Seat 1: LifeisagameX (big blind) collected ($17.64)
Seat 6: juhraut (button) (small blind) folded on the Flop


PokerStars Hand #164548913313:  Hold'em Limit ($3/$6 USD) - 2017/01/14 5:29:46 ET
Table 'Zeissia II' 6-max Seat #6 is the button
Seat 1: LifeisagameX ($84 in chips)
Seat 6: juhraut ($152 in chips)
juhraut: posts small blind $1
LifeisagameX: posts big blind $3
*** HOLE CARDS ***
juhraut: raises $3 to $6
LifeisagameX: raises $3 to $9
juhraut: calls $3
*** FLOP *** [Ks Ac Ad]
LifeisagameX: bets $3
juhraut: folds
Uncalled bet ($3) returned to LifeisagameX
LifeisagameX collected $17.64 from pot
LifeisagameX: doesn't show hand
*** SUMMARY ***
Total pot $18 | Rake $0.36
Board [Ks Ac Ad]
Seat 1: LifeisagameX (big blind) collected ($17.64)
Seat 6: juhraut (button) (small blind) folded on the Flop


PokerStars Hand #164548891071:  Hold'em Limit ($3/$6 USD) - 2017/01/14 5:28:59 ET
Table 'Zeissia II' 6-max Seat #1 is the button
Seat 1: LifeisagameX ($95.64 in chips)
Seat 6: juhraut ($134.50 in chips)
LifeisagameX: posts small blind $1
juhraut: posts big blind $3
*** HOLE CARDS ***
LifeisagameX: raises $3 to $6
juhraut: raises $3 to $9
LifeisagameX: calls $3
*** FLOP *** [Th Qs Ah]
juhraut: bets $3
LifeisagameX: calls $3
*** TURN *** [Th Qs Ah] [2d]
juhraut: bets $6
LifeisagameX: calls $6
*** RIVER *** [Th Qs Ah 2d] [4c]
juhraut: bets $6
LifeisagameX: folds
Uncalled bet ($6) returned to juhraut
juhraut collected $35.50 from pot
juhraut: doesn't show hand
*** SUMMARY ***
Total pot $36 | Rake $0.50
Board [Th Qs Ah 2d 4c]
Seat 1: LifeisagameX (button) (small blind) folded on the River
Seat 6: juhraut (big blind) collected ($35.50)


PokerStars Hand #164548949845:  Hold'em Limit ($3/$6 USD) - 2017/01/14 5:31:03 ET
Table 'Zeissia II' 6-max Seat #6 is the button
Seat 1: LifeisagameX ($107.14 in chips)
Seat 6: juhraut ($128 in chips)
juhraut: posts small blind $1
LifeisagameX: posts big blind $3
*** HOLE CARDS ***
juhraut: folds
Uncalled bet ($2) returned to LifeisagameX
LifeisagameX collected $2 from pot
LifeisagameX: doesn't show hand
*** SUMMARY ***
Total pot $2 | Rake $0
Seat 1: LifeisagameX (big blind) collected ($2)
Seat 6: juhraut (button) (small blind) folded before Flop


PokerStars Hand #164548927108:  Hold'em Limit ($3/$6 USD) - 2017/01/14 5:30:15 ET
Table 'Zeissia II' 6-max Seat #1 is the button
Seat 1: LifeisagameX ($92.64 in chips)
Seat 6: juhraut ($143 in chips)
LifeisagameX: posts small blind $1
juhraut: posts big blind $3
*** HOLE CARDS ***
LifeisagameX: raises $3 to $6
juhraut: calls $3
*** FLOP *** [Jd 3h 6h]
juhraut: bets $3
LifeisagameX: calls $3
*** TURN *** [Jd 3h 6h] [6d]
juhraut: bets $6
LifeisagameX: calls $6
*** RIVER *** [Jd 3h 6h 6d] [Kh]
juhraut: checks
LifeisagameX: checks
*** SHOW DOWN ***
juhraut: shows [5s 2s] (a pair of Sixes)
LifeisagameX: shows [7c Ad] (a pair of Sixes - Ace kicker)
LifeisagameX collected $29.50 from pot
*** SUMMARY ***
Total pot $30 | Rake $0.50
Board [Jd 3h 6h 6d Kh]
Seat 1: LifeisagameX (button) (small blind) showed [7c Ad] and won ($29.50) with a pair of Sixes
Seat 6: juhraut (big blind) showed [5s 2s] and lost with a pair of Sixes


PokerStars Hand #164548952097:  Hold'em Limit ($3/$6 USD) - 2017/01/14 5:31:08 ET
Table 'Zeissia II' 6-max Seat #1 is the button
Seat 1: LifeisagameX ($108.14 in chips)
Seat 6: juhraut ($127 in chips)
LifeisagameX: posts small blind $1
juhraut: posts big blind $3
*** HOLE CARDS ***
LifeisagameX: raises $3 to $6
juhraut: folds
Uncalled bet ($3) returned to LifeisagameX
LifeisagameX collected $6 from pot
LifeisagameX: doesn't show hand
*** SUMMARY ***
Total pot $6 | Rake $0
Seat 1: LifeisagameX (button) (small blind) collected ($6)
Seat 6: juhraut (big blind) folded before Flop


PokerStars Hand #164548972705:  Hold'em Limit ($3/$6 USD) - 2017/01/14 5:31:51 ET
Table 'Zeissia II' 6-max Seat #1 is the button
Seat 1: LifeisagameX ($105.14 in chips)
Seat 6: juhraut ($129.76 in chips)
LifeisagameX: posts small blind $1
juhraut: posts big blind $3
*** HOLE CARDS ***
LifeisagameX: raises $3 to $6
juhraut: folds
Uncalled bet ($3) returned to LifeisagameX
LifeisagameX collected $6 from pot
LifeisagameX: doesn't show hand
*** SUMMARY ***
Total pot $6 | Rake $0
Seat 1: LifeisagameX (button) (small blind) collected ($6)
Seat 6: juhraut (big blind) folded before Flop


PokerStars Hand #164548978228:  Hold'em Limit ($3/$6 USD) - 2017/01/14 5:32:03 ET
Table 'Zeissia II' 6-max Seat #6 is the button
Seat 1: LifeisagameX ($108.14 in chips)
Seat 6: juhraut ($126.76 in chips)
juhraut: posts small blind $1
LifeisagameX: posts big blind $3
*** HOLE CARDS ***
juhraut: raises $3 to $6
LifeisagameX: raises $3 to $9
juhraut: raises $3 to $12
Betting is capped
LifeisagameX: calls $3
*** FLOP *** [Js 3d 6d]
LifeisagameX: checks
juhraut: bets $3
LifeisagameX: calls $3
*** TURN *** [Js 3d 6d] [2d]
LifeisagameX: checks
juhraut: bets $6
LifeisagameX: raises $6 to $12
juhraut: folds
Uncalled bet ($6) returned to LifeisagameX
LifeisagameX collected $41.50 from pot
LifeisagameX: doesn't show hand
*** SUMMARY ***
Total pot $42 | Rake $0.50
Board [Js 3d 6d 2d]
Seat 1: LifeisagameX (big blind) collected ($41.50)
Seat 6: juhraut (button) (small blind) folded on the Turn


PokerStars Hand #164548955972:  Hold'em Limit ($3/$6 USD) - 2017/01/14 5:31:16 ET
Table 'Zeissia II' 6-max Seat #6 is the button
Seat 1: LifeisagameX ($111.14 in chips)
Seat 6: juhraut ($124 in chips)
juhraut: posts small blind $1
LifeisagameX: posts big blind $3
*** HOLE CARDS ***
juhraut: raises $3 to $6
LifeisagameX: calls $3
*** FLOP *** [7d 8c 5s]
LifeisagameX: checks
juhraut: bets $3
LifeisagameX: folds
Uncalled bet ($3) returned to juhraut
juhraut collected $11.76 from pot
juhraut: doesn't show hand
*** SUMMARY ***
Total pot $12 | Rake $0.24
Board [7d 8c 5s]
Seat 1: LifeisagameX (big blind) folded on the Flop
Seat 6: juhraut (button) (small blind) collected ($11.76)


PokerStars Hand #164548997195:  Hold'em Limit ($3/$6 USD) - 2017/01/14 5:32:43 ET
Table 'Zeissia II' 6-max Seat #1 is the button
Seat 1: LifeisagameX ($128.64 in chips)
Seat 6: juhraut ($105.76 in chips)
LifeisagameX: posts small blind $1
juhraut: posts big blind $3
*** HOLE CARDS ***
LifeisagameX: raises $3 to $6
juhraut: raises $3 to $9
LifeisagameX: calls $3
*** FLOP *** [Js 3c 9d]
juhraut: bets $3
LifeisagameX: calls $3
*** TURN *** [Js 3c 9d] [8s]
juhraut: bets $6
LifeisagameX: calls $6
*** RIVER *** [Js 3c 9d 8s] [Qs]
juhraut: bets $6
LifeisagameX: calls $6
*** SHOW DOWN ***
juhraut: shows [Td Ah] (a straight, Eight to Queen)
LifeisagameX: mucks hand
juhraut collected $47.50 from pot
*** SUMMARY ***
Total pot $48 | Rake $0.50
Board [Js 3c 9d 8s Qs]
Seat 1: LifeisagameX (button) (small blind) mucked
Seat 6: juhraut (big blind) showed [Td Ah] and won ($47.50) with a straight, Eight to Queen


PokerStars Hand #164549032651:  Hold'em Limit ($3/$6 USD) - 2017/01/14 5:33:57 ET
Table 'Zeissia II' 6-max Seat #6 is the button
Seat 1: LifeisagameX ($119.16 in chips)
Seat 6: juhraut ($114.26 in chips)
juhraut: posts small blind $1
LifeisagameX: posts big blind $3
*** HOLE CARDS ***
juhraut: folds
Uncalled bet ($2) returned to LifeisagameX
LifeisagameX collected $2 from pot
LifeisagameX: doesn't show hand
*** SUMMARY ***
Total pot $2 | Rake $0
Seat 1: LifeisagameX (big blind) collected ($2)
Seat 6: juhraut (button) (small blind) folded before Flop


PokerStars Hand #164549029937:  Hold'em Limit ($3/$6 USD) - 2017/01/14 5:33:51 ET
Table 'Zeissia II' 6-max Seat #1 is the button
Seat 1: LifeisagameX ($116.16 in chips)
Seat 6: juhraut ($117.26 in chips)
LifeisagameX: posts small blind $1
juhraut: posts big blind $3
*** HOLE CARDS ***
LifeisagameX: raises $3 to $6
juhraut: folds
Uncalled bet ($3) returned to LifeisagameX
LifeisagameX collected $6 from pot
LifeisagameX: doesn't show hand
*** SUMMARY ***
Total pot $6 | Rake $0
Seat 1: LifeisagameX (button) (small blind) collected ($6)
Seat 6: juhraut (big blind) folded before Flop


PokerStars Hand #164549019878:  Hold'em Limit ($3/$6 USD) - 2017/01/14 5:33:30 ET
Table 'Zeissia II' 6-max Seat #6 is the button
Seat 1: LifeisagameX ($104.64 in chips)
Seat 6: juhraut ($129.26 in chips)
juhraut: posts small blind $1
LifeisagameX: posts big blind $3
*** HOLE CARDS ***
juhraut: raises $3 to $6
LifeisagameX: raises $3 to $9
juhraut: calls $3
*** FLOP *** [7s 8d 3d]
LifeisagameX: bets $3
juhraut: calls $3
*** TURN *** [7s 8d 3d] [Kc]
LifeisagameX: checks
juhraut: checks
*** RIVER *** [7s 8d 3d Kc] [Qh]
LifeisagameX: checks
juhraut: checks
*** SHOW DOWN ***
LifeisagameX: shows [8c 8h] (three of a kind, Eights)
juhraut: mucks hand
LifeisagameX collected $23.52 from pot
*** SUMMARY ***
Total pot $24 | Rake $0.48
Board [7s 8d 3d Kc Qh]
Seat 1: LifeisagameX (big blind) showed [8c 8h] and won ($23.52) with three of a kind, Eights
Seat 6: juhraut (button) (small blind) mucked


PokerStars Hand #164549034972:  Hold'em Limit ($3/$6 USD) - 2017/01/14 5:34:02 ET
Table 'Zeissia II' 6-max Seat #1 is the button
Seat 1: LifeisagameX ($120.16 in chips)
Seat 6: juhraut ($113.26 in chips)
LifeisagameX: posts small blind $1
juhraut: posts big blind $3
*** HOLE CARDS ***
LifeisagameX: raises $3 to $6
juhraut: calls $3
*** FLOP *** [Qc Js 2c]
juhraut: checks
LifeisagameX: checks
*** TURN *** [Qc Js 2c] [8c]
juhraut: bets $6
LifeisagameX: folds
Uncalled bet ($6) returned to juhraut
juhraut collected $11.76 from pot
juhraut: doesn't show hand
*** SUMMARY ***
Total pot $12 | Rake $0.24
Board [Qc Js 2c 8c]
Seat 1: LifeisagameX (button) (small blind) folded on the Turn
Seat 6: juhraut (big blind) collected ($11.76)


PokerStars Hand #164549061733:  Hold'em Limit ($3/$6 USD) - 2017/01/14 5:34:58 ET
Table 'Zeissia II' 6-max Seat #6 is the button
Seat 1: LifeisagameX ($114.16 in chips)
Seat 6: juhraut ($119.02 in chips)
juhraut: posts small blind $1
LifeisagameX: posts big blind $3
*** HOLE CARDS ***
juhraut: raises $3 to $6
LifeisagameX: calls $3
*** FLOP *** [9c Tc Kh]
LifeisagameX: checks
juhraut: bets $3
LifeisagameX: raises $3 to $6
juhraut: calls $3
*** TURN *** [9c Tc Kh] [4d]
LifeisagameX: bets $6
juhraut: calls $6
*** RIVER *** [9c Tc Kh 4d] [5h]
LifeisagameX: bets $6
juhraut: calls $6
*** SHOW DOWN ***
LifeisagameX: shows [7h Kd] (a pair of Kings)
juhraut: mucks hand
LifeisagameX collected $47.50 from pot
*** SUMMARY ***
Total pot $48 | Rake $0.50
Board [9c Tc Kh 4d 5h]
Seat 1: LifeisagameX (big blind) showed [7h Kd] and won ($47.50) with a pair of Kings
Seat 6: juhraut (button) (small blind) mucked


PokerStars Hand #164549083422:  Hold'em Limit ($3/$6 USD) - 2017/01/14 5:35:43 ET
Table 'Zeissia II' 6-max Seat #1 is the button
Seat 1: LifeisagameX ($137.66 in chips)
Seat 6: juhraut ($95.02 in chips)
LifeisagameX: posts small blind $1
juhraut: posts big blind $3
*** HOLE CARDS ***
LifeisagameX: raises $3 to $6
juhraut: raises $3 to $9
LifeisagameX: calls $3
*** FLOP *** [As 6d 3c]
juhraut: bets $3
LifeisagameX: calls $3
*** TURN *** [As 6d 3c] [7c]
juhraut: checks
LifeisagameX: checks
*** RIVER *** [As 6d 3c 7c] [Jh]
juhraut: checks
LifeisagameX: bets $6
juhraut: folds
Uncalled bet ($6) returned to LifeisagameX
LifeisagameX collected $23.52 from pot
LifeisagameX: doesn't show hand
*** SUMMARY ***
Total pot $24 | Rake $0.48
Board [As 6d 3c 7c Jh]
Seat 1: LifeisagameX (button) (small blind) collected ($23.52)
Seat 6: juhraut (big blind) folded on the River


PokerStars Hand #164549117746:  Hold'em Limit ($3/$6 USD) - 2017/01/14 5:36:55 ET
Table 'Zeissia II' 6-max Seat #6 is the button
Seat 1: LifeisagameX ($149.18 in chips)
Seat 6: juhraut ($83.02 in chips)
juhraut: posts small blind $1
LifeisagameX: posts big blind $3
*** HOLE CARDS ***
juhraut: folds
Uncalled bet ($2) returned to LifeisagameX
LifeisagameX collected $2 from pot
LifeisagameX: doesn't show hand
*** SUMMARY ***
Total pot $2 | Rake $0
Seat 1: LifeisagameX (big blind) collected ($2)
Seat 6: juhraut (button) (small blind) folded before Flop


PokerStars Hand #164549143995:  Hold'em Limit ($3/$6 USD) - 2017/01/14 5:37:49 ET
Table 'Zeissia II' 6-max Seat #6 is the button
Seat 1: LifeisagameX ($126.18 in chips)
Seat 6: juhraut ($105.52 in chips)
juhraut: posts small blind $1
LifeisagameX: posts big blind $3
*** HOLE CARDS ***
juhraut: raises $3 to $6
LifeisagameX: raises $3 to $9
juhraut: raises $3 to $12
Betting is capped
LifeisagameX: calls $3
*** FLOP *** [Kd 4d 3d]
LifeisagameX: checks
juhraut: bets $3
LifeisagameX: calls $3
*** TURN *** [Kd 4d 3d] [2c]
LifeisagameX: bets $6
juhraut: folds
Uncalled bet ($6) returned to LifeisagameX
LifeisagameX collected $29.50 from pot
LifeisagameX: doesn't show hand
*** SUMMARY ***
Total pot $30 | Rake $0.50
Board [Kd 4d 3d 2c]
Seat 1: LifeisagameX (big blind) collected ($29.50)
Seat 6: juhraut (button) (small blind) folded on the Turn


PokerStars Hand #164549120199:  Hold'em Limit ($3/$6 USD) - 2017/01/14 5:37:00 ET
Table 'Zeissia II' 6-max Seat #1 is the button
Seat 1: LifeisagameX ($150.18 in chips)
Seat 6: juhraut ($82.02 in chips)
LifeisagameX: posts small blind $1
juhraut: posts big blind $3
*** HOLE CARDS ***
LifeisagameX: raises $3 to $6
juhraut: raises $3 to $9
LifeisagameX: calls $3
*** FLOP *** [4d 3d 2d]
juhraut: bets $3
LifeisagameX: calls $3
*** TURN *** [4d 3d 2d] [6h]
juhraut: bets $6
LifeisagameX: calls $6
*** RIVER *** [4d 3d 2d 6h] [4c]
juhraut: bets $6
LifeisagameX: calls $6
*** SHOW DOWN ***
juhraut: shows [5h As] (a straight, Deuce to Six)
LifeisagameX: mucks hand
juhraut collected $47.50 from pot
*** SUMMARY ***
Total pot $48 | Rake $0.50
Board [4d 3d 2d 6h 4c]
Seat 1: LifeisagameX (button) (small blind) mucked
Seat 6: juhraut (big blind) showed [5h As] and won ($47.50) with a straight, Deuce to Six


PokerStars Hand #164549180679:  Hold'em Limit ($3/$6 USD) - 2017/01/14 5:39:05 ET
Table 'Zeissia II' 6-max Seat #1 is the button
Seat 1: LifeisagameX ($132.68 in chips)
Seat 6: juhraut ($98.16 in chips)
LifeisagameX: posts small blind $1
juhraut: posts big blind $3
*** HOLE CARDS ***
LifeisagameX: raises $3 to $6
juhraut: folds
Uncalled bet ($3) returned to LifeisagameX
LifeisagameX collected $6 from pot
LifeisagameX: doesn't show hand
*** SUMMARY ***
Total pot $6 | Rake $0
Seat 1: LifeisagameX (button) (small blind) collected ($6)
Seat 6: juhraut (big blind) folded before Flop


PokerStars Hand #164549177640:  Hold'em Limit ($3/$6 USD) - 2017/01/14 5:38:59 ET
Table 'Zeissia II' 6-max Seat #6 is the button
Seat 1: LifeisagameX ($131.68 in chips)
Seat 6: juhraut ($99.16 in chips)
juhraut: posts small blind $1
LifeisagameX: posts big blind $3
*** HOLE CARDS ***
juhraut: folds
Uncalled bet ($2) returned to LifeisagameX
LifeisagameX collected $2 from pot
LifeisagameX: doesn't show hand
*** SUMMARY ***
Total pot $2 | Rake $0
Seat 1: LifeisagameX (big blind) collected ($2)
Seat 6: juhraut (button) (small blind) folded before Flop


PokerStars Hand #164549163008:  Hold'em Limit ($3/$6 USD) - 2017/01/14 5:38:29 ET
Table 'Zeissia II' 6-max Seat #1 is the button
Seat 1: LifeisagameX ($140.68 in chips)
Seat 6: juhraut ($90.52 in chips)
LifeisagameX: posts small blind $1
juhraut: posts big blind $3
*** HOLE CARDS ***
LifeisagameX: raises $3 to $6
juhraut: calls $3
*** FLOP *** [Kc Qh 9s]
juhraut: bets $3
LifeisagameX: calls $3
*** TURN *** [Kc Qh 9s] [Kd]
juhraut: bets $6
LifeisagameX: folds
Uncalled bet ($6) returned to juhraut
juhraut collected $17.64 from pot
juhraut: doesn't show hand
*** SUMMARY ***
Total pot $18 | Rake $0.36
Board [Kc Qh 9s Kd]
Seat 1: LifeisagameX (button) (small blind) folded on the Turn
Seat 6: juhraut (big blind) collected ($17.64)


PokerStars Hand #164549219386:  Hold'em Limit ($3/$6 USD) - 2017/01/14 5:40:25 ET
Table 'Zeissia II' 6-max Seat #6 is the button
Seat 1: LifeisagameX ($123.68 in chips)
Seat 6: juhraut ($106.68 in chips)
juhraut: posts small blind $1
LifeisagameX: posts big blind $3
*** HOLE CARDS ***
juhraut: folds
Uncalled bet ($2) returned to LifeisagameX
LifeisagameX collected $2 from pot
LifeisagameX: doesn't show hand
*** SUMMARY ***
Total pot $2 | Rake $0
Seat 1: LifeisagameX (big blind) collected ($2)
Seat 6: juhraut (button) (small blind) folded before Flop


PokerStars Hand #164549201637:  Hold'em Limit ($3/$6 USD) - 2017/01/14 5:39:48 ET
Table 'Zeissia II' 6-max Seat #1 is the button
Seat 1: LifeisagameX ($129.68 in chips)
Seat 6: juhraut ($100.92 in chips)
LifeisagameX: posts small blind $1
juhraut: posts big blind $3
*** HOLE CARDS ***
LifeisagameX: raises $3 to $6
juhraut: calls $3
*** FLOP *** [7c 9s Ah]
juhraut: checks
LifeisagameX: checks
*** TURN *** [7c 9s Ah] [4h]
juhraut: bets $6
LifeisagameX: folds
Uncalled bet ($6) returned to juhraut
juhraut collected $11.76 from pot
juhraut: doesn't show hand
*** SUMMARY ***
Total pot $12 | Rake $0.24
Board [7c 9s Ah 4h]
Seat 1: LifeisagameX (button) (small blind) folded on the Turn
Seat 6: juhraut (big blind) collected ($11.76)


PokerStars Hand #164549183707:  Hold'em Limit ($3/$6 USD) - 2017/01/14 5:39:11 ET
Table 'Zeissia II' 6-max Seat #6 is the button
Seat 1: LifeisagameX ($135.68 in chips)
Seat 6: juhraut ($95.16 in chips)
juhraut: posts small blind $1
LifeisagameX: posts big blind $3
*** HOLE CARDS ***
juhraut: raises $3 to $6
LifeisagameX: calls $3
*** FLOP *** [Kc Qc Kh]
LifeisagameX: checks
juhraut: bets $3
LifeisagameX: folds
Uncalled bet ($3) returned to juhraut
juhraut collected $11.76 from pot
juhraut: doesn't show hand
*** SUMMARY ***
Total pot $12 | Rake $0.24
Board [Kc Qc Kh]
Seat 1: LifeisagameX (big blind) folded on the Flop
Seat 6: juhraut (button) (small blind) collected ($11.76)


PokerStars Hand #164549221975:  Hold'em Limit ($3/$6 USD) - 2017/01/14 5:40:30 ET
Table 'Zeissia II' 6-max Seat #1 is the button
Seat 1: LifeisagameX ($124.68 in chips)
Seat 6: juhraut ($105.68 in chips)
LifeisagameX: posts small blind $1
juhraut: posts big blind $3
*** HOLE CARDS ***
LifeisagameX: raises $3 to $6
juhraut: calls $3
*** FLOP *** [9c 4h 3s]
juhraut: bets $3
LifeisagameX: calls $3
*** TURN *** [9c 4h 3s] [2c]
juhraut: bets $6
LifeisagameX: calls $6
*** RIVER *** [9c 4h 3s 2c] [9d]
juhraut: bets $6
LifeisagameX: calls $6
*** SHOW DOWN ***
juhraut: shows [7s 5c] (a pair of Nines)
LifeisagameX: shows [Kh 3h] (two pair, Nines and Threes)
LifeisagameX collected $41.50 from pot
*** SUMMARY ***
Total pot $42 | Rake $0.50
Board [9c 4h 3s 2c 9d]
Seat 1: LifeisagameX (button) (small blind) showed [Kh 3h] and won ($41.50) with two pair, Nines and Threes
Seat 6: juhraut (big blind) showed [7s 5c] and lost with a pair of Nines


PokerStars Hand #164549232807:  Hold'em Limit ($3/$6 USD) - 2017/01/14 5:40:53 ET
Table 'Zeissia II' 6-max Seat #6 is the button
Seat 1: LifeisagameX ($145.18 in chips)
Seat 6: juhraut ($84.68 in chips)
juhraut: posts small blind $1
LifeisagameX: posts big blind $3
*** HOLE CARDS ***
juhraut: raises $3 to $6
LifeisagameX: raises $3 to $9
juhraut: raises $3 to $12
Betting is capped
LifeisagameX: calls $3
*** FLOP *** [7h Qh 5c]
LifeisagameX: checks
juhraut: bets $3
LifeisagameX: calls $3
*** TURN *** [7h Qh 5c] [Kh]
LifeisagameX: checks
juhraut: bets $6
LifeisagameX: calls $6
*** RIVER *** [7h Qh 5c Kh] [9c]
LifeisagameX: checks
juhraut: bets $6
LifeisagameX: calls $6
*** SHOW DOWN ***
juhraut: shows [Ah 8h] (a flush, Ace high)
LifeisagameX: mucks hand
juhraut collected $53.50 from pot
*** SUMMARY ***
Total pot $54 | Rake $0.50
Board [7h Qh 5c Kh 9c]
Seat 1: LifeisagameX (big blind) mucked
Seat 6: juhraut (button) (small blind) showed [Ah 8h] and won ($53.50) with a flush, Ace high


