PokerStars Hand #145947131231:  Hold'em Limit ($3/$6 USD) - 2015/12/26 10:40:00 ET
Table 'Zeissia' 2-max Seat #2 is the button
Seat 1: BigYelloFish ($120 in chips)
Seat 2: MobutuSeSe ($120 in chips)
MobutuSeSe: posts small blind $1
BigYelloFish: posts big blind $3
*** HOLE CARDS ***
MobutuSeSe: folds
Uncalled bet ($2) returned to BigYelloFish
BigYelloFish collected $2 from pot
BigYelloFish: doesn't show hand
*** SUMMARY ***
Total pot $2 | Rake $0
Seat 1: BigYelloFish (big blind) collected ($2)
Seat 2: MobutuSeSe (button) (small blind) folded before Flop


PokerStars Hand #145947156775:  Hold'em Limit ($3/$6 USD) - 2015/12/26 10:40:32 ET
Table 'Zeissia' 2-max Seat #1 is the button
Seat 1: BigYelloFish ($121 in chips)
Seat 2: MobutuSeSe ($119 in chips)
BigYelloFish: posts small blind $1
MobutuSeSe: posts big blind $3
*** HOLE CARDS ***
BigYelloFish: raises $3 to $6
MobutuSeSe: calls $3
*** FLOP *** [8c 2s 5s]
MobutuSeSe: checks
BigYelloFish: bets $3
MobutuSeSe: calls $3
*** TURN *** [8c 2s 5s] [Qs]
MobutuSeSe: checks
BigYelloFish: checks
*** RIVER *** [8c 2s 5s Qs] [3c]
MobutuSeSe: bets $6
BigYelloFish: folds
Uncalled bet ($6) returned to MobutuSeSe
MobutuSeSe collected $17.64 from pot
MobutuSeSe: doesn't show hand
*** SUMMARY ***
Total pot $18 | Rake $0.36
Board [8c 2s 5s Qs 3c]
Seat 1: BigYelloFish (button) (small blind) folded on the River
Seat 2: MobutuSeSe (big blind) collected ($17.64)


