PokerStars Hand #149357592776:  Hold'em Limit ($3/$6 USD) - 2016/02/24 16:06:49 ET
Table 'Zeissia III' 6-max Seat #6 is the button
Seat 1: Zubasa07 ($500 in chips)
Seat 6: Andredias950 ($86.85 in chips)
Andredias950: posts small blind $1
Zubasa07: posts big blind $3
*** HOLE CARDS ***
Andredias950: calls $2
Zubasa07: checks
*** FLOP *** [Kd 5c 4s]
Zubasa07: bets $3
Andredias950: calls $3
*** TURN *** [Kd 5c 4s] [9s]
Zubasa07: bets $6
Andredias950: calls $6
*** RIVER *** [Kd 5c 4s 9s] [2c]
Zubasa07: checks
Andredias950: bets $6
Zubasa07: calls $6
*** SHOW DOWN ***
Andredias950: shows [3d Ah] (a straight, Ace to Five)
Zubasa07: mucks hand
Andredias950 collected $35.50 from pot
*** SUMMARY ***
Total pot $36 | Rake $0.50
Board [Kd 5c 4s 9s 2c]
Seat 1: Zubasa07 (big blind) mucked
Seat 6: Andredias950 (button) (small blind) showed [3d Ah] and won ($35.50) with a straight, Ace to Five


PokerStars Hand #149357666130:  Hold'em Limit ($3/$6 USD) - 2016/02/24 16:08:00 ET
Table 'Zeissia III' 6-max Seat #6 is the button
Seat 1: Zubasa07 ($487.76 in chips)
Seat 6: Andredias950 ($98.35 in chips)
Andredias950: posts small blind $1
Zubasa07: posts big blind $3
*** HOLE CARDS ***
Andredias950: folds
Uncalled bet ($2) returned to Zubasa07
Zubasa07 collected $2 from pot
Zubasa07: doesn't show hand
*** SUMMARY ***
Total pot $2 | Rake $0
Seat 1: Zubasa07 (big blind) collected ($2)
Seat 6: Andredias950 (button) (small blind) folded before Flop


PokerStars Hand #149357643087:  Hold'em Limit ($3/$6 USD) - 2016/02/24 16:07:37 ET
Table 'Zeissia III' 6-max Seat #1 is the button
Seat 1: Zubasa07 ($482 in chips)
Seat 6: Andredias950 ($104.35 in chips)
Zubasa07: posts small blind $1
Chessnok joins the table at seat #2
Andredias950: posts big blind $3
*** HOLE CARDS ***
Zubasa07: raises $3 to $6
Andredias950: calls $3
*** FLOP *** [3d 5c Qc]
Andredias950: checks
Zubasa07: bets $3
Andredias950: folds
Uncalled bet ($3) returned to Zubasa07
Zubasa07 collected $11.76 from pot
Zubasa07: doesn't show hand
*** SUMMARY ***
Total pot $12 | Rake $0.24
Board [3d 5c Qc]
Seat 1: Zubasa07 (button) (small blind) collected ($11.76)
Seat 6: Andredias950 (big blind) folded on the Flop


PokerStars Hand #149357855503:  Hold'em Limit ($3/$6 USD) - 2016/02/24 16:11:05 ET
Table 'Zeissia III' 6-max Seat #6 is the button
Seat 2: Chessnok ($81 in chips)
Seat 6: Andredias950 ($135.48 in chips)
Andredias950: posts small blind $1
Zubasa07: is sitting out
Chessnok: posts big blind $3
*** HOLE CARDS ***
Andredias950: folds
Uncalled bet ($2) returned to Chessnok
Chessnok collected $2 from pot
Chessnok: doesn't show hand
*** SUMMARY ***
Total pot $2 | Rake $0
Seat 2: Chessnok (big blind) collected ($2)
Seat 6: Andredias950 (button) (small blind) folded before Flop


PokerStars Hand #149357861842:  Hold'em Limit ($3/$6 USD) - 2016/02/24 16:11:11 ET
Table 'Zeissia III' 6-max Seat #2 is the button
Seat 2: Chessnok ($82 in chips)
Seat 6: Andredias950 ($134.48 in chips)
Chessnok: posts small blind $1
Andredias950: posts big blind $3
*** HOLE CARDS ***
Chessnok: raises $3 to $6
Andredias950: raises $3 to $9
Zubasa07 leaves the table
Chessnok: calls $3
*** FLOP *** [4d 8d 3s]
Andredias950: bets $3
Chessnok: calls $3
*** TURN *** [4d 8d 3s] [Tc]
Andredias950: bets $6
Chessnok: folds
Uncalled bet ($6) returned to Andredias950
Andredias950 collected $23.52 from pot
Andredias950: doesn't show hand
*** SUMMARY ***
Total pot $24 | Rake $0.48
Board [4d 8d 3s Tc]
Seat 2: Chessnok (button) (small blind) folded on the Turn
Seat 6: Andredias950 (big blind) collected ($23.52)


PokerStars Hand #149357905869:  Hold'em Limit ($3/$6 USD) - 2016/02/24 16:11:54 ET
Table 'Zeissia III' 6-max Seat #2 is the button
Seat 2: Chessnok ($78.64 in chips)
Seat 6: Andredias950 ($137 in chips)
Chessnok: posts small blind $1
Andredias950: posts big blind $3
*** HOLE CARDS ***
Chessnok: folds
Uncalled bet ($2) returned to Andredias950
Andredias950 collected $2 from pot
Andredias950: doesn't show hand
*** SUMMARY ***
Total pot $2 | Rake $0
Seat 2: Chessnok (button) (small blind) folded before Flop
Seat 6: Andredias950 (big blind) collected ($2)


PokerStars Hand #149357880967:  Hold'em Limit ($3/$6 USD) - 2016/02/24 16:11:29 ET
Table 'Zeissia III' 6-max Seat #6 is the button
Seat 2: Chessnok ($70 in chips)
Seat 6: Andredias950 ($146 in chips)
Andredias950: posts small blind $1
Chessnok: posts big blind $3
*** HOLE CARDS ***
Andredias950: calls $2
Chessnok: raises $3 to $6
Andredias950: calls $3
*** FLOP *** [5d 2c 5c]
Chessnok: bets $3
Andredias950: calls $3
*** TURN *** [5d 2c 5c] [Th]
Chessnok: checks
Andredias950: checks
*** RIVER *** [5d 2c 5c Th] [5h]
Chessnok: checks
Andredias950: checks
*** SHOW DOWN ***
Chessnok: shows [7h Kh] (three of a kind, Fives)
Andredias950: mucks hand
Chessnok collected $17.64 from pot
*** SUMMARY ***
Total pot $18 | Rake $0.36
Board [5d 2c 5c Th 5h]
Seat 2: Chessnok (big blind) showed [7h Kh] and won ($17.64) with three of a kind, Fives
Seat 6: Andredias950 (button) (small blind) mucked


PokerStars Hand #149357911092:  Hold'em Limit ($3/$6 USD) - 2016/02/24 16:11:59 ET
Table 'Zeissia III' 6-max Seat #6 is the button
Seat 2: Chessnok ($77.64 in chips)
Seat 6: Andredias950 ($138 in chips)
Andredias950: posts small blind $1
Chessnok: posts big blind $3
*** HOLE CARDS ***
Andredias950: folds
Uncalled bet ($2) returned to Chessnok
Chessnok collected $2 from pot
Chessnok: doesn't show hand
*** SUMMARY ***
Total pot $2 | Rake $0
Seat 2: Chessnok (big blind) collected ($2)
Seat 6: Andredias950 (button) (small blind) folded before Flop


PokerStars Hand #149357946445:  Hold'em Limit ($3/$6 USD) - 2016/02/24 16:12:33 ET
Table 'Zeissia III' 6-max Seat #6 is the button
Seat 2: Chessnok ($66.64 in chips)
Seat 6: Andredias950 ($148.52 in chips)
Andredias950: posts small blind $1
Chessnok: posts big blind $3
*** HOLE CARDS ***
Andredias950: folds
Uncalled bet ($2) returned to Chessnok
Chessnok collected $2 from pot
Chessnok: doesn't show hand
*** SUMMARY ***
Total pot $2 | Rake $0
Seat 2: Chessnok (big blind) collected ($2)
Seat 6: Andredias950 (button) (small blind) folded before Flop


PokerStars Hand #149357918023:  Hold'em Limit ($3/$6 USD) - 2016/02/24 16:12:05 ET
Table 'Zeissia III' 6-max Seat #2 is the button
Seat 2: Chessnok ($78.64 in chips)
Seat 6: Andredias950 ($137 in chips)
Chessnok: posts small blind $1
Andredias950: posts big blind $3
*** HOLE CARDS ***
Chessnok: raises $3 to $6
Andredias950: raises $3 to $9
Chessnok: calls $3
*** FLOP *** [Ks Ad Qc]
Andredias950: bets $3
Chessnok: calls $3
*** TURN *** [Ks Ad Qc] [As]
Andredias950: bets $6
Chessnok: folds
Uncalled bet ($6) returned to Andredias950
Andredias950 collected $23.52 from pot
Andredias950: doesn't show hand
*** SUMMARY ***
Total pot $24 | Rake $0.48
Board [Ks Ad Qc As]
Seat 2: Chessnok (button) (small blind) folded on the Turn
Seat 6: Andredias950 (big blind) collected ($23.52)


PokerStars Hand #149357953518:  Hold'em Limit ($3/$6 USD) - 2016/02/24 16:12:40 ET
Table 'Zeissia III' 6-max Seat #2 is the button
Seat 2: Chessnok ($67.64 in chips)
Seat 6: Andredias950 ($147.52 in chips)
Chessnok: posts small blind $1
Andredias950: posts big blind $3
*** HOLE CARDS ***
Chessnok: raises $3 to $6
Andredias950: calls $3
*** FLOP *** [9d Ts 2s]
Andredias950: checks
Chessnok: bets $3
Andredias950: calls $3
*** TURN *** [9d Ts 2s] [Ks]
Andredias950: checks
Chessnok: bets $6
Andredias950: calls $6
*** RIVER *** [9d Ts 2s Ks] [Ah]
Andredias950: checks
Chessnok: checks
*** SHOW DOWN ***
Andredias950: shows [Kc 9h] (two pair, Kings and Nines)
Chessnok: mucks hand
Andredias950 collected $29.50 from pot
*** SUMMARY ***
Total pot $30 | Rake $0.50
Board [9d Ts 2s Ks Ah]
Seat 2: Chessnok (button) (small blind) mucked
Seat 6: Andredias950 (big blind) showed [Kc 9h] and won ($29.50) with two pair, Kings and Nines


PokerStars Hand #149357980521:  Hold'em Limit ($3/$6 USD) - 2016/02/24 16:13:06 ET
Table 'Zeissia III' 6-max Seat #6 is the button
Seat 2: Chessnok ($60 in chips)
Seat 6: Andredias950 ($162.02 in chips)
Andredias950: posts small blind $1
Chessnok: posts big blind $3
*** HOLE CARDS ***
Andredias950: raises $3 to $6
Chessnok: calls $3
*** FLOP *** [Ad As 8s]
Chessnok: checks
Andredias950: bets $3
Chessnok: folds
Uncalled bet ($3) returned to Andredias950
Andredias950 collected $11.76 from pot
Andredias950: doesn't show hand
*** SUMMARY ***
Total pot $12 | Rake $0.24
Board [Ad As 8s]
Seat 2: Chessnok (big blind) folded on the Flop
Seat 6: Andredias950 (button) (small blind) collected ($11.76)


PokerStars Hand #149358026673:  Hold'em Limit ($3/$6 USD) - 2016/02/24 16:13:51 ET
Table 'Zeissia III' 6-max Seat #6 is the button
Seat 2: Chessnok ($60 in chips)
Seat 6: Andredias950 ($182.28 in chips)
Andredias950: posts small blind $1
Chessnok: posts big blind $3
*** HOLE CARDS ***
Andredias950: folds
Uncalled bet ($2) returned to Chessnok
Chessnok collected $2 from pot
Chessnok: doesn't show hand
*** SUMMARY ***
Total pot $2 | Rake $0
Seat 2: Chessnok (big blind) collected ($2)
Seat 6: Andredias950 (button) (small blind) folded before Flop


PokerStars Hand #149357998452:  Hold'em Limit ($3/$6 USD) - 2016/02/24 16:13:23 ET
Table 'Zeissia III' 6-max Seat #2 is the button
Seat 2: Chessnok ($60 in chips)
Seat 6: Andredias950 ($167.78 in chips)
Chessnok: posts small blind $1
Andredias950: posts big blind $3
*** HOLE CARDS ***
Chessnok: raises $3 to $6
Andredias950: calls $3
*** FLOP *** [Ah 4h 3h]
Andredias950: checks
Chessnok: bets $3
Andredias950: calls $3
*** TURN *** [Ah 4h 3h] [Js]
Andredias950: checks
Chessnok: checks
*** RIVER *** [Ah 4h 3h Js] [7d]
Andredias950: bets $6
Chessnok: calls $6
*** SHOW DOWN ***
Andredias950: shows [9h 9s] (a pair of Nines)
Chessnok: mucks hand
Andredias950 collected $29.50 from pot
*** SUMMARY ***
Total pot $30 | Rake $0.50
Board [Ah 4h 3h Js 7d]
Seat 2: Chessnok (button) (small blind) mucked
Seat 6: Andredias950 (big blind) showed [9h 9s] and won ($29.50) with a pair of Nines


PokerStars Hand #149358033836:  Hold'em Limit ($3/$6 USD) - 2016/02/24 16:13:58 ET
Table 'Zeissia III' 6-max Seat #2 is the button
Seat 2: Chessnok ($61 in chips)
Seat 6: Andredias950 ($181.28 in chips)
Chessnok: posts small blind $1
Andredias950: posts big blind $3
*** HOLE CARDS ***
Chessnok: raises $3 to $6
Andredias950: folds
Uncalled bet ($3) returned to Chessnok
Chessnok collected $6 from pot
Chessnok: doesn't show hand
*** SUMMARY ***
Total pot $6 | Rake $0
Seat 2: Chessnok (button) (small blind) collected ($6)
Seat 6: Andredias950 (big blind) folded before Flop


PokerStars Hand #149358040091:  Hold'em Limit ($3/$6 USD) - 2016/02/24 16:14:04 ET
Table 'Zeissia III' 6-max Seat #6 is the button
Seat 2: Chessnok ($64 in chips)
Seat 6: Andredias950 ($178.28 in chips)
Andredias950: posts small blind $1
Chessnok: posts big blind $3
*** HOLE CARDS ***
Andredias950: raises $3 to $6
Chessnok: calls $3
*** FLOP *** [7d Kd 7c]
Chessnok: checks
Andredias950: bets $3
Chessnok: raises $3 to $6
Andredias950: calls $3
*** TURN *** [7d Kd 7c] [3d]
Chessnok: bets $6
Andredias950: folds
Uncalled bet ($6) returned to Chessnok
Chessnok collected $23.52 from pot
Chessnok: doesn't show hand
*** SUMMARY ***
Total pot $24 | Rake $0.48
Board [7d Kd 7c 3d]
Seat 2: Chessnok (big blind) collected ($23.52)
Seat 6: Andredias950 (button) (small blind) folded on the Turn


PokerStars Hand #149358072935:  Hold'em Limit ($3/$6 USD) - 2016/02/24 16:14:36 ET
Table 'Zeissia III' 6-max Seat #6 is the button
Seat 2: Chessnok ($74.52 in chips)
Seat 6: Andredias950 ($167.28 in chips)
Andredias950: posts small blind $1
Chessnok: posts big blind $3
*** HOLE CARDS ***
Andredias950: folds
Uncalled bet ($2) returned to Chessnok
Chessnok collected $2 from pot
Chessnok: doesn't show hand
*** SUMMARY ***
Total pot $2 | Rake $0
Seat 2: Chessnok (big blind) collected ($2)
Seat 6: Andredias950 (button) (small blind) folded before Flop


PokerStars Hand #149358065555:  Hold'em Limit ($3/$6 USD) - 2016/02/24 16:14:29 ET
Table 'Zeissia III' 6-max Seat #2 is the button
Seat 2: Chessnok ($75.52 in chips)
Seat 6: Andredias950 ($166.28 in chips)
Chessnok: posts small blind $1
Andredias950: posts big blind $3
*** HOLE CARDS ***
Chessnok: folds
Uncalled bet ($2) returned to Andredias950
Andredias950 collected $2 from pot
Andredias950: doesn't show hand
*** SUMMARY ***
Total pot $2 | Rake $0
Seat 2: Chessnok (button) (small blind) folded before Flop
Seat 6: Andredias950 (big blind) collected ($2)


PokerStars Hand #149358082239:  Hold'em Limit ($3/$6 USD) - 2016/02/24 16:14:45 ET
Table 'Zeissia III' 6-max Seat #6 is the button
Seat 2: Chessnok ($74.52 in chips)
Seat 6: Andredias950 ($167.28 in chips)
Andredias950: posts small blind $1
Chessnok: posts big blind $3
*** HOLE CARDS ***
Andredias950: folds
Uncalled bet ($2) returned to Chessnok
Chessnok collected $2 from pot
Chessnok: doesn't show hand
*** SUMMARY ***
Total pot $2 | Rake $0
Seat 2: Chessnok (big blind) collected ($2)
Seat 6: Andredias950 (button) (small blind) folded before Flop


PokerStars Hand #149358077364:  Hold'em Limit ($3/$6 USD) - 2016/02/24 16:14:40 ET
Table 'Zeissia III' 6-max Seat #2 is the button
Seat 2: Chessnok ($75.52 in chips)
Seat 6: Andredias950 ($166.28 in chips)
Chessnok: posts small blind $1
Andredias950: posts big blind $3
*** HOLE CARDS ***
Chessnok: folds
Uncalled bet ($2) returned to Andredias950
Andredias950 collected $2 from pot
Andredias950: doesn't show hand
*** SUMMARY ***
Total pot $2 | Rake $0
Seat 2: Chessnok (button) (small blind) folded before Flop
Seat 6: Andredias950 (big blind) collected ($2)


PokerStars Hand #149358092397:  Hold'em Limit ($3/$6 USD) - 2016/02/24 16:14:55 ET
Table 'Zeissia III' 6-max Seat #6 is the button
Seat 2: Chessnok ($78.52 in chips)
Seat 6: Andredias950 ($163.28 in chips)
Andredias950: posts small blind $1
Chessnok: posts big blind $3
*** HOLE CARDS ***
Andredias950: folds
Uncalled bet ($2) returned to Chessnok
Chessnok collected $2 from pot
Chessnok: doesn't show hand
*** SUMMARY ***
Total pot $2 | Rake $0
Seat 2: Chessnok (big blind) collected ($2)
Seat 6: Andredias950 (button) (small blind) folded before Flop


PokerStars Hand #149358086591:  Hold'em Limit ($3/$6 USD) - 2016/02/24 16:14:49 ET
Table 'Zeissia III' 6-max Seat #2 is the button
Seat 2: Chessnok ($75.52 in chips)
Seat 6: Andredias950 ($166.28 in chips)
Chessnok: posts small blind $1
Andredias950: posts big blind $3
*** HOLE CARDS ***
Chessnok: raises $3 to $6
Andredias950: folds
Uncalled bet ($3) returned to Chessnok
Chessnok collected $6 from pot
Chessnok: doesn't show hand
*** SUMMARY ***
Total pot $6 | Rake $0
Seat 2: Chessnok (button) (small blind) collected ($6)
Seat 6: Andredias950 (big blind) folded before Flop


PokerStars Hand #149358097207:  Hold'em Limit ($3/$6 USD) - 2016/02/24 16:14:59 ET
Table 'Zeissia III' 6-max Seat #2 is the button
Seat 2: Chessnok ($79.52 in chips)
Seat 6: Andredias950 ($162.28 in chips)
Chessnok: posts small blind $1
Andredias950: posts big blind $3
*** HOLE CARDS ***
Chessnok: raises $3 to $6
Andredias950: calls $3
*** FLOP *** [Td 7d 4s]
Andredias950: checks
Chessnok: bets $3
Andredias950: raises $3 to $6
Chessnok: calls $3
*** TURN *** [Td 7d 4s] [As]
Andredias950: bets $6
Chessnok: calls $6
*** RIVER *** [Td 7d 4s As] [6c]
Andredias950: bets $6
Chessnok: calls $6
*** SHOW DOWN ***
Andredias950: shows [9h Qs] (high card Ace)
Chessnok: shows [Js 7h] (a pair of Sevens)
Chessnok collected $47.50 from pot
*** SUMMARY ***
Total pot $48 | Rake $0.50
Board [Td 7d 4s As 6c]
Seat 2: Chessnok (button) (small blind) showed [Js 7h] and won ($47.50) with a pair of Sevens
Seat 6: Andredias950 (big blind) showed [9h Qs] and lost with high card Ace


PokerStars Hand #149358118268:  Hold'em Limit ($3/$6 USD) - 2016/02/24 16:15:19 ET
Table 'Zeissia III' 6-max Seat #6 is the button
Seat 2: Chessnok ($103.02 in chips)
Seat 6: Andredias950 ($138.28 in chips)
Andredias950: posts small blind $1
Chessnok: posts big blind $3
*** HOLE CARDS ***
Andredias950: raises $3 to $6
Chessnok: calls $3
*** FLOP *** [Qd Js 3c]
Chessnok: checks
Andredias950: bets $3
Chessnok: calls $3
*** TURN *** [Qd Js 3c] [Qs]
Chessnok: checks
Andredias950: checks
*** RIVER *** [Qd Js 3c Qs] [8s]
Chessnok: bets $6
Andredias950: calls $6
*** SHOW DOWN ***
Chessnok: shows [3s 9s] (a flush, Queen high)
Andredias950: mucks hand
Chessnok collected $29.50 from pot
*** SUMMARY ***
Total pot $30 | Rake $0.50
Board [Qd Js 3c Qs 8s]
Seat 2: Chessnok (big blind) showed [3s 9s] and won ($29.50) with a flush, Queen high
Seat 6: Andredias950 (button) (small blind) mucked


PokerStars Hand #149358141435:  Hold'em Limit ($3/$6 USD) - 2016/02/24 16:15:42 ET
Table 'Zeissia III' 6-max Seat #6 is the button
Seat 2: Chessnok ($116.52 in chips)
Seat 6: Andredias950 ($124.28 in chips)
Andredias950: posts small blind $1
Chessnok: posts big blind $3
*** HOLE CARDS ***
Andredias950: folds
Uncalled bet ($2) returned to Chessnok
Chessnok collected $2 from pot
Chessnok: doesn't show hand
*** SUMMARY ***
Total pot $2 | Rake $0
Seat 2: Chessnok (big blind) collected ($2)
Seat 6: Andredias950 (button) (small blind) folded before Flop


PokerStars Hand #149358135625:  Hold'em Limit ($3/$6 USD) - 2016/02/24 16:15:36 ET
Table 'Zeissia III' 6-max Seat #2 is the button
Seat 2: Chessnok ($117.52 in chips)
Seat 6: Andredias950 ($123.28 in chips)
Chessnok: posts small blind $1
Andredias950: posts big blind $3
*** HOLE CARDS ***
Chessnok: folds
Uncalled bet ($2) returned to Andredias950
Andredias950 collected $2 from pot
Andredias950: doesn't show hand
*** SUMMARY ***
Total pot $2 | Rake $0
Seat 2: Chessnok (button) (small blind) folded before Flop
Seat 6: Andredias950 (big blind) collected ($2)


PokerStars Hand #149358146077:  Hold'em Limit ($3/$6 USD) - 2016/02/24 16:15:47 ET
Table 'Zeissia III' 6-max Seat #2 is the button
Seat 2: Chessnok ($117.52 in chips)
Seat 6: Andredias950 ($123.28 in chips)
Chessnok: posts small blind $1
Andredias950: posts big blind $3
*** HOLE CARDS ***
Chessnok: raises $3 to $6
Andredias950: folds
Uncalled bet ($3) returned to Chessnok
Chessnok collected $6 from pot
Chessnok: doesn't show hand
*** SUMMARY ***
Total pot $6 | Rake $0
Seat 2: Chessnok (button) (small blind) collected ($6)
Seat 6: Andredias950 (big blind) folded before Flop


PokerStars Hand #149358156166:  Hold'em Limit ($3/$6 USD) - 2016/02/24 16:15:56 ET
Table 'Zeissia III' 6-max Seat #6 is the button
Seat 2: Chessnok ($120.52 in chips)
Seat 6: Andredias950 ($120.28 in chips)
Andredias950: posts small blind $1
Chessnok: posts big blind $3
*** HOLE CARDS ***
Andredias950: raises $3 to $6
Chessnok: calls $3
*** FLOP *** [5c Th Qc]
Chessnok: bets $3
Andredias950: calls $3
*** TURN *** [5c Th Qc] [2d]
Chessnok: bets $6
Andredias950: calls $6
*** RIVER *** [5c Th Qc 2d] [Td]
Chessnok: bets $6
Andredias950: calls $6
*** SHOW DOWN ***
Chessnok: shows [Js 9d] (a pair of Tens)
Andredias950: shows [Ac 2s] (two pair, Tens and Deuces)
Andredias950 collected $41.50 from pot
*** SUMMARY ***
Total pot $42 | Rake $0.50
Board [5c Th Qc 2d Td]
Seat 2: Chessnok (big blind) showed [Js 9d] and lost with a pair of Tens
Seat 6: Andredias950 (button) (small blind) showed [Ac 2s] and won ($41.50) with two pair, Tens and Deuces


PokerStars Hand #149358183500:  Hold'em Limit ($3/$6 USD) - 2016/02/24 16:16:23 ET
Table 'Zeissia III' 6-max Seat #2 is the button
Seat 2: Chessnok ($99.52 in chips)
Seat 6: Andredias950 ($140.78 in chips)
Chessnok: posts small blind $1
Andredias950: posts big blind $3
*** HOLE CARDS ***
Chessnok: raises $3 to $6
Andredias950: calls $3
*** FLOP *** [2s Qs 8s]
Andredias950: checks
Chessnok: bets $3
Andredias950: calls $3
*** TURN *** [2s Qs 8s] [2c]
Andredias950: checks
Chessnok: bets $6
Andredias950: calls $6
*** RIVER *** [2s Qs 8s 2c] [8c]
Andredias950: checks
Chessnok: bets $6
Andredias950: calls $6
*** SHOW DOWN ***
Chessnok: shows [Js 8d] (a full house, Eights full of Deuces)
Andredias950: shows [8h Ad] (a full house, Eights full of Deuces)
Andredias950 collected $20.75 from pot
Chessnok collected $20.75 from pot
*** SUMMARY ***
Total pot $42 | Rake $0.50
Board [2s Qs 8s 2c 8c]
Seat 2: Chessnok (button) (small blind) showed [Js 8d] and won ($20.75) with a full house, Eights full of Deuces
Seat 6: Andredias950 (big blind) showed [8h Ad] and won ($20.75) with a full house, Eights full of Deuces


PokerStars Hand #149358210901:  Hold'em Limit ($3/$6 USD) - 2016/02/24 16:16:49 ET
Table 'Zeissia III' 6-max Seat #6 is the button
Seat 2: Chessnok ($99.27 in chips)
Seat 6: Andredias950 ($140.53 in chips)
Andredias950: posts small blind $1
Chessnok: posts big blind $3
*** HOLE CARDS ***
Andredias950: raises $3 to $6
Chessnok: calls $3
*** FLOP *** [3s 8h 4h]
Chessnok: bets $3
Andredias950: calls $3
*** TURN *** [3s 8h 4h] [Td]
Chessnok: bets $6
Andredias950: folds
Uncalled bet ($6) returned to Chessnok
Chessnok collected $17.64 from pot
Chessnok: doesn't show hand
*** SUMMARY ***
Total pot $18 | Rake $0.36
Board [3s 8h 4h Td]
Seat 2: Chessnok (big blind) collected ($17.64)
Seat 6: Andredias950 (button) (small blind) folded on the Turn


PokerStars Hand #149358230651:  Hold'em Limit ($3/$6 USD) - 2016/02/24 16:17:09 ET
Table 'Zeissia III' 6-max Seat #2 is the button
Seat 2: Chessnok ($107.91 in chips)
Seat 6: Andredias950 ($131.53 in chips)
Chessnok: posts small blind $1
Andredias950: posts big blind $3
*** HOLE CARDS ***
Chessnok: folds
Uncalled bet ($2) returned to Andredias950
Andredias950 collected $2 from pot
*** SUMMARY ***
Total pot $2 | Rake $0
Seat 2: Chessnok (button) (small blind) folded before Flop
Seat 6: Andredias950 (big blind) collected ($2)


PokerStars Hand #149358240193:  Hold'em Limit ($3/$6 USD) - 2016/02/24 16:17:18 ET
Table 'Zeissia III' 6-max Seat #6 is the button
Seat 2: Chessnok ($106.91 in chips)
Seat 6: Andredias950 ($132.53 in chips)
Andredias950: posts small blind $1
Chessnok: posts big blind $3
*** HOLE CARDS ***
Andredias950: folds
Uncalled bet ($2) returned to Chessnok
Chessnok collected $2 from pot
Chessnok: doesn't show hand
*** SUMMARY ***
Total pot $2 | Rake $0
Seat 2: Chessnok (big blind) collected ($2)
Seat 6: Andredias950 (button) (small blind) folded before Flop


PokerStars Hand #149358277814:  Hold'em Limit ($3/$6 USD) - 2016/02/24 16:17:55 ET
Table 'Zeissia III' 6-max Seat #6 is the button
Seat 2: Chessnok ($89.91 in chips)
Seat 6: Andredias950 ($149.03 in chips)
Andredias950: posts small blind $1
Chessnok: posts big blind $3
*** HOLE CARDS ***
Andredias950: folds
Uncalled bet ($2) returned to Chessnok
Chessnok collected $2 from pot
Chessnok: doesn't show hand
*** SUMMARY ***
Total pot $2 | Rake $0
Seat 2: Chessnok (big blind) collected ($2)
Seat 6: Andredias950 (button) (small blind) folded before Flop


PokerStars Hand #149358249223:  Hold'em Limit ($3/$6 USD) - 2016/02/24 16:17:27 ET
Table 'Zeissia III' 6-max Seat #2 is the button
Seat 2: Chessnok ($107.91 in chips)
Seat 6: Andredias950 ($131.53 in chips)
Chessnok: posts small blind $1
Andredias950: posts big blind $3
*** HOLE CARDS ***
Chessnok: raises $3 to $6
Andredias950: calls $3
*** FLOP *** [Kd 6d Qc]
Andredias950: bets $3
Chessnok: raises $3 to $6
Andredias950: calls $3
*** TURN *** [Kd 6d Qc] [6s]
Andredias950: checks
Chessnok: checks
*** RIVER *** [Kd 6d Qc 6s] [Jc]
Andredias950: bets $6
Chessnok: calls $6
*** SHOW DOWN ***
Andredias950: shows [Tc 9c] (a straight, Nine to King)
Chessnok: mucks hand
Andredias950 collected $35.50 from pot
*** SUMMARY ***
Total pot $36 | Rake $0.50
Board [Kd 6d Qc 6s Jc]
Seat 2: Chessnok (button) (small blind) mucked
Seat 6: Andredias950 (big blind) showed [Tc 9c] and won ($35.50) with a straight, Nine to King


PokerStars Hand #149358282277:  Hold'em Limit ($3/$6 USD) - 2016/02/24 16:17:59 ET
Table 'Zeissia III' 6-max Seat #2 is the button
Seat 2: Chessnok ($90.91 in chips)
Seat 6: Andredias950 ($148.03 in chips)
Chessnok: posts small blind $1
Andredias950: posts big blind $3
*** HOLE CARDS ***
Chessnok: raises $3 to $6
Andredias950: calls $3
*** FLOP *** [9c Qs 5d]
Andredias950: checks
Chessnok: bets $3
Andredias950: folds
Uncalled bet ($3) returned to Chessnok
Chessnok collected $11.76 from pot
Chessnok: doesn't show hand
*** SUMMARY ***
Total pot $12 | Rake $0.24
Board [9c Qs 5d]
Seat 2: Chessnok (button) (small blind) collected ($11.76)
Seat 6: Andredias950 (big blind) folded on the Flop


PokerStars Hand #149358305288:  Hold'em Limit ($3/$6 USD) - 2016/02/24 16:18:22 ET
Table 'Zeissia III' 6-max Seat #6 is the button
Seat 2: Chessnok ($96.67 in chips)
Seat 6: Andredias950 ($142.03 in chips)
Andredias950: posts small blind $1
Chessnok: posts big blind $3
*** HOLE CARDS ***
Andredias950: calls $2
Chessnok: raises $3 to $6
Andredias950: calls $3
*** FLOP *** [4s 4c Ks]
Chessnok: bets $3
Andredias950: calls $3
*** TURN *** [4s 4c Ks] [7h]
Chessnok: bets $6
Andredias950: calls $6
*** RIVER *** [4s 4c Ks 7h] [2c]
Chessnok: bets $6
Andredias950: calls $6
*** SHOW DOWN ***
Chessnok: shows [Kh Js] (two pair, Kings and Fours)
Andredias950: mucks hand
Chessnok collected $41.50 from pot
*** SUMMARY ***
Total pot $42 | Rake $0.50
Board [4s 4c Ks 7h 2c]
Seat 2: Chessnok (big blind) showed [Kh Js] and won ($41.50) with two pair, Kings and Fours
Seat 6: Andredias950 (button) (small blind) mucked


PokerStars Hand #149358339305:  Hold'em Limit ($3/$6 USD) - 2016/02/24 16:18:55 ET
Table 'Zeissia III' 6-max Seat #6 is the button
Seat 2: Chessnok ($120.17 in chips)
Seat 6: Andredias950 ($118.03 in chips)
Andredias950: posts small blind $1
Chessnok: posts big blind $3
*** HOLE CARDS ***
Andredias950: folds
Uncalled bet ($2) returned to Chessnok
Chessnok collected $2 from pot
Chessnok: doesn't show hand
*** SUMMARY ***
Total pot $2 | Rake $0
Seat 2: Chessnok (big blind) collected ($2)
Seat 6: Andredias950 (button) (small blind) folded before Flop


PokerStars Hand #149358330362:  Hold'em Limit ($3/$6 USD) - 2016/02/24 16:18:46 ET
Table 'Zeissia III' 6-max Seat #2 is the button
Seat 2: Chessnok ($117.17 in chips)
Seat 6: Andredias950 ($121.03 in chips)
Chessnok: posts small blind $1
Andredias950: posts big blind $3
*** HOLE CARDS ***
Chessnok: raises $3 to $6
Andredias950: folds
Uncalled bet ($3) returned to Chessnok
Chessnok collected $6 from pot
Chessnok: doesn't show hand
*** SUMMARY ***
Total pot $6 | Rake $0
Seat 2: Chessnok (button) (small blind) collected ($6)
Seat 6: Andredias950 (big blind) folded before Flop


PokerStars Hand #149358343997:  Hold'em Limit ($3/$6 USD) - 2016/02/24 16:19:00 ET
Table 'Zeissia III' 6-max Seat #2 is the button
Seat 2: Chessnok ($121.17 in chips)
Seat 6: Andredias950 ($117.03 in chips)
Chessnok: posts small blind $1
Andredias950: posts big blind $3
*** HOLE CARDS ***
Chessnok: raises $3 to $6
Andredias950: calls $3
*** FLOP *** [6c 4s Ts]
Andredias950: checks
Chessnok: bets $3
Andredias950: calls $3
*** TURN *** [6c 4s Ts] [8c]
Andredias950: checks
Chessnok: checks
*** RIVER *** [6c 4s Ts 8c] [7c]
Andredias950: bets $6
Chessnok: calls $6
*** SHOW DOWN ***
Andredias950: shows [Ah 5s] (a straight, Four to Eight)
Chessnok: mucks hand
Andredias950 collected $29.50 from pot
*** SUMMARY ***
Total pot $30 | Rake $0.50
Board [6c 4s Ts 8c 7c]
Seat 2: Chessnok (button) (small blind) mucked
Seat 6: Andredias950 (big blind) showed [Ah 5s] and won ($29.50) with a straight, Four to Eight


PokerStars Hand #149358359596:  Hold'em Limit ($3/$6 USD) - 2016/02/24 16:19:15 ET
Table 'Zeissia III' 6-max Seat #6 is the button
Seat 2: Chessnok ($106.17 in chips)
Seat 6: Andredias950 ($131.53 in chips)
Andredias950: posts small blind $1
Chessnok: posts big blind $3
*** HOLE CARDS ***
Andredias950: calls $2
Chessnok: checks
*** FLOP *** [2h 5s 2s]
Chessnok: bets $3
Pandakey joins the table at seat #1
Andredias950: folds
Uncalled bet ($3) returned to Chessnok
Chessnok collected $5.88 from pot
Chessnok: doesn't show hand
*** SUMMARY ***
Total pot $6 | Rake $0.12
Board [2h 5s 2s]
Seat 2: Chessnok (big blind) collected ($5.88)
Seat 6: Andredias950 (button) (small blind) folded on the Flop


PokerStars Hand #149358376680:  Hold'em Limit ($3/$6 USD) - 2016/02/24 16:19:32 ET
Table 'Zeissia III' 6-max Seat #2 is the button
Seat 2: Chessnok ($109.05 in chips)
Seat 6: Andredias950 ($128.53 in chips)
Chessnok: posts small blind $1
Andredias950: posts big blind $3
*** HOLE CARDS ***
Chessnok: raises $3 to $6
Andredias950: calls $3
*** FLOP *** [Kc 2d 6c]
Andredias950: checks
Chessnok: bets $3
Andredias950: calls $3
*** TURN *** [Kc 2d 6c] [2s]
Andredias950: checks
Chessnok: bets $6
Andredias950: calls $6
*** RIVER *** [Kc 2d 6c 2s] [Kh]
Andredias950: checks
Chessnok: checks
*** SHOW DOWN ***
Andredias950: shows [As 4h] (two pair, Kings and Deuces)
Chessnok: shows [3c 3s] (two pair, Kings and Threes)
Chessnok collected $29.50 from pot
*** SUMMARY ***
Total pot $30 | Rake $0.50
Board [Kc 2d 6c 2s Kh]
Seat 2: Chessnok (button) (small blind) showed [3c 3s] and won ($29.50) with two pair, Kings and Threes
Seat 6: Andredias950 (big blind) showed [As 4h] and lost with two pair, Kings and Deuces


PokerStars Hand #149358810494:  Hold'em Limit ($3/$6 USD) - 2016/02/24 16:26:49 ET
Table 'Zeissia III' 6-max Seat #1 is the button
Seat 1: Pandakey ($160 in chips)
Seat 6: Andredias950 ($12.25 in chips)
Pandakey: posts small blind $1
Andredias950: posts big blind $3
*** HOLE CARDS ***
Pandakey: raises $3 to $6
Andredias950: folds
Uncalled bet ($3) returned to Pandakey
Pandakey collected $6 from pot
Pandakey: doesn't show hand
*** SUMMARY ***
Total pot $6 | Rake $0
Seat 1: Pandakey (button) (small blind) collected ($6)
Seat 6: Andredias950 (big blind) folded before Flop


PokerStars Hand #149358805950:  Hold'em Limit ($3/$6 USD) - 2016/02/24 16:26:44 ET
Table 'Zeissia III' 6-max Seat #6 is the button
Seat 1: Pandakey ($159 in chips)
Seat 6: Andredias950 ($13.25 in chips)
Andredias950: posts small blind $1
Pandakey: posts big blind $3
*** HOLE CARDS ***
Andredias950: folds
Uncalled bet ($2) returned to Pandakey
Pandakey collected $2 from pot
Pandakey: doesn't show hand
*** SUMMARY ***
Total pot $2 | Rake $0
Seat 1: Pandakey (big blind) collected ($2)
Seat 6: Andredias950 (button) (small blind) folded before Flop


PokerStars Hand #149358801087:  Hold'em Limit ($3/$6 USD) - 2016/02/24 16:26:39 ET
Table 'Zeissia III' 6-max Seat #1 is the button
Seat 1: Pandakey ($156 in chips)
Seat 6: Andredias950 ($16.25 in chips)
Pandakey: posts small blind $1
Chessnok: is sitting out
Andredias950: posts big blind $3
*** HOLE CARDS ***
Pandakey: raises $3 to $6
Andredias950: folds
Uncalled bet ($3) returned to Pandakey
Pandakey collected $6 from pot
Pandakey: doesn't show hand
*** SUMMARY ***
Total pot $6 | Rake $0
Seat 1: Pandakey (button) (small blind) collected ($6)
Seat 6: Andredias950 (big blind) folded before Flop


PokerStars Hand #149358862585:  Hold'em Limit ($3/$6 USD) - 2016/02/24 16:27:42 ET
Table 'Zeissia III' 6-max Seat #6 is the button
Seat 1: Pandakey ($135.62 in chips)
Seat 6: Andredias950 ($35.28 in chips)
Andredias950: posts small blind $1
Pandakey: posts big blind $3
*** HOLE CARDS ***
Andredias950: calls $2
Pandakey: raises $3 to $6
Andredias950: calls $3
*** FLOP *** [5s 3c Ac]
Pandakey: bets $3
Andredias950: raises $3 to $6
Pandakey: folds
Uncalled bet ($3) returned to Andredias950
Andredias950 collected $17.64 from pot
Andredias950: doesn't show hand
*** SUMMARY ***
Total pot $18 | Rake $0.36
Board [5s 3c Ac]
Seat 1: Pandakey (big blind) folded on the Flop
Seat 6: Andredias950 (button) (small blind) collected ($17.64)


PokerStars Hand #149358846009:  Hold'em Limit ($3/$6 USD) - 2016/02/24 16:27:25 ET
Table 'Zeissia III' 6-max Seat #1 is the button
Seat 1: Pandakey ($153.51 in chips)
Seat 6: Andredias950 ($17.89 in chips)
Pandakey: posts small blind $1
Andredias950: posts big blind $3
*** HOLE CARDS ***
Pandakey: raises $3 to $6
Andredias950: calls $3
*** FLOP *** [6c 3c 4d]
Andredias950: bets $3
Pandakey: calls $3
*** TURN *** [6c 3c 4d] [Jd]
Andredias950: bets $6
Pandakey: calls $6
*** RIVER *** [6c 3c 4d Jd] [7d]
Andredias950: bets $2.89 and is all-in
Pandakey: calls $2.89
*** SHOW DOWN ***
Andredias950: shows [9d 5d] (a flush, Jack high)
Pandakey: shows [5c 8h] (a straight, Four to Eight)
Andredias950 collected $35.28 from pot
*** SUMMARY ***
Total pot $35.78 | Rake $0.50
Board [6c 3c 4d Jd 7d]
Seat 1: Pandakey (button) (small blind) showed [5c 8h] and lost with a straight, Four to Eight
Seat 6: Andredias950 (big blind) showed [9d 5d] and won ($35.28) with a flush, Jack high


PokerStars Hand #149358838253:  Hold'em Limit ($3/$6 USD) - 2016/02/24 16:27:17 ET
Table 'Zeissia III' 6-max Seat #6 is the button
Seat 1: Pandakey ($159.51 in chips)
Seat 6: Andredias950 ($12.13 in chips)
Andredias950: posts small blind $1
Pandakey: posts big blind $3
*** HOLE CARDS ***
Andredias950: raises $3 to $6
Pandakey: calls $3
*** FLOP *** [3s 6d Ts]
Pandakey: checks
Andredias950: bets $3
Pandakey: folds
Uncalled bet ($3) returned to Andredias950
Andredias950 collected $11.76 from pot
Andredias950: doesn't show hand
*** SUMMARY ***
Total pot $12 | Rake $0.24
Board [3s 6d Ts]
Seat 1: Pandakey (big blind) folded on the Flop
Seat 6: Andredias950 (button) (small blind) collected ($11.76)


PokerStars Hand #149358827907:  Hold'em Limit ($3/$6 USD) - 2016/02/24 16:27:07 ET
Table 'Zeissia III' 6-max Seat #1 is the button
Seat 1: Pandakey ($153.75 in chips)
Seat 6: Andredias950 ($18.13 in chips)
Pandakey: posts small blind $1
Andredias950: posts big blind $3
*** HOLE CARDS ***
Pandakey: raises $3 to $6
Andredias950: calls $3
*** FLOP *** [3h 6s As]
Andredias950: checks
Pandakey: bets $3
Andredias950: folds
Uncalled bet ($3) returned to Pandakey
Pandakey collected $11.76 from pot
Pandakey: doesn't show hand
*** SUMMARY ***
Total pot $12 | Rake $0.24
Board [3h 6s As]
Seat 1: Pandakey (button) (small blind) collected ($11.76)
Seat 6: Andredias950 (big blind) folded on the Flop


PokerStars Hand #149358815081:  Hold'em Limit ($3/$6 USD) - 2016/02/24 16:26:54 ET
Table 'Zeissia III' 6-max Seat #6 is the button
Seat 1: Pandakey ($163 in chips)
Seat 6: Andredias950 ($9.25 in chips)
Andredias950: posts small blind $1
Pandakey: posts big blind $3
*** HOLE CARDS ***
Andredias950: raises $3 to $6
Pandakey: raises $3 to $9
Andredias950: raises $0.25 to $9.25 and is all-in
Betting is capped
Pandakey: calls $0.25
*** FLOP *** [Qs Ah 3c]
*** TURN *** [Qs Ah 3c] [Ks]
*** RIVER *** [Qs Ah 3c Ks] [9h]
*** SHOW DOWN ***
Pandakey: shows [7c 7h] (a pair of Sevens)
Andredias950: shows [9c Ad] (two pair, Aces and Nines)
Andredias950 collected $18.13 from pot
*** SUMMARY ***
Total pot $18.50 | Rake $0.37
Board [Qs Ah 3c Ks 9h]
Seat 1: Pandakey (big blind) showed [7c 7h] and lost with a pair of Sevens
Seat 6: Andredias950 (button) (small blind) showed [9c Ad] and won ($18.13) with two pair, Aces and Nines


PokerStars Hand #149358913532:  Hold'em Limit ($3/$6 USD) - 2016/02/24 16:28:34 ET
Table 'Zeissia III' 6-max Seat #6 is the button
Seat 1: Pandakey ($116.38 in chips)
Seat 6: Andredias950 ($53.42 in chips)
Andredias950: posts small blind $1
Pandakey: posts big blind $3
*** HOLE CARDS ***
Andredias950: raises $3 to $6
Pandakey: raises $3 to $9
Andredias950: calls $3
*** FLOP *** [Kd 3s 5d]
Pandakey: bets $3
Andredias950: calls $3
*** TURN *** [Kd 3s 5d] [6c]
Pandakey: bets $6
Andredias950: calls $6
*** RIVER *** [Kd 3s 5d 6c] [9s]
Pandakey: bets $6
Andredias950: calls $6
*** SHOW DOWN ***
Pandakey: shows [6s Ts] (a pair of Sixes)
Andredias950: mucks hand
Pandakey collected $47.50 from pot
*** SUMMARY ***
Total pot $48 | Rake $0.50
Board [Kd 3s 5d 6c 9s]
Seat 1: Pandakey (big blind) showed [6s Ts] and won ($47.50) with a pair of Sixes
Seat 6: Andredias950 (button) (small blind) mucked


PokerStars Hand #149358909351:  Hold'em Limit ($3/$6 USD) - 2016/02/24 16:28:29 ET
Table 'Zeissia III' 6-max Seat #1 is the button
Seat 1: Pandakey ($117.38 in chips)
Seat 6: Andredias950 ($52.42 in chips)
Pandakey: posts small blind $1
Andredias950: posts big blind $3
*** HOLE CARDS ***
Pandakey: folds
Uncalled bet ($2) returned to Andredias950
Andredias950 collected $2 from pot
Andredias950: doesn't show hand
*** SUMMARY ***
Total pot $2 | Rake $0
Seat 1: Pandakey (button) (small blind) folded before Flop
Seat 6: Andredias950 (big blind) collected ($2)


PokerStars Hand #149358893300:  Hold'em Limit ($3/$6 USD) - 2016/02/24 16:28:13 ET
Table 'Zeissia III' 6-max Seat #6 is the button
Seat 1: Pandakey ($132.38 in chips)
Seat 6: Andredias950 ($37.92 in chips)
Andredias950: posts small blind $1
Pandakey: posts big blind $3
*** HOLE CARDS ***
Andredias950: raises $3 to $6
Pandakey: calls $3
*** FLOP *** [Kh 7d 9d]
Pandakey: checks
Andredias950: bets $3
Pandakey: calls $3
*** TURN *** [Kh 7d 9d] [9c]
Pandakey: checks
Andredias950: checks
*** RIVER *** [Kh 7d 9d 9c] [Ts]
Pandakey: bets $6
Andredias950: calls $6
*** SHOW DOWN ***
Pandakey: shows [2d 2s] (two pair, Nines and Deuces)
Andredias950: shows [Td Qc] (two pair, Tens and Nines)
Andredias950 collected $29.50 from pot
*** SUMMARY ***
Total pot $30 | Rake $0.50
Board [Kh 7d 9d 9c Ts]
Seat 1: Pandakey (big blind) showed [2d 2s] and lost with two pair, Nines and Deuces
Seat 6: Andredias950 (button) (small blind) showed [Td Qc] and won ($29.50) with two pair, Tens and Nines


PokerStars Hand #149358889062:  Hold'em Limit ($3/$6 USD) - 2016/02/24 16:28:09 ET
Table 'Zeissia III' 6-max Seat #1 is the button
Seat 1: Pandakey ($133.38 in chips)
Seat 6: Andredias950 ($36.92 in chips)
Pandakey: posts small blind $1
Andredias950: posts big blind $3
*** HOLE CARDS ***
Pandakey: folds
Uncalled bet ($2) returned to Andredias950
Andredias950 collected $2 from pot
Andredias950: doesn't show hand
*** SUMMARY ***
Total pot $2 | Rake $0
Seat 1: Pandakey (button) (small blind) folded before Flop
Seat 6: Andredias950 (big blind) collected ($2)


PokerStars Hand #149358884983:  Hold'em Limit ($3/$6 USD) - 2016/02/24 16:28:05 ET
Table 'Zeissia III' 6-max Seat #6 is the button
Seat 1: Pandakey ($132.38 in chips)
Seat 6: Andredias950 ($37.92 in chips)
Andredias950: posts small blind $1
Pandakey: posts big blind $3
*** HOLE CARDS ***
Andredias950: folds
Uncalled bet ($2) returned to Pandakey
Pandakey collected $2 from pot
Pandakey: doesn't show hand
*** SUMMARY ***
Total pot $2 | Rake $0
Seat 1: Pandakey (big blind) collected ($2)
Seat 6: Andredias950 (button) (small blind) folded before Flop


PokerStars Hand #149358874930:  Hold'em Limit ($3/$6 USD) - 2016/02/24 16:27:54 ET
Table 'Zeissia III' 6-max Seat #1 is the button
Seat 1: Pandakey ($126.62 in chips)
Seat 6: Andredias950 ($43.92 in chips)
Pandakey: posts small blind $1
Andredias950: posts big blind $3
*** HOLE CARDS ***
Pandakey: raises $3 to $6
Andredias950: calls $3
*** FLOP *** [7h Qd Qc]
Andredias950: checks
Pandakey: bets $3
Andredias950: folds
Uncalled bet ($3) returned to Pandakey
Pandakey collected $11.76 from pot
Pandakey: doesn't show hand
*** SUMMARY ***
Total pot $12 | Rake $0.24
Board [7h Qd Qc]
Seat 1: Pandakey (button) (small blind) collected ($11.76)
Seat 6: Andredias950 (big blind) folded on the Flop


PokerStars Hand #149360462247:  Hold'em Limit ($3/$6 USD) - 2016/02/24 16:54:07 ET
Table 'Zeissia III' 6-max Seat #2 is the button
Seat 2: Chessnok ($190.18 in chips)
Seat 4: vestimokrec ($178.31 in chips)
pejoba will be allowed to play after the button
Chessnok: posts small blind $1
vestimokrec: posts big blind $3
*** HOLE CARDS ***
Chessnok: raises $3 to $6
Andredias950 leaves the table
vestimokrec: raises $3 to $9
Chessnok: calls $3
*** FLOP *** [Jc 6c Kh]
vestimokrec: bets $3
Chessnok: folds
Uncalled bet ($3) returned to vestimokrec
vestimokrec collected $17.64 from pot
vestimokrec: doesn't show hand
*** SUMMARY ***
Total pot $18 | Rake $0.36
Board [Jc 6c Kh]
Seat 2: Chessnok (button) (small blind) folded on the Flop
Seat 4: vestimokrec (big blind) collected ($17.64)


PokerStars Hand #149364861244:  Hold'em Limit ($3/$6 USD) - 2016/02/24 18:16:02 ET
Table 'Zeissia III' 6-max Seat #3 is the button
Seat 3: ArgCarp ($16.73 in chips)
Seat 6: TinaTurner72 ($150.01 in chips)
ArgCarp: posts small blind $1
rascal_319: is sitting out
TinaTurner72: posts big blind $3
*** HOLE CARDS ***
ArgCarp: raises $3 to $6
TinaTurner72: calls $3
*** FLOP *** [Js 3h 3s]
TinaTurner72: checks
ArgCarp: bets $3
TinaTurner72: raises $3 to $6
ArgCarp: raises $3 to $9
Pandakey leaves the table
TinaTurner72: raises $3 to $12
Betting is capped
ArgCarp: calls $1.73 and is all-in
Uncalled bet ($1.27) returned to TinaTurner72
*** TURN *** [Js 3h 3s] [Jd]
*** RIVER *** [Js 3h 3s Jd] [5s]
*** SHOW DOWN ***
TinaTurner72: shows [2h Jh] (a full house, Jacks full of Threes)
ArgCarp: shows [Kh 7s] (two pair, Jacks and Threes)
TinaTurner72 collected $32.96 from pot
*** SUMMARY ***
Total pot $33.46 | Rake $0.50
Board [Js 3h 3s Jd 5s]
Seat 3: ArgCarp (button) (small blind) showed [Kh 7s] and lost with two pair, Jacks and Threes
Seat 6: TinaTurner72 (big blind) showed [2h Jh] and won ($32.96) with a full house, Jacks full of Threes


