PokerStars Hand #176590631803:  Hold'em Limit ($3/$6 USD) - 2017/10/06 23:50:41 ET
Table 'Zelima' 10-max Seat #1 is the button
Seat 1: LifeisagameX ($86.88 in chips)
Seat 2: TM-TEAM07 ($125.64 in chips)
LifeisagameX: posts small blind $1
TM-TEAM07: posts big blind $3
*** HOLE CARDS ***
LifeisagameX: raises $3 to $6
TM-TEAM07: calls $3
*** FLOP *** [Ac 8c 9s]
TM-TEAM07: checks
LifeisagameX: bets $3
TM-TEAM07: calls $3
*** TURN *** [Ac 8c 9s] [Qd]
TM-TEAM07: checks
LifeisagameX: bets $6
TM-TEAM07: folds
Uncalled bet ($6) returned to LifeisagameX
LifeisagameX collected $17.64 from pot
LifeisagameX: doesn't show hand
*** SUMMARY ***
Total pot $18 | Rake $0.36
Board [Ac 8c 9s Qd]
Seat 1: LifeisagameX (button) (small blind) collected ($17.64)
Seat 2: TM-TEAM07 (big blind) folded on the Turn


PokerStars Hand #176590625147:  Hold'em Limit ($3/$6 USD) - 2017/10/06 23:50:18 ET
Table 'Zelima' 10-max Seat #2 is the button
Seat 1: LifeisagameX ($84 in chips)
Seat 2: TM-TEAM07 ($128.64 in chips)
TM-TEAM07: posts small blind $1
LifeisagameX: posts big blind $3
*** HOLE CARDS ***
TM-TEAM07: calls $2
LifeisagameX: checks
*** FLOP *** [Qh 8h 4c]
LifeisagameX: bets $3
TM-TEAM07: folds
Uncalled bet ($3) returned to LifeisagameX
LifeisagameX collected $5.88 from pot
LifeisagameX: doesn't show hand
*** SUMMARY ***
Total pot $6 | Rake $0.12
Board [Qh 8h 4c]
Seat 1: LifeisagameX (big blind) collected ($5.88)
Seat 2: TM-TEAM07 (button) (small blind) folded on the Flop


PokerStars Hand #176590614823:  Hold'em Limit ($3/$6 USD) - 2017/10/06 23:49:43 ET
Table 'Zelima' 10-max Seat #1 is the button
Seat 1: LifeisagameX ($84 in chips)
Seat 2: TM-TEAM07 ($120 in chips)
LifeisagameX: posts small blind $1
TM-TEAM07: posts big blind $3
*** HOLE CARDS ***
LifeisagameX: raises $3 to $6
TM-TEAM07: calls $3
*** FLOP *** [6d 7s 5h]
TM-TEAM07: bets $3
LifeisagameX: calls $3
*** TURN *** [6d 7s 5h] [6s]
TM-TEAM07: bets $6
LifeisagameX: folds
Uncalled bet ($6) returned to TM-TEAM07
TM-TEAM07 collected $17.64 from pot
TM-TEAM07: doesn't show hand
*** SUMMARY ***
Total pot $18 | Rake $0.36
Board [6d 7s 5h 6s]
Seat 1: LifeisagameX (button) (small blind) folded on the Turn
Seat 2: TM-TEAM07 (big blind) collected ($17.64)


PokerStars Hand #176590641486:  Hold'em Limit ($3/$6 USD) - 2017/10/06 23:51:15 ET
Table 'Zelima' 10-max Seat #2 is the button
Seat 1: LifeisagameX ($95.52 in chips)
Seat 2: TM-TEAM07 ($116.64 in chips)
TM-TEAM07: posts small blind $1
LifeisagameX: posts big blind $3
*** HOLE CARDS ***
TM-TEAM07: raises $3 to $6
LifeisagameX: calls $3
*** FLOP *** [8h 9h 6h]
LifeisagameX: checks
TM-TEAM07: checks
*** TURN *** [8h 9h 6h] [3d]
LifeisagameX: checks
TM-TEAM07: bets $6
LifeisagameX: calls $6
*** RIVER *** [8h 9h 6h 3d] [6c]
LifeisagameX: checks
TM-TEAM07: bets $6
LifeisagameX: calls $6
*** SHOW DOWN ***
TM-TEAM07: shows [9d Jd] (two pair, Nines and Sixes)
LifeisagameX: mucks hand
TM-TEAM07 collected $35.50 from pot
*** SUMMARY ***
Total pot $36 | Rake $0.50
Board [8h 9h 6h 3d 6c]
Seat 1: LifeisagameX (big blind) mucked
Seat 2: TM-TEAM07 (button) (small blind) showed [9d Jd] and won ($35.50) with two pair, Nines and Sixes


PokerStars Hand #176590639665:  Hold'em Limit ($3/$6 USD) - 2017/10/06 23:51:09 ET
Table 'Zelima' 10-max Seat #1 is the button
Seat 1: LifeisagameX ($96.52 in chips)
Seat 2: TM-TEAM07 ($115.64 in chips)
LifeisagameX: posts small blind $1
TM-TEAM07: posts big blind $3
*** HOLE CARDS ***
LifeisagameX: folds
Uncalled bet ($2) returned to TM-TEAM07
TM-TEAM07 collected $2 from pot
TM-TEAM07: doesn't show hand
*** SUMMARY ***
Total pot $2 | Rake $0
Seat 1: LifeisagameX (button) (small blind) folded before Flop
Seat 2: TM-TEAM07 (big blind) collected ($2)


PokerStars Hand #176590637963:  Hold'em Limit ($3/$6 USD) - 2017/10/06 23:51:03 ET
Table 'Zelima' 10-max Seat #2 is the button
Seat 1: LifeisagameX ($95.52 in chips)
Seat 2: TM-TEAM07 ($116.64 in chips)
TM-TEAM07: posts small blind $1
LifeisagameX: posts big blind $3
*** HOLE CARDS ***
TM-TEAM07: folds
Uncalled bet ($2) returned to LifeisagameX
LifeisagameX collected $2 from pot
LifeisagameX: doesn't show hand
*** SUMMARY ***
Total pot $2 | Rake $0
Seat 1: LifeisagameX (big blind) collected ($2)
Seat 2: TM-TEAM07 (button) (small blind) folded before Flop


PokerStars Hand #176590671350:  Hold'em Limit ($3/$6 USD) - 2017/10/06 23:52:57 ET
Table 'Zelima' 10-max Seat #2 is the button
Seat 1: LifeisagameX ($89.76 in chips)
Seat 2: TM-TEAM07 ($128.14 in chips)
TM-TEAM07: posts small blind $1
LifeisagameX: posts big blind $3
*** HOLE CARDS ***
TM-TEAM07: folds
Uncalled bet ($2) returned to LifeisagameX
LifeisagameX collected $2 from pot
LifeisagameX: doesn't show hand
*** SUMMARY ***
Total pot $2 | Rake $0
Seat 1: LifeisagameX (big blind) collected ($2)
Seat 2: TM-TEAM07 (button) (small blind) folded before Flop


PokerStars Hand #176590651539:  Hold'em Limit ($3/$6 USD) - 2017/10/06 23:51:49 ET
Table 'Zelima' 10-max Seat #1 is the button
Seat 1: LifeisagameX ($84 in chips)
Seat 2: TM-TEAM07 ($134.14 in chips)
LifeisagameX: posts small blind $1
TM-TEAM07: posts big blind $3
*** HOLE CARDS ***
LifeisagameX: raises $3 to $6
TM-TEAM07: calls $3
*** FLOP *** [Qc Ah 5s]
TM-TEAM07: checks
LifeisagameX: bets $3
TM-TEAM07: folds
Uncalled bet ($3) returned to LifeisagameX
LifeisagameX collected $11.76 from pot
LifeisagameX: doesn't show hand
*** SUMMARY ***
Total pot $12 | Rake $0.24
Board [Qc Ah 5s]
Seat 1: LifeisagameX (button) (small blind) collected ($11.76)
Seat 2: TM-TEAM07 (big blind) folded on the Flop


PokerStars Hand #176590680426:  Hold'em Limit ($3/$6 USD) - 2017/10/06 23:53:28 ET
Table 'Zelima' 10-max Seat #2 is the button
Seat 1: LifeisagameX ($96.52 in chips)
Seat 2: TM-TEAM07 ($121.14 in chips)
TM-TEAM07: posts small blind $1
LifeisagameX: posts big blind $3
*** HOLE CARDS ***
TM-TEAM07: raises $3 to $6
LifeisagameX: calls $3
*** FLOP *** [9s Qh 3h]
LifeisagameX: checks
TM-TEAM07: checks
*** TURN *** [9s Qh 3h] [9h]
LifeisagameX: checks
TM-TEAM07: checks
*** RIVER *** [9s Qh 3h 9h] [Ks]
LifeisagameX: checks
TM-TEAM07: bets $6
LifeisagameX: calls $6
*** SHOW DOWN ***
TM-TEAM07: shows [Kh Td] (two pair, Kings and Nines)
LifeisagameX: mucks hand
TM-TEAM07 collected $23.52 from pot
*** SUMMARY ***
Total pot $24 | Rake $0.48
Board [9s Qh 3h 9h Ks]
Seat 1: LifeisagameX (big blind) mucked
Seat 2: TM-TEAM07 (button) (small blind) showed [Kh Td] and won ($23.52) with two pair, Kings and Nines


PokerStars Hand #176590673590:  Hold'em Limit ($3/$6 USD) - 2017/10/06 23:53:05 ET
Table 'Zelima' 10-max Seat #1 is the button
Seat 1: LifeisagameX ($90.76 in chips)
Seat 2: TM-TEAM07 ($127.14 in chips)
LifeisagameX: posts small blind $1
TM-TEAM07: posts big blind $3
*** HOLE CARDS ***
LifeisagameX: raises $3 to $6
TM-TEAM07: calls $3
*** FLOP *** [6d 9h Ac]
TM-TEAM07: checks
LifeisagameX: bets $3
TM-TEAM07: folds
Uncalled bet ($3) returned to LifeisagameX
LifeisagameX collected $11.76 from pot
LifeisagameX: doesn't show hand
*** SUMMARY ***
Total pot $12 | Rake $0.24
Board [6d 9h Ac]
Seat 1: LifeisagameX (button) (small blind) collected ($11.76)
Seat 2: TM-TEAM07 (big blind) folded on the Flop


PokerStars Hand #176590694965:  Hold'em Limit ($3/$6 USD) - 2017/10/06 23:54:06 ET
Table 'Zelima' 10-max Seat #1 is the button
Seat 1: LifeisagameX ($84.52 in chips)
Seat 2: TM-TEAM07 ($132.66 in chips)
LifeisagameX: posts small blind $1
TM-TEAM07: posts big blind $3
*** HOLE CARDS ***
LifeisagameX: raises $3 to $6
TM-TEAM07: calls $3
*** FLOP *** [Kh 2h 8h]
TM-TEAM07: bets $3
LifeisagameX: calls $3
*** TURN *** [Kh 2h 8h] [Ks]
TM-TEAM07: bets $6
LifeisagameX: calls $6
*** RIVER *** [Kh 2h 8h Ks] [Jc]
TM-TEAM07: bets $6
LifeisagameX: folds
Uncalled bet ($6) returned to TM-TEAM07
TM-TEAM07 collected $29.50 from pot
TM-TEAM07: doesn't show hand
*** SUMMARY ***
Total pot $30 | Rake $0.50
Board [Kh 2h 8h Ks Jc]
Seat 1: LifeisagameX (button) (small blind) folded on the River
Seat 2: TM-TEAM07 (big blind) collected ($29.50)


PokerStars Hand #176590721011:  Hold'em Limit ($3/$6 USD) - 2017/10/06 23:55:42 ET
Table 'Zelima' 10-max Seat #2 is the button
Seat 1: LifeisagameX ($84 in chips)
Seat 2: TM-TEAM07 ($152.68 in chips)
TM-TEAM07: posts small blind $1
LifeisagameX: posts big blind $3
*** HOLE CARDS ***
TM-TEAM07: raises $3 to $6
LifeisagameX: calls $3
*** FLOP *** [7d Tc 3d]
LifeisagameX: checks
TM-TEAM07: checks
*** TURN *** [7d Tc 3d] [8s]
LifeisagameX: checks
TM-TEAM07: bets $6
LifeisagameX: folds
Uncalled bet ($6) returned to TM-TEAM07
TM-TEAM07 collected $11.76 from pot
TM-TEAM07: doesn't show hand
*** SUMMARY ***
Total pot $12 | Rake $0.24
Board [7d Tc 3d 8s]
Seat 1: LifeisagameX (big blind) folded on the Turn
Seat 2: TM-TEAM07 (button) (small blind) collected ($11.76)


PokerStars Hand #176590715207:  Hold'em Limit ($3/$6 USD) - 2017/10/06 23:55:19 ET
Table 'Zelima' 10-max Seat #1 is the button
Seat 1: LifeisagameX ($89.76 in chips)
Seat 2: TM-TEAM07 ($141.16 in chips)
LifeisagameX: posts small blind $1
TM-TEAM07: posts big blind $3
*** HOLE CARDS ***
LifeisagameX: raises $3 to $6
TM-TEAM07: calls $3
*** FLOP *** [2h 2d Ts]
TM-TEAM07: checks
LifeisagameX: checks
*** TURN *** [2h 2d Ts] [Tc]
TM-TEAM07: checks
LifeisagameX: checks
*** RIVER *** [2h 2d Ts Tc] [Ac]
TM-TEAM07: bets $6
LifeisagameX: calls $6
*** SHOW DOWN ***
TM-TEAM07: shows [Th Ad] (a full house, Tens full of Aces)
LifeisagameX: mucks hand
TM-TEAM07 collected $23.52 from pot
*** SUMMARY ***
Total pot $24 | Rake $0.48
Board [2h 2d Ts Tc Ac]
Seat 1: LifeisagameX (button) (small blind) mucked
Seat 2: TM-TEAM07 (big blind) showed [Th Ad] and won ($23.52) with a full house, Tens full of Aces


PokerStars Hand #176590708202:  Hold'em Limit ($3/$6 USD) - 2017/10/06 23:54:52 ET
Table 'Zelima' 10-max Seat #2 is the button
Seat 1: LifeisagameX ($84 in chips)
Seat 2: TM-TEAM07 ($147.16 in chips)
TM-TEAM07: posts small blind $1
LifeisagameX: posts big blind $3
*** HOLE CARDS ***
TM-TEAM07: calls $2
LifeisagameX: raises $3 to $6
TM-TEAM07: calls $3
*** FLOP *** [4d Js 3c]
LifeisagameX: bets $3
TM-TEAM07: folds
Uncalled bet ($3) returned to LifeisagameX
LifeisagameX collected $11.76 from pot
LifeisagameX: doesn't show hand
*** SUMMARY ***
Total pot $12 | Rake $0.24
Board [4d Js 3c]
Seat 1: LifeisagameX (big blind) collected ($11.76)
Seat 2: TM-TEAM07 (button) (small blind) folded on the Flop


PokerStars Hand #176590737627:  Hold'em Limit ($3/$6 USD) - 2017/10/06 23:56:47 ET
Table 'Zelima' 10-max Seat #2 is the button
Seat 1: LifeisagameX ($90.76 in chips)
Seat 2: TM-TEAM07 ($160.08 in chips)
TM-TEAM07: posts small blind $1
LifeisagameX: posts big blind $3
*** HOLE CARDS ***
TM-TEAM07: folds
Uncalled bet ($2) returned to LifeisagameX
LifeisagameX collected $2 from pot
LifeisagameX: doesn't show hand
*** SUMMARY ***
Total pot $2 | Rake $0
Seat 1: LifeisagameX (big blind) collected ($2)
Seat 2: TM-TEAM07 (button) (small blind) folded before Flop


PokerStars Hand #176590733998:  Hold'em Limit ($3/$6 USD) - 2017/10/06 23:56:32 ET
Table 'Zelima' 10-max Seat #1 is the button
Seat 1: LifeisagameX ($85 in chips)
Seat 2: TM-TEAM07 ($166.08 in chips)
LifeisagameX: posts small blind $1
TM-TEAM07: posts big blind $3
*** HOLE CARDS ***
LifeisagameX: raises $3 to $6
TM-TEAM07: calls $3
*** FLOP *** [5s Ks 2c]
TM-TEAM07: checks
LifeisagameX: bets $3
TM-TEAM07: folds
Uncalled bet ($3) returned to LifeisagameX
LifeisagameX collected $11.76 from pot
LifeisagameX: doesn't show hand
*** SUMMARY ***
Total pot $12 | Rake $0.24
Board [5s Ks 2c]
Seat 1: LifeisagameX (button) (small blind) collected ($11.76)
Seat 2: TM-TEAM07 (big blind) folded on the Flop


PokerStars Hand #176590732542:  Hold'em Limit ($3/$6 USD) - 2017/10/06 23:56:27 ET
Table 'Zelima' 10-max Seat #2 is the button
Seat 1: LifeisagameX ($84 in chips)
Seat 2: TM-TEAM07 ($167.08 in chips)
TM-TEAM07: posts small blind $1
LifeisagameX: posts big blind $3
*** HOLE CARDS ***
TM-TEAM07: folds
Uncalled bet ($2) returned to LifeisagameX
LifeisagameX collected $2 from pot
LifeisagameX: doesn't show hand
*** SUMMARY ***
Total pot $2 | Rake $0
Seat 1: LifeisagameX (big blind) collected ($2)
Seat 2: TM-TEAM07 (button) (small blind) folded before Flop


PokerStars Hand #176590725511:  Hold'em Limit ($3/$6 USD) - 2017/10/06 23:55:59 ET
Table 'Zelima' 10-max Seat #1 is the button
Seat 1: LifeisagameX ($84 in chips)
Seat 2: TM-TEAM07 ($158.44 in chips)
LifeisagameX: posts small blind $1
TM-TEAM07: posts big blind $3
*** HOLE CARDS ***
LifeisagameX: raises $3 to $6
TM-TEAM07: calls $3
*** FLOP *** [4c Ks 9s]
TM-TEAM07: checks
LifeisagameX: bets $3
TM-TEAM07: calls $3
*** TURN *** [4c Ks 9s] [6s]
TM-TEAM07: bets $6
LifeisagameX: folds
Uncalled bet ($6) returned to TM-TEAM07
TM-TEAM07 collected $17.64 from pot
*** SUMMARY ***
Total pot $18 | Rake $0.36
Board [4c Ks 9s 6s]
Seat 1: LifeisagameX (button) (small blind) folded on the Turn
Seat 2: TM-TEAM07 (big blind) collected ($17.64)


PokerStars Hand #176590756289:  Hold'em Limit ($3/$6 USD) - 2017/10/06 23:57:59 ET
Table 'Zelima' 10-max Seat #2 is the button
Seat 1: LifeisagameX ($88 in chips)
Seat 2: TM-TEAM07 ($169.58 in chips)
TM-TEAM07: posts small blind $1
LifeisagameX: posts big blind $3
*** HOLE CARDS ***
TM-TEAM07: folds
Uncalled bet ($2) returned to LifeisagameX
LifeisagameX collected $2 from pot
LifeisagameX: doesn't show hand
*** SUMMARY ***
Total pot $2 | Rake $0
Seat 1: LifeisagameX (big blind) collected ($2)
Seat 2: TM-TEAM07 (button) (small blind) folded before Flop


PokerStars Hand #176590746554:  Hold'em Limit ($3/$6 USD) - 2017/10/06 23:57:22 ET
Table 'Zelima' 10-max Seat #1 is the button
Seat 1: LifeisagameX ($85 in chips)
Seat 2: TM-TEAM07 ($172.58 in chips)
LifeisagameX: posts small blind $1
TM-TEAM07: posts big blind $3
*** HOLE CARDS ***
LifeisagameX: raises $3 to $6
TM-TEAM07 has timed out
TM-TEAM07: folds
Uncalled bet ($3) returned to LifeisagameX
LifeisagameX collected $6 from pot
LifeisagameX: doesn't show hand
*** SUMMARY ***
Total pot $6 | Rake $0
Seat 1: LifeisagameX (button) (small blind) collected ($6)
Seat 2: TM-TEAM07 (big blind) folded before Flop


PokerStars Hand #176590745217:  Hold'em Limit ($3/$6 USD) - 2017/10/06 23:57:16 ET
Table 'Zelima' 10-max Seat #2 is the button
Seat 1: LifeisagameX ($84 in chips)
Seat 2: TM-TEAM07 ($173.58 in chips)
TM-TEAM07: posts small blind $1
LifeisagameX: posts big blind $3
*** HOLE CARDS ***
TM-TEAM07: folds
Uncalled bet ($2) returned to LifeisagameX
LifeisagameX collected $2 from pot
LifeisagameX: doesn't show hand
*** SUMMARY ***
Total pot $2 | Rake $0
Seat 1: LifeisagameX (big blind) collected ($2)
Seat 2: TM-TEAM07 (button) (small blind) folded before Flop


PokerStars Hand #176590739501:  Hold'em Limit ($3/$6 USD) - 2017/10/06 23:56:54 ET
Table 'Zelima' 10-max Seat #1 is the button
Seat 1: LifeisagameX ($91.76 in chips)
Seat 2: TM-TEAM07 ($159.08 in chips)
LifeisagameX: posts small blind $1
TM-TEAM07: posts big blind $3
*** HOLE CARDS ***
LifeisagameX: raises $3 to $6
TM-TEAM07: calls $3
*** FLOP *** [7c Ts 8c]
TM-TEAM07: checks
LifeisagameX: bets $3
TM-TEAM07: calls $3
*** TURN *** [7c Ts 8c] [As]
TM-TEAM07: checks
LifeisagameX: bets $6
TM-TEAM07: calls $6
*** RIVER *** [7c Ts 8c As] [Th]
TM-TEAM07: checks
LifeisagameX: checks
*** SHOW DOWN ***
TM-TEAM07: shows [9d Kc] (a pair of Tens)
LifeisagameX: mucks hand
TM-TEAM07 collected $29.50 from pot
*** SUMMARY ***
Total pot $30 | Rake $0.50
Board [7c Ts 8c As Th]
Seat 1: LifeisagameX (button) (small blind) mucked
Seat 2: TM-TEAM07 (big blind) showed [9d Kc] and won ($29.50) with a pair of Tens


PokerStars Hand #176590758430:  Hold'em Limit ($3/$6 USD) - 2017/10/06 23:58:07 ET
Table 'Zelima' 10-max Seat #1 is the button
Seat 1: LifeisagameX ($89 in chips)
Seat 2: TM-TEAM07 ($168.58 in chips)
LifeisagameX: posts small blind $1
TM-TEAM07: posts big blind $3
*** HOLE CARDS ***
LifeisagameX: raises $3 to $6
TM-TEAM07: calls $3
*** FLOP *** [9s Ts Ad]
TM-TEAM07: checks
LifeisagameX: checks
*** TURN *** [9s Ts Ad] [Qs]
TM-TEAM07: checks
LifeisagameX: checks
*** RIVER *** [9s Ts Ad Qs] [5h]
TM-TEAM07: checks
LifeisagameX: bets $6
TM-TEAM07: folds
Uncalled bet ($6) returned to LifeisagameX
LifeisagameX collected $11.76 from pot
LifeisagameX: doesn't show hand
*** SUMMARY ***
Total pot $12 | Rake $0.24
Board [9s Ts Ad Qs 5h]
Seat 1: LifeisagameX (button) (small blind) collected ($11.76)
Seat 2: TM-TEAM07 (big blind) folded on the River


PokerStars Hand #176590777149:  Hold'em Limit ($3/$6 USD) - 2017/10/06 23:59:20 ET
Table 'Zelima' 10-max Seat #1 is the button
Seat 1: LifeisagameX ($84 in chips)
Seat 2: TM-TEAM07 ($174.10 in chips)
LifeisagameX: posts small blind $1
TM-TEAM07: posts big blind $3
*** HOLE CARDS ***
LifeisagameX: raises $3 to $6
TM-TEAM07: folds
Uncalled bet ($3) returned to LifeisagameX
LifeisagameX collected $6 from pot
LifeisagameX: doesn't show hand
*** SUMMARY ***
Total pot $6 | Rake $0
Seat 1: LifeisagameX (button) (small blind) collected ($6)
Seat 2: TM-TEAM07 (big blind) folded before Flop


PokerStars Hand #176590769748:  Hold'em Limit ($3/$6 USD) - 2017/10/06 23:58:52 ET
Table 'Zelima' 10-max Seat #2 is the button
Seat 1: LifeisagameX ($94.76 in chips)
Seat 2: TM-TEAM07 ($162.58 in chips)
TM-TEAM07: posts small blind $1
LifeisagameX: posts big blind $3
*** HOLE CARDS ***
TM-TEAM07: raises $3 to $6
LifeisagameX: calls $3
*** FLOP *** [Ks 7c 6h]
LifeisagameX: checks
TM-TEAM07: checks
*** TURN *** [Ks 7c 6h] [8h]
LifeisagameX: bets $6
TM-TEAM07: raises $6 to $12
LifeisagameX: folds
Uncalled bet ($6) returned to TM-TEAM07
TM-TEAM07 collected $23.52 from pot
TM-TEAM07: doesn't show hand
*** SUMMARY ***
Total pot $24 | Rake $0.48
Board [Ks 7c 6h 8h]
Seat 1: LifeisagameX (big blind) folded on the Turn
Seat 2: TM-TEAM07 (button) (small blind) collected ($23.52)


PokerStars Hand #176590798210:  Hold'em Limit ($3/$6 USD) - 2017/10/07 0:00:42 ET
Table 'Zelima' 10-max Seat #2 is the button
Seat 1: LifeisagameX ($110.14 in chips)
Seat 2: TM-TEAM07 ($147.10 in chips)
TM-TEAM07: posts small blind $1
LifeisagameX: posts big blind $3
*** HOLE CARDS ***
TM-TEAM07: folds
Uncalled bet ($2) returned to LifeisagameX
LifeisagameX collected $2 from pot
LifeisagameX: doesn't show hand
*** SUMMARY ***
Total pot $2 | Rake $0
Seat 1: LifeisagameX (big blind) collected ($2)
Seat 2: TM-TEAM07 (button) (small blind) folded before Flop


PokerStars Hand #176590789724:  Hold'em Limit ($3/$6 USD) - 2017/10/07 0:00:09 ET
Table 'Zelima' 10-max Seat #1 is the button
Seat 1: LifeisagameX ($95.64 in chips)
Seat 2: TM-TEAM07 ($162.10 in chips)
LifeisagameX: posts small blind $1
TM-TEAM07: posts big blind $3
*** HOLE CARDS ***
LifeisagameX: raises $3 to $6
TM-TEAM07: calls $3
*** FLOP *** [3h 7d 8h]
TM-TEAM07: checks
LifeisagameX: bets $3
TM-TEAM07: calls $3
*** TURN *** [3h 7d 8h] [8s]
TM-TEAM07: checks
LifeisagameX: bets $6
TM-TEAM07: calls $6
*** RIVER *** [3h 7d 8h 8s] [Ad]
TM-TEAM07: checks
LifeisagameX: bets $6
TM-TEAM07: folds
Uncalled bet ($6) returned to LifeisagameX
LifeisagameX collected $29.50 from pot
LifeisagameX: doesn't show hand
*** SUMMARY ***
Total pot $30 | Rake $0.50
Board [3h 7d 8h 8s Ad]
Seat 1: LifeisagameX (button) (small blind) collected ($29.50)
Seat 2: TM-TEAM07 (big blind) folded on the River


PokerStars Hand #176590779864:  Hold'em Limit ($3/$6 USD) - 2017/10/06 23:59:31 ET
Table 'Zelima' 10-max Seat #2 is the button
Seat 1: LifeisagameX ($87 in chips)
Seat 2: TM-TEAM07 ($171.10 in chips)
TM-TEAM07: posts small blind $1
LifeisagameX: posts big blind $3
*** HOLE CARDS ***
TM-TEAM07: raises $3 to $6
LifeisagameX: calls $3
*** FLOP *** [3s 8d Qs]
LifeisagameX: checks
TM-TEAM07: bets $3
LifeisagameX: calls $3
*** TURN *** [3s 8d Qs] [8c]
LifeisagameX: bets $6
TM-TEAM07: folds
Uncalled bet ($6) returned to LifeisagameX
LifeisagameX collected $17.64 from pot
LifeisagameX: doesn't show hand
*** SUMMARY ***
Total pot $18 | Rake $0.36
Board [3s 8d Qs 8c]
Seat 1: LifeisagameX (big blind) collected ($17.64)
Seat 2: TM-TEAM07 (button) (small blind) folded on the Turn


