PokerStars Hand #149410684088:  Hold'em Limit ($3/$6 USD) - 2016/02/25 16:25:39 ET
Table 'Zelinda II' 6-max Seat #2 is the button
Seat 1: VolkovDmitri ($120 in chips)
Seat 2: AA_ILI ($48.97 in chips)
AA_ILI: posts small blind $1
VolkovDmitri: posts big blind $3
*** HOLE CARDS ***
AA_ILI: raises $3 to $6
VolkovDmitri: calls $3
*** FLOP *** [6h 7c Ad]
VolkovDmitri: checks
AA_ILI: bets $3
VolkovDmitri: folds
Uncalled bet ($3) returned to AA_ILI
AA_ILI collected $11.76 from pot
*** SUMMARY ***
Total pot $12 | Rake $0.24
Board [6h 7c Ad]
Seat 1: VolkovDmitri (big blind) folded on the Flop
Seat 2: AA_ILI (button) (small blind) collected ($11.76)


PokerStars Hand #149410713636:  Hold'em Limit ($3/$6 USD) - 2016/02/25 16:26:09 ET
Table 'Zelinda II' 6-max Seat #2 is the button
Seat 1: VolkovDmitri ($125.76 in chips)
Seat 2: AA_ILI ($48.73 in chips)
AA_ILI: posts small blind $1
VolkovDmitri: posts big blind $3
*** HOLE CARDS ***
AA_ILI: raises $3 to $6
VolkovDmitri: calls $3
*** FLOP *** [Jd 3h Th]
VolkovDmitri: checks
AA_ILI: bets $3
VolkovDmitri: raises $3 to $6
AA_ILI: calls $3
*** TURN *** [Jd 3h Th] [5s]
VolkovDmitri: bets $6
AA_ILI: calls $6
*** RIVER *** [Jd 3h Th 5s] [9c]
VolkovDmitri: bets $6
AA_ILI: raises $6 to $12
VolkovDmitri: folds
Uncalled bet ($6) returned to AA_ILI
AA_ILI collected $47.50 from pot
*** SUMMARY ***
Total pot $48 | Rake $0.50
Board [Jd 3h Th 5s 9c]
Seat 1: VolkovDmitri (big blind) folded on the River
Seat 2: AA_ILI (button) (small blind) collected ($47.50)


PokerStars Hand #149410696694:  Hold'em Limit ($3/$6 USD) - 2016/02/25 16:25:51 ET
Table 'Zelinda II' 6-max Seat #1 is the button
Seat 1: VolkovDmitri ($120 in chips)
Seat 2: AA_ILI ($54.73 in chips)
VolkovDmitri: posts small blind $1
AA_ILI: posts big blind $3
*** HOLE CARDS ***
VolkovDmitri: raises $3 to $6
AA_ILI: calls $3
*** FLOP *** [2c Ad 3c]
AA_ILI: checks
VolkovDmitri: bets $3
AA_ILI: folds
Uncalled bet ($3) returned to VolkovDmitri
VolkovDmitri collected $11.76 from pot
VolkovDmitri: doesn't show hand
*** SUMMARY ***
Total pot $12 | Rake $0.24
Board [2c Ad 3c]
Seat 1: VolkovDmitri (button) (small blind) collected ($11.76)
Seat 2: AA_ILI (big blind) folded on the Flop


PokerStars Hand #149410757661:  Hold'em Limit ($3/$6 USD) - 2016/02/25 16:26:53 ET
Table 'Zelinda II' 6-max Seat #1 is the button
Seat 1: VolkovDmitri ($120 in chips)
Seat 2: AA_ILI ($72.23 in chips)
VolkovDmitri: posts small blind $1
AA_ILI: posts big blind $3
*** HOLE CARDS ***
VolkovDmitri: raises $3 to $6
AA_ILI: calls $3
*** FLOP *** [3d 4s 7s]
AA_ILI: checks
VolkovDmitri: bets $3
AA_ILI: raises $3 to $6
VolkovDmitri: calls $3
*** TURN *** [3d 4s 7s] [5d]
AA_ILI: bets $6
VolkovDmitri: calls $6
*** RIVER *** [3d 4s 7s 5d] [Jc]
AA_ILI: checks
VolkovDmitri: checks
*** SHOW DOWN ***
AA_ILI: shows [5s 9s] (a pair of Fives)
VolkovDmitri: mucks hand
AA_ILI collected $35.50 from pot
*** SUMMARY ***
Total pot $36 | Rake $0.50
Board [3d 4s 7s 5d Jc]
Seat 1: VolkovDmitri (button) (small blind) mucked
Seat 2: AA_ILI (big blind) showed [5s 9s] and won ($35.50) with a pair of Fives


PokerStars Hand #149410824565:  Hold'em Limit ($3/$6 USD) - 2016/02/25 16:28:01 ET
Table 'Zelinda II' 6-max Seat #1 is the button
Seat 1: VolkovDmitri ($120 in chips)
Seat 2: AA_ILI ($107.23 in chips)
VolkovDmitri: posts small blind $1
AA_ILI: posts big blind $3
*** HOLE CARDS ***
VolkovDmitri: raises $3 to $6
AA_ILI: calls $3
*** FLOP *** [7d 6c Ad]
AA_ILI: checks
VolkovDmitri: checks
*** TURN *** [7d 6c Ad] [9c]
AA_ILI: checks
VolkovDmitri: checks
*** RIVER *** [7d 6c Ad 9c] [Ts]
AA_ILI: checks
VolkovDmitri: checks
*** SHOW DOWN ***
AA_ILI: shows [4c Jc] (high card Ace)
VolkovDmitri: shows [Ks 2s] (high card Ace - King kicker)
VolkovDmitri collected $11.76 from pot
*** SUMMARY ***
Total pot $12 | Rake $0.24
Board [7d 6c Ad 9c Ts]
Seat 1: VolkovDmitri (button) (small blind) showed [Ks 2s] and won ($11.76) with high card Ace
Seat 2: AA_ILI (big blind) showed [4c Jc] and lost with high card Ace


PokerStars Hand #149410790101:  Hold'em Limit ($3/$6 USD) - 2016/02/25 16:27:26 ET
Table 'Zelinda II' 6-max Seat #2 is the button
Seat 1: VolkovDmitri ($120 in chips)
Seat 2: AA_ILI ($89.73 in chips)
AA_ILI: posts small blind $1
VolkovDmitri: posts big blind $3
*** HOLE CARDS ***
AA_ILI: raises $3 to $6
VolkovDmitri: raises $3 to $9
AA_ILI: calls $3
*** FLOP *** [8c 7s Qh]
VolkovDmitri: bets $3
AA_ILI: calls $3
*** TURN *** [8c 7s Qh] [Qd]
VolkovDmitri: checks
AA_ILI: bets $6
VolkovDmitri: calls $6
*** RIVER *** [8c 7s Qh Qd] [Jh]
VolkovDmitri: checks
AA_ILI: bets $6
VolkovDmitri: folds
Uncalled bet ($6) returned to AA_ILI
AA_ILI collected $35.50 from pot
*** SUMMARY ***
Total pot $36 | Rake $0.50
Board [8c 7s Qh Qd Jh]
Seat 1: VolkovDmitri (big blind) folded on the River
Seat 2: AA_ILI (button) (small blind) collected ($35.50)


PokerStars Hand #149410860843:  Hold'em Limit ($3/$6 USD) - 2016/02/25 16:28:38 ET
Table 'Zelinda II' 6-max Seat #2 is the button
Seat 1: VolkovDmitri ($125.76 in chips)
Seat 2: AA_ILI ($101.23 in chips)
AA_ILI: posts small blind $1
VolkovDmitri: posts big blind $3
*** HOLE CARDS ***
AA_ILI: raises $3 to $6
VolkovDmitri: raises $3 to $9
AA_ILI: calls $3
*** FLOP *** [6s 4h 2h]
VolkovDmitri: bets $3
AA_ILI: calls $3
*** TURN *** [6s 4h 2h] [Ah]
VolkovDmitri: checks
AA_ILI: bets $6
VolkovDmitri: folds
Uncalled bet ($6) returned to AA_ILI
AA_ILI collected $23.52 from pot
*** SUMMARY ***
Total pot $24 | Rake $0.48
Board [6s 4h 2h Ah]
Seat 1: VolkovDmitri (big blind) folded on the Turn
Seat 2: AA_ILI (button) (small blind) collected ($23.52)


PokerStars Hand #149410888050:  Hold'em Limit ($3/$6 USD) - 2016/02/25 16:29:06 ET
Table 'Zelinda II' 6-max Seat #1 is the button
Seat 1: VolkovDmitri ($120 in chips)
Seat 2: AA_ILI ($112.75 in chips)
VolkovDmitri: posts small blind $1
AA_ILI: posts big blind $3
*** HOLE CARDS ***
VolkovDmitri: raises $3 to $6
AA_ILI: calls $3
*** FLOP *** [5s Th Qh]
AA_ILI: checks
VolkovDmitri: bets $3
AA_ILI: calls $3
*** TURN *** [5s Th Qh] [Ts]
AA_ILI: checks
VolkovDmitri: checks
*** RIVER *** [5s Th Qh Ts] [Jh]
AA_ILI: checks
VolkovDmitri: bets $6
AA_ILI: calls $6
*** SHOW DOWN ***
VolkovDmitri: shows [Ks As] (a straight, Ten to Ace)
AA_ILI: mucks hand
VolkovDmitri collected $29.50 from pot
*** SUMMARY ***
Total pot $30 | Rake $0.50
Board [5s Th Qh Ts Jh]
Seat 1: VolkovDmitri (button) (small blind) showed [Ks As] and won ($29.50) with a straight, Ten to Ace
Seat 2: AA_ILI (big blind) mucked


PokerStars Hand #149410942788:  Hold'em Limit ($3/$6 USD) - 2016/02/25 16:30:02 ET
Table 'Zelinda II' 6-max Seat #1 is the button
Seat 1: VolkovDmitri ($135.50 in chips)
Seat 2: AA_ILI ($96.75 in chips)
VolkovDmitri: posts small blind $1
AA_ILI: posts big blind $3
*** HOLE CARDS ***
VolkovDmitri: raises $3 to $6
AA_ILI: calls $3
*** FLOP *** [4s Jd 5d]
AA_ILI: checks
VolkovDmitri: bets $3
AA_ILI: raises $3 to $6
VolkovDmitri: calls $3
*** TURN *** [4s Jd 5d] [Ac]
AA_ILI: checks
VolkovDmitri: checks
*** RIVER *** [4s Jd 5d Ac] [Th]
AA_ILI: bets $6
VolkovDmitri: folds
Uncalled bet ($6) returned to AA_ILI
AA_ILI collected $23.52 from pot
*** SUMMARY ***
Total pot $24 | Rake $0.48
Board [4s Jd 5d Ac Th]
Seat 1: VolkovDmitri (button) (small blind) folded on the River
Seat 2: AA_ILI (big blind) collected ($23.52)


PokerStars Hand #149410937946:  Hold'em Limit ($3/$6 USD) - 2016/02/25 16:29:57 ET
Table 'Zelinda II' 6-max Seat #2 is the button
Seat 1: VolkovDmitri ($134.50 in chips)
Seat 2: AA_ILI ($97.75 in chips)
AA_ILI: posts small blind $1
VolkovDmitri: posts big blind $3
*** HOLE CARDS ***
AA_ILI: folds
Uncalled bet ($2) returned to VolkovDmitri
VolkovDmitri collected $2 from pot
VolkovDmitri: doesn't show hand
*** SUMMARY ***
Total pot $2 | Rake $0
Seat 1: VolkovDmitri (big blind) collected ($2)
Seat 2: AA_ILI (button) (small blind) folded before Flop


PokerStars Hand #149410999112:  Hold'em Limit ($3/$6 USD) - 2016/02/25 16:31:00 ET
Table 'Zelinda II' 6-max Seat #2 is the button
Seat 1: VolkovDmitri ($123.50 in chips)
Seat 2: AA_ILI ($108.27 in chips)
AA_ILI: posts small blind $1
VolkovDmitri: posts big blind $3
*** HOLE CARDS ***
AA_ILI: raises $3 to $6
VolkovDmitri: calls $3
*** FLOP *** [9c 9s Qd]
VolkovDmitri: checks
AA_ILI: bets $3
VolkovDmitri: folds
Uncalled bet ($3) returned to AA_ILI
AA_ILI collected $11.76 from pot
*** SUMMARY ***
Total pot $12 | Rake $0.24
Board [9c 9s Qd]
Seat 1: VolkovDmitri (big blind) folded on the Flop
Seat 2: AA_ILI (button) (small blind) collected ($11.76)


PokerStars Hand #149411070759:  Hold'em Limit ($3/$6 USD) - 2016/02/25 16:32:14 ET
Table 'Zelinda II' 6-max Seat #2 is the button
Seat 1: VolkovDmitri ($120 in chips)
Seat 2: AA_ILI ($125.55 in chips)
AA_ILI: posts small blind $1
VolkovDmitri: posts big blind $3
*** HOLE CARDS ***
AA_ILI: raises $3 to $6
VolkovDmitri: calls $3
*** FLOP *** [Qd 8d 3h]
VolkovDmitri: checks
AA_ILI: bets $3
VolkovDmitri: raises $3 to $6
AA_ILI: calls $3
*** TURN *** [Qd 8d 3h] [7c]
VolkovDmitri: bets $6
AA_ILI: calls $6
*** RIVER *** [Qd 8d 3h 7c] [5s]
VolkovDmitri: bets $6
AA_ILI: folds
Uncalled bet ($6) returned to VolkovDmitri
VolkovDmitri collected $35.50 from pot
VolkovDmitri: doesn't show hand
*** SUMMARY ***
Total pot $36 | Rake $0.50
Board [Qd 8d 3h 7c 5s]
Seat 1: VolkovDmitri (big blind) collected ($35.50)
Seat 2: AA_ILI (button) (small blind) folded on the River


PokerStars Hand #149411034467:  Hold'em Limit ($3/$6 USD) - 2016/02/25 16:31:36 ET
Table 'Zelinda II' 6-max Seat #1 is the button
Seat 1: VolkovDmitri ($120 in chips)
Seat 2: AA_ILI ($114.03 in chips)
VolkovDmitri: posts small blind $1
AA_ILI: posts big blind $3
*** HOLE CARDS ***
VolkovDmitri: raises $3 to $6
AA_ILI: calls $3
*** FLOP *** [8d 3d 4c]
AA_ILI: checks
VolkovDmitri: checks
*** TURN *** [8d 3d 4c] [8s]
AA_ILI: bets $6
VolkovDmitri: calls $6
*** RIVER *** [8d 3d 4c 8s] [7h]
AA_ILI: bets $6
VolkovDmitri: folds
Uncalled bet ($6) returned to AA_ILI
AA_ILI collected $23.52 from pot
*** SUMMARY ***
Total pot $24 | Rake $0.48
Board [8d 3d 4c 8s 7h]
Seat 1: VolkovDmitri (button) (small blind) folded on the River
Seat 2: AA_ILI (big blind) collected ($23.52)


PokerStars Hand #149411150716:  Hold'em Limit ($3/$6 USD) - 2016/02/25 16:33:37 ET
Table 'Zelinda II' 6-max Seat #1 is the button
Seat 1: VolkovDmitri ($128.26 in chips)
Seat 2: AA_ILI ($116.05 in chips)
VolkovDmitri: posts small blind $1
AA_ILI: posts big blind $3
*** HOLE CARDS ***
VolkovDmitri: raises $3 to $6
AA_ILI: folds
Uncalled bet ($3) returned to VolkovDmitri
VolkovDmitri collected $6 from pot
VolkovDmitri: doesn't show hand
*** SUMMARY ***
Total pot $6 | Rake $0
Seat 1: VolkovDmitri (button) (small blind) collected ($6)
Seat 2: AA_ILI (big blind) folded before Flop


PokerStars Hand #149411135602:  Hold'em Limit ($3/$6 USD) - 2016/02/25 16:33:21 ET
Table 'Zelinda II' 6-max Seat #2 is the button
Seat 1: VolkovDmitri ($122.50 in chips)
Seat 2: AA_ILI ($122.05 in chips)
AA_ILI: posts small blind $1
VolkovDmitri: posts big blind $3
*** HOLE CARDS ***
AA_ILI: raises $3 to $6
VolkovDmitri: calls $3
*** FLOP *** [Td 9s 2h]
VolkovDmitri: checks
AA_ILI: checks
*** TURN *** [Td 9s 2h] [5d]
VolkovDmitri: bets $6
AA_ILI: folds
Uncalled bet ($6) returned to VolkovDmitri
VolkovDmitri collected $11.76 from pot
VolkovDmitri: doesn't show hand
*** SUMMARY ***
Total pot $12 | Rake $0.24
Board [Td 9s 2h 5d]
Seat 1: VolkovDmitri (big blind) collected ($11.76)
Seat 2: AA_ILI (button) (small blind) folded on the Turn


PokerStars Hand #149411108500:  Hold'em Limit ($3/$6 USD) - 2016/02/25 16:32:53 ET
Table 'Zelinda II' 6-max Seat #1 is the button
Seat 1: VolkovDmitri ($137.50 in chips)
Seat 2: AA_ILI ($107.55 in chips)
VolkovDmitri: posts small blind $1
AA_ILI: posts big blind $3
*** HOLE CARDS ***
VolkovDmitri: raises $3 to $6
AA_ILI: calls $3
*** FLOP *** [9c 6s Tc]
AA_ILI: checks
VolkovDmitri: bets $3
AA_ILI: calls $3
*** TURN *** [9c 6s Tc] [Ah]
AA_ILI: checks
VolkovDmitri: checks
*** RIVER *** [9c 6s Tc Ah] [7c]
AA_ILI: bets $6
VolkovDmitri: calls $6
*** SHOW DOWN ***
AA_ILI: shows [8s Ac] (a straight, Six to Ten)
VolkovDmitri: mucks hand
AA_ILI collected $29.50 from pot
*** SUMMARY ***
Total pot $30 | Rake $0.50
Board [9c 6s Tc Ah 7c]
Seat 1: VolkovDmitri (button) (small blind) mucked
Seat 2: AA_ILI (big blind) showed [8s Ac] and won ($29.50) with a straight, Six to Ten


PokerStars Hand #149411160745:  Hold'em Limit ($3/$6 USD) - 2016/02/25 16:33:47 ET
Table 'Zelinda II' 6-max Seat #2 is the button
Seat 1: VolkovDmitri ($131.26 in chips)
Seat 2: AA_ILI ($113.05 in chips)
AA_ILI: posts small blind $1
VolkovDmitri: posts big blind $3
*** HOLE CARDS ***
AA_ILI: raises $3 to $6
VolkovDmitri: raises $3 to $9
AA_ILI: raises $3 to $12
Betting is capped
VolkovDmitri: calls $3
*** FLOP *** [Ah 7d Tc]
VolkovDmitri: bets $3
AA_ILI: calls $3
*** TURN *** [Ah 7d Tc] [4d]
VolkovDmitri: bets $6
AA_ILI: calls $6
*** RIVER *** [Ah 7d Tc 4d] [3h]
VolkovDmitri: bets $6
AA_ILI: folds
Uncalled bet ($6) returned to VolkovDmitri
AA_ILI leaves the table
VolkovDmitri collected $41.50 from pot
VolkovDmitri: doesn't show hand
*** SUMMARY ***
Total pot $42 | Rake $0.50
Board [Ah 7d Tc 4d 3h]
Seat 1: VolkovDmitri (big blind) collected ($41.50)
Seat 2: AA_ILI (button) (small blind) folded on the River


