PokerStars Hand #149476511077:  Hold'em Limit ($3/$6 USD) - 2016/02/26 21:51:53 ET
Table 'Zelima' 6-max Seat #1 is the button
Seat 1: LifeisagameX ($60 in chips)
Seat 4: Brama Br ($40 in chips)
LifeisagameX: posts small blind $1
Brama Br: posts big blind $3
*** HOLE CARDS ***
degal76 joins the table at seat #6
LifeisagameX: folds
Uncalled bet ($2) returned to Brama Br
Brama Br collected $2 from pot
Brama Br: doesn't show hand
*** SUMMARY ***
Total pot $2 | Rake $0
Seat 1: LifeisagameX (button) (small blind) folded before Flop
Seat 4: Brama Br (big blind) collected ($2)


PokerStars Hand #149476548612:  Hold'em Limit ($3/$6 USD) - 2016/02/26 21:53:19 ET
Table 'Zelima' 6-max Seat #4 is the button
Seat 4: Brama Br ($31 in chips)
Seat 6: degal76 ($150.17 in chips)
Brama Br: posts small blind $1
degal76: posts big blind $3
*** HOLE CARDS ***
Brama Br: raises $3 to $6
degal76: raises $3 to $9
Brama Br: raises $3 to $12
Betting is capped
degal76: calls $3
*** FLOP *** [5c 6c Kc]
degal76: checks
Brama Br: bets $3
degal76: raises $3 to $6
Brama Br: raises $3 to $9
degal76: calls $3
*** TURN *** [5c 6c Kc] [Ts]
degal76: checks
Brama Br: bets $6
degal76: raises $6 to $12
Brama Br: calls $4 and is all-in
Uncalled bet ($2) returned to degal76
*** RIVER *** [5c 6c Kc Ts] [2c]
*** SHOW DOWN ***
degal76: shows [5s As] (a pair of Fives)
Brama Br: shows [Ac Qs] (a flush, Ace high)
Brama Br collected $61.50 from pot
*** SUMMARY ***
Total pot $62 | Rake $0.50
Board [5c 6c Kc Ts 2c]
Seat 4: Brama Br (button) (small blind) showed [Ac Qs] and won ($61.50) with a flush, Ace high
Seat 6: degal76 (big blind) showed [5s As] and lost with a pair of Fives


PokerStars Hand #149476593568:  Hold'em Limit ($3/$6 USD) - 2016/02/26 21:55:03 ET
Table 'Zelima' 6-max Seat #6 is the button
Seat 4: Brama Br ($57 in chips)
Seat 6: degal76 ($122.43 in chips)
degal76: posts small blind $1
Brama Br: posts big blind $3
*** HOLE CARDS ***
degal76: raises $3 to $6
Brama Br: folds
Uncalled bet ($3) returned to degal76
degal76 collected $6 from pot
degal76: doesn't show hand
*** SUMMARY ***
Total pot $6 | Rake $0
Seat 4: Brama Br (big blind) folded before Flop
Seat 6: degal76 (button) (small blind) collected ($6)


PokerStars Hand #149476584143:  Hold'em Limit ($3/$6 USD) - 2016/02/26 21:54:41 ET
Table 'Zelima' 6-max Seat #4 is the button
Seat 4: Brama Br ($72 in chips)
Seat 6: degal76 ($107.93 in chips)
Brama Br: posts small blind $1
degal76: posts big blind $3
*** HOLE CARDS ***
Brama Br: raises $3 to $6
degal76: calls $3
*** FLOP *** [9s 7h Ac]
degal76: checks
Brama Br: bets $3
degal76: raises $3 to $6
Brama Br: raises $3 to $9
degal76: calls $3
*** TURN *** [9s 7h Ac] [3s]
degal76: checks
Brama Br: checks
*** RIVER *** [9s 7h Ac 3s] [2d]
degal76: bets $6
Brama Br: folds
Uncalled bet ($6) returned to degal76
degal76 collected $29.50 from pot
degal76: doesn't show hand
*** SUMMARY ***
Total pot $30 | Rake $0.50
Board [9s 7h Ac 3s 2d]
Seat 4: Brama Br (button) (small blind) folded on the River
Seat 6: degal76 (big blind) collected ($29.50)


PokerStars Hand #149476579170:  Hold'em Limit ($3/$6 USD) - 2016/02/26 21:54:29 ET
Table 'Zelima' 6-max Seat #6 is the button
Seat 4: Brama Br ($78 in chips)
Seat 6: degal76 ($102.17 in chips)
degal76: posts small blind $1
Brama Br: posts big blind $3
*** HOLE CARDS ***
degal76: raises $3 to $6
Brama Br: calls $3
*** FLOP *** [Qh 2h Ad]
Brama Br: checks
degal76: bets $3
Brama Br: folds
Uncalled bet ($3) returned to degal76
degal76 collected $11.76 from pot
degal76: doesn't show hand
*** SUMMARY ***
Total pot $12 | Rake $0.24
Board [Qh 2h Ad]
Seat 4: Brama Br (big blind) folded on the Flop
Seat 6: degal76 (button) (small blind) collected ($11.76)


PokerStars Hand #149476576461:  Hold'em Limit ($3/$6 USD) - 2016/02/26 21:54:23 ET
Table 'Zelima' 6-max Seat #4 is the button
Seat 4: Brama Br ($79 in chips)
Seat 6: degal76 ($101.17 in chips)
Brama Br: posts small blind $1
degal76: posts big blind $3
*** HOLE CARDS ***
Brama Br: folds
Uncalled bet ($2) returned to degal76
degal76 collected $2 from pot
degal76: doesn't show hand
*** SUMMARY ***
Total pot $2 | Rake $0
Seat 4: Brama Br (button) (small blind) folded before Flop
Seat 6: degal76 (big blind) collected ($2)


PokerStars Hand #149476560335:  Hold'em Limit ($3/$6 USD) - 2016/02/26 21:53:46 ET
Table 'Zelima' 6-max Seat #6 is the button
Seat 4: Brama Br ($61.50 in chips)
Seat 6: degal76 ($119.17 in chips)
degal76: posts small blind $1
Brama Br: posts big blind $3
*** HOLE CARDS ***
degal76: calls $2
Brama Br: checks
*** FLOP *** [Tc 4c Th]
Brama Br: checks
degal76: bets $3
Brama Br: calls $3
*** TURN *** [Tc 4c Th] [Qc]
Brama Br: checks
degal76: bets $6
Brama Br: calls $6
*** RIVER *** [Tc 4c Th Qc] [5c]
Brama Br: checks
degal76: bets $6
Brama Br: calls $6
*** SHOW DOWN ***
degal76: shows [4s 7s] (two pair, Tens and Fours)
Brama Br: shows [3c 3s] (a flush, Queen high)
Brama Br collected $35.50 from pot
*** SUMMARY ***
Total pot $36 | Rake $0.50
Board [Tc 4c Th Qc 5c]
Seat 4: Brama Br (big blind) showed [3c 3s] and won ($35.50) with a flush, Queen high
Seat 6: degal76 (button) (small blind) showed [4s 7s] and lost with two pair, Tens and Fours


PokerStars Hand #149476611997:  Hold'em Limit ($3/$6 USD) - 2016/02/26 21:55:53 ET
Table 'Zelima' 6-max Seat #6 is the button
Seat 4: Brama Br ($52.76 in chips)
Seat 6: degal76 ($126.19 in chips)
degal76: posts small blind $1
Brama Br: posts big blind $3
*** HOLE CARDS ***
degal76: raises $3 to $6
Brama Br: raises $3 to $9
degal76: raises $3 to $12
Betting is capped
Brama Br: calls $3
*** FLOP *** [Ah 6h 5h]
Brama Br: bets $3
degal76: raises $3 to $6
Brama Br: folds
Uncalled bet ($3) returned to degal76
degal76 collected $29.50 from pot
degal76: doesn't show hand
*** SUMMARY ***
Total pot $30 | Rake $0.50
Board [Ah 6h 5h]
Seat 4: Brama Br (big blind) folded on the Flop
Seat 6: degal76 (button) (small blind) collected ($29.50)


PokerStars Hand #149476609362:  Hold'em Limit ($3/$6 USD) - 2016/02/26 21:55:46 ET
Table 'Zelima' 6-max Seat #4 is the button
Seat 4: Brama Br ($49.76 in chips)
Seat 6: degal76 ($129.19 in chips)
Brama Br: posts small blind $1
degal76: posts big blind $3
*** HOLE CARDS ***
Brama Br: raises $3 to $6
degal76: folds
Uncalled bet ($3) returned to Brama Br
Brama Br collected $6 from pot
Brama Br: doesn't show hand
*** SUMMARY ***
Total pot $6 | Rake $0
Seat 4: Brama Br (button) (small blind) collected ($6)
Seat 6: degal76 (big blind) folded before Flop


PokerStars Hand #149476605130:  Hold'em Limit ($3/$6 USD) - 2016/02/26 21:55:35 ET
Table 'Zelima' 6-max Seat #6 is the button
Seat 4: Brama Br ($55.76 in chips)
Seat 6: degal76 ($123.43 in chips)
degal76: posts small blind $1
Brama Br: posts big blind $3
*** HOLE CARDS ***
degal76: raises $3 to $6
Brama Br: calls $3
*** FLOP *** [Ac 2d 6s]
Brama Br: checks
degal76: bets $3
Brama Br: folds
Uncalled bet ($3) returned to degal76
degal76 collected $11.76 from pot
degal76: doesn't show hand
*** SUMMARY ***
Total pot $12 | Rake $0.24
Board [Ac 2d 6s]
Seat 4: Brama Br (big blind) folded on the Flop
Seat 6: degal76 (button) (small blind) collected ($11.76)


PokerStars Hand #149476602977:  Hold'em Limit ($3/$6 USD) - 2016/02/26 21:55:29 ET
Table 'Zelima' 6-max Seat #4 is the button
Seat 4: Brama Br ($56.76 in chips)
Seat 6: degal76 ($122.43 in chips)
Brama Br: posts small blind $1
degal76: posts big blind $3
*** HOLE CARDS ***
Brama Br: folds
Uncalled bet ($2) returned to degal76
degal76 collected $2 from pot
degal76: doesn't show hand
*** SUMMARY ***
Total pot $2 | Rake $0
Seat 4: Brama Br (button) (small blind) folded before Flop
Seat 6: degal76 (big blind) collected ($2)


PokerStars Hand #149476600436:  Hold'em Limit ($3/$6 USD) - 2016/02/26 21:55:22 ET
Table 'Zelima' 6-max Seat #6 is the button
Seat 4: Brama Br ($59.76 in chips)
Seat 6: degal76 ($119.43 in chips)
degal76: posts small blind $1
Brama Br: posts big blind $3
*** HOLE CARDS ***
degal76: raises $3 to $6
Brama Br: folds
Uncalled bet ($3) returned to degal76
degal76 collected $6 from pot
degal76: doesn't show hand
*** SUMMARY ***
Total pot $6 | Rake $0
Seat 4: Brama Br (big blind) folded before Flop
Seat 6: degal76 (button) (small blind) collected ($6)


PokerStars Hand #149476596108:  Hold'em Limit ($3/$6 USD) - 2016/02/26 21:55:10 ET
Table 'Zelima' 6-max Seat #4 is the button
Seat 4: Brama Br ($54 in chips)
Seat 6: degal76 ($125.43 in chips)
Brama Br: posts small blind $1
degal76: posts big blind $3
*** HOLE CARDS ***
Brama Br: raises $3 to $6
degal76: calls $3
*** FLOP *** [Kc 9c 8s]
degal76: checks
Brama Br: bets $3
degal76: folds
Uncalled bet ($3) returned to Brama Br
Brama Br collected $11.76 from pot
Brama Br: doesn't show hand
*** SUMMARY ***
Total pot $12 | Rake $0.24
Board [Kc 9c 8s]
Seat 4: Brama Br (button) (small blind) collected ($11.76)
Seat 6: degal76 (big blind) folded on the Flop


PokerStars Hand #149476636387:  Hold'em Limit ($3/$6 USD) - 2016/02/26 21:57:00 ET
Table 'Zelima' 6-max Seat #6 is the button
Seat 4: Brama Br ($28.04 in chips)
Seat 6: degal76 ($149.19 in chips)
degal76: posts small blind $1
Brama Br: posts big blind $3
*** HOLE CARDS ***
degal76: raises $3 to $6
Brama Br: folds
Uncalled bet ($3) returned to degal76
degal76 collected $6 from pot
degal76: doesn't show hand
*** SUMMARY ***
Total pot $6 | Rake $0
Seat 4: Brama Br (big blind) folded before Flop
Seat 6: degal76 (button) (small blind) collected ($6)


PokerStars Hand #149476630721:  Hold'em Limit ($3/$6 USD) - 2016/02/26 21:56:44 ET
Table 'Zelima' 6-max Seat #4 is the button
Seat 4: Brama Br ($19.40 in chips)
Seat 6: degal76 ($158.19 in chips)
Brama Br: posts small blind $1
degal76: posts big blind $3
*** HOLE CARDS ***
Brama Br: raises $3 to $6
degal76: calls $3
*** FLOP *** [9h Kh Jc]
degal76: checks
Brama Br: bets $3
degal76: calls $3
*** TURN *** [9h Kh Jc] [9s]
degal76: checks
Brama Br: bets $6
degal76: folds
Uncalled bet ($6) returned to Brama Br
Brama Br collected $17.64 from pot
Brama Br: doesn't show hand
*** SUMMARY ***
Total pot $18 | Rake $0.36
Board [9h Kh Jc 9s]
Seat 4: Brama Br (button) (small blind) collected ($17.64)
Seat 6: degal76 (big blind) folded on the Turn


PokerStars Hand #149476623666:  Hold'em Limit ($3/$6 USD) - 2016/02/26 21:56:25 ET
Table 'Zelima' 6-max Seat #6 is the button
Seat 4: Brama Br ($46.40 in chips)
Seat 6: degal76 ($131.69 in chips)
degal76: posts small blind $1
Brama Br: posts big blind $3
*** HOLE CARDS ***
degal76: raises $3 to $6
Brama Br: calls $3
*** FLOP *** [3c Kd Js]
Brama Br: checks
degal76: bets $3
Brama Br: calls $3
*** TURN *** [3c Kd Js] [Jh]
Brama Br: checks
degal76: bets $6
Brama Br: raises $6 to $12
degal76: calls $6
*** RIVER *** [3c Kd Js Jh] [8c]
Brama Br: bets $6
degal76: calls $6
*** SHOW DOWN ***
Brama Br: shows [3h Kc] (two pair, Kings and Jacks)
degal76: shows [Ks Tc] (two pair, Kings and Jacks - Ten kicker)
degal76 collected $53.50 from pot
*** SUMMARY ***
Total pot $54 | Rake $0.50
Board [3c Kd Js Jh 8c]
Seat 4: Brama Br (big blind) showed [3h Kc] and lost with two pair, Kings and Jacks
Seat 6: degal76 (button) (small blind) showed [Ks Tc] and won ($53.50) with two pair, Kings and Jacks


PokerStars Hand #149476617598:  Hold'em Limit ($3/$6 USD) - 2016/02/26 21:56:09 ET
Table 'Zelima' 6-max Seat #4 is the button
Seat 4: Brama Br ($37.76 in chips)
Seat 6: degal76 ($140.69 in chips)
Brama Br: posts small blind $1
degal76: posts big blind $3
*** HOLE CARDS ***
Brama Br: raises $3 to $6
degal76: calls $3
*** FLOP *** [8h 8c Ac]
degal76: checks
Brama Br: bets $3
degal76: calls $3
*** TURN *** [8h 8c Ac] [Ks]
degal76: checks
Brama Br: bets $6
degal76: folds
Uncalled bet ($6) returned to Brama Br
Brama Br collected $17.64 from pot
Brama Br: doesn't show hand
*** SUMMARY ***
Total pot $18 | Rake $0.36
Board [8h 8c Ac Ks]
Seat 4: Brama Br (button) (small blind) collected ($17.64)
Seat 6: degal76 (big blind) folded on the Turn


PokerStars Hand #149476651442:  Hold'em Limit ($3/$6 USD) - 2016/02/26 21:57:41 ET
Table 'Zelima' 6-max Seat #4 is the button
Seat 4: Brama Br ($10.04 in chips)
Seat 6: degal76 ($166.71 in chips)
Brama Br: posts small blind $1
degal76: posts big blind $3
*** HOLE CARDS ***
Brama Br: raises $3 to $6
degal76: raises $3 to $9
Brama Br: raises $1.04 to $10.04 and is all-in
Betting is capped
degal76: calls $1.04
*** FLOP *** [6d As 3d]
*** TURN *** [6d As 3d] [7h]
*** RIVER *** [6d As 3d 7h] [4h]
*** SHOW DOWN ***
degal76: shows [Kd 4d] (a pair of Fours)
Brama Br: shows [5h Jd] (a straight, Three to Seven)
Brama Br collected $19.68 from pot
*** SUMMARY ***
Total pot $20.08 | Rake $0.40
Board [6d As 3d 7h 4h]
Seat 4: Brama Br (button) (small blind) showed [5h Jd] and won ($19.68) with a straight, Three to Seven
Seat 6: degal76 (big blind) showed [Kd 4d] and lost with a pair of Fours


PokerStars Hand #149476657892:  Hold'em Limit ($3/$6 USD) - 2016/02/26 21:57:58 ET
Table 'Zelima' 6-max Seat #6 is the button
Seat 4: Brama Br ($19.68 in chips)
Seat 6: degal76 ($156.67 in chips)
degal76: posts small blind $1
Brama Br: posts big blind $3
*** HOLE CARDS ***
degal76: raises $3 to $6
Brama Br: calls $3
*** FLOP *** [Qs 3s Qd]
Brama Br: checks
degal76: bets $3
Brama Br: folds
Uncalled bet ($3) returned to degal76
degal76 collected $11.76 from pot
degal76: doesn't show hand
*** SUMMARY ***
Total pot $12 | Rake $0.24
Board [Qs 3s Qd]
Seat 4: Brama Br (big blind) folded on the Flop
Seat 6: degal76 (button) (small blind) collected ($11.76)


PokerStars Hand #149476669418:  Hold'em Limit ($3/$6 USD) - 2016/02/26 21:58:29 ET
Table 'Zelima' 6-max Seat #6 is the button
Seat 4: Brama Br ($26.86 in chips)
Seat 6: degal76 ($148.75 in chips)
degal76: posts small blind $1
Brama Br: posts big blind $3
*** HOLE CARDS ***
degal76: raises $3 to $6
Brama Br: folds
Uncalled bet ($3) returned to degal76
degal76 collected $6 from pot
degal76: doesn't show hand
*** SUMMARY ***
Total pot $6 | Rake $0
Seat 4: Brama Br (big blind) folded before Flop
Seat 6: degal76 (button) (small blind) collected ($6)


PokerStars Hand #149476662293:  Hold'em Limit ($3/$6 USD) - 2016/02/26 21:58:10 ET
Table 'Zelima' 6-max Seat #4 is the button
Seat 4: Brama Br ($13.68 in chips)
Seat 6: degal76 ($162.43 in chips)
Brama Br: posts small blind $1
degal76: posts big blind $3
*** HOLE CARDS ***
Brama Br: raises $3 to $6
degal76: calls $3
*** FLOP *** [As Jc Qh]
degal76: checks
Brama Br: bets $3
degal76: calls $3
*** TURN *** [As Jc Qh] [8s]
degal76: checks
Brama Br: bets $4.68 and is all-in
degal76: calls $4.68
*** RIVER *** [As Jc Qh 8s] [6c]
*** SHOW DOWN ***
degal76: shows [Kh 7d] (high card Ace)
Brama Br: shows [9d 8c] (a pair of Eights)
Brama Br collected $26.86 from pot
*** SUMMARY ***
Total pot $27.36 | Rake $0.50
Board [As Jc Qh 8s 6c]
Seat 4: Brama Br (button) (small blind) showed [9d 8c] and won ($26.86) with a pair of Eights
Seat 6: degal76 (big blind) showed [Kh 7d] and lost with high card Ace


PokerStars Hand #149476683453:  Hold'em Limit ($3/$6 USD) - 2016/02/26 21:59:08 ET
Table 'Zelima' 6-max Seat #4 is the button
Seat 4: Brama Br ($33.50 in chips)
Seat 6: degal76 ($141.75 in chips)
Brama Br: posts small blind $1
degal76: posts big blind $3
*** HOLE CARDS ***
Brama Br: raises $3 to $6
degal76: raises $3 to $9
Brama Br: calls $3
*** FLOP *** [8h 3s 3h]
degal76: bets $3
Brama Br: calls $3
*** TURN *** [8h 3s 3h] [3d]
degal76: bets $6
Brama Br: calls $6
*** RIVER *** [8h 3s 3h 3d] [7s]
degal76: bets $6
Brama Br: raises $6 to $12
degal76: calls $6
*** SHOW DOWN ***
Brama Br: shows [Kh 2d] (three of a kind, Threes)
degal76: shows [Kd As] (three of a kind, Threes - Ace kicker)
degal76 collected $59.50 from pot
*** SUMMARY ***
Total pot $60 | Rake $0.50
Board [8h 3s 3h 3d 7s]
Seat 4: Brama Br (button) (small blind) showed [Kh 2d] and lost with three of a kind, Threes
Seat 6: degal76 (big blind) showed [Kd As] and won ($59.50) with three of a kind, Threes


PokerStars Hand #149476681361:  Hold'em Limit ($3/$6 USD) - 2016/02/26 21:59:02 ET
Table 'Zelima' 6-max Seat #6 is the button
Seat 4: Brama Br ($32.50 in chips)
Seat 6: degal76 ($142.75 in chips)
degal76: posts small blind $1
Brama Br: posts big blind $3
*** HOLE CARDS ***
degal76: folds
Uncalled bet ($2) returned to Brama Br
Brama Br collected $2 from pot
Brama Br: doesn't show hand
*** SUMMARY ***
Total pot $2 | Rake $0
Seat 4: Brama Br (big blind) collected ($2)
Seat 6: degal76 (button) (small blind) folded before Flop


PokerStars Hand #149476672298:  Hold'em Limit ($3/$6 USD) - 2016/02/26 21:58:37 ET
Table 'Zelima' 6-max Seat #4 is the button
Seat 4: Brama Br ($23.86 in chips)
Seat 6: degal76 ($151.75 in chips)
Brama Br: posts small blind $1
degal76: posts big blind $3
*** HOLE CARDS ***
Brama Br: raises $3 to $6
degal76: calls $3
*** FLOP *** [3d 3s 8s]
degal76: checks
Brama Br: bets $3
degal76: calls $3
*** TURN *** [3d 3s 8s] [Qd]
degal76: checks
Brama Br: bets $6
degal76: folds
Uncalled bet ($6) returned to Brama Br
Brama Br collected $17.64 from pot
Brama Br: doesn't show hand
*** SUMMARY ***
Total pot $18 | Rake $0.36
Board [3d 3s 8s Qd]
Seat 4: Brama Br (button) (small blind) collected ($17.64)
Seat 6: degal76 (big blind) folded on the Turn


PokerStars Hand #149476639025:  Hold'em Limit ($3/$6 USD) - 2016/02/26 21:57:07 ET
Table 'Zelima' 6-max Seat #4 is the button
Seat 4: Brama Br ($25.04 in chips)
Seat 6: degal76 ($152.19 in chips)
Brama Br: posts small blind $1
degal76: posts big blind $3
*** HOLE CARDS ***
Brama Br: raises $3 to $6
degal76: raises $3 to $9
Brama Br: calls $3
*** FLOP *** [Qs 5d Qh]
degal76: bets $3
Brama Br: calls $3
*** TURN *** [Qs 5d Qh] [3c]
degal76: checks
Brama Br: checks
*** RIVER *** [Qs 5d Qh 3c] [8c]
degal76: bets $6
Brama Br: folds
Uncalled bet ($6) returned to degal76
degal76 collected $23.52 from pot
degal76: doesn't show hand
*** SUMMARY ***
Total pot $24 | Rake $0.48
Board [Qs 5d Qh 3c 8c]
Seat 4: Brama Br (button) (small blind) folded on the River
Seat 6: degal76 (big blind) collected ($23.52)


PokerStars Hand #149476648822:  Hold'em Limit ($3/$6 USD) - 2016/02/26 21:57:34 ET
Table 'Zelima' 6-max Seat #6 is the button
Seat 4: Brama Br ($13.04 in chips)
Seat 6: degal76 ($163.71 in chips)
degal76: posts small blind $1
Brama Br: posts big blind $3
*** HOLE CARDS ***
degal76: raises $3 to $6
Brama Br: folds
Uncalled bet ($3) returned to degal76
degal76 collected $6 from pot
degal76: doesn't show hand
*** SUMMARY ***
Total pot $6 | Rake $0
Seat 4: Brama Br (big blind) folded before Flop
Seat 6: degal76 (button) (small blind) collected ($6)


PokerStars Hand #149476700575:  Hold'em Limit ($3/$6 USD) - 2016/02/26 21:59:54 ET
Table 'Zelima' 6-max Seat #6 is the button
Seat 4: Brama Br ($13.45 in chips)
Seat 6: degal76 ($160.89 in chips)
degal76: posts small blind $1
Brama Br: posts big blind $3
*** HOLE CARDS ***
degal76: raises $3 to $6
Brama Br: raises $3 to $9
degal76: raises $3 to $12
Betting is capped
Brama Br: calls $3
*** FLOP *** [4s 9c Qs]
Brama Br: bets $1.45 and is all-in
degal76: calls $1.45
*** TURN *** [4s 9c Qs] [Ah]
*** RIVER *** [4s 9c Qs Ah] [8h]
*** SHOW DOWN ***
Brama Br: shows [6d 5d] (high card Ace)
degal76: shows [Td Ts] (a pair of Tens)
degal76 collected $26.40 from pot
*** SUMMARY ***
Total pot $26.90 | Rake $0.50
Board [4s 9c Qs Ah 8h]
Seat 4: Brama Br (big blind) showed [6d 5d] and lost with high card Ace
Seat 6: degal76 (button) (small blind) showed [Td Ts] and won ($26.40) with a pair of Tens


PokerStars Hand #149476695160:  Hold'em Limit ($3/$6 USD) - 2016/02/26 21:59:40 ET
Table 'Zelima' 6-max Seat #4 is the button
Seat 4: Brama Br ($6.86 in chips)
Seat 6: degal76 ($167.75 in chips)
Brama Br: posts small blind $1
degal76: posts big blind $3
*** HOLE CARDS ***
Brama Br: raises $3 to $6
degal76: raises $3 to $9
Brama Br: calls $0.86 and is all-in
Uncalled bet ($2.14) returned to degal76
*** FLOP *** [Kd Ks Jd]
*** TURN *** [Kd Ks Jd] [Tc]
*** RIVER *** [Kd Ks Jd Tc] [8d]
*** SHOW DOWN ***
degal76: shows [9d 8s] (two pair, Kings and Eights)
Brama Br: shows [Qh 9h] (a straight, Nine to King)
Brama Br collected $13.45 from pot
*** SUMMARY ***
Total pot $13.72 | Rake $0.27
Board [Kd Ks Jd Tc 8d]
Seat 4: Brama Br (button) (small blind) showed [Qh 9h] and won ($13.45) with a straight, Nine to King
Seat 6: degal76 (big blind) showed [9d 8s] and lost with two pair, Kings and Eights


PokerStars Hand #149476690501:  Hold'em Limit ($3/$6 USD) - 2016/02/26 21:59:27 ET
Table 'Zelima' 6-max Seat #6 is the button
Seat 4: Brama Br ($3.50 in chips)
Seat 6: degal76 ($171.25 in chips)
degal76: posts small blind $1
Brama Br: posts big blind $3
*** HOLE CARDS ***
degal76: raises $3 to $6
Brama Br: calls $0.50 and is all-in
Uncalled bet ($2.50) returned to degal76
*** FLOP *** [3c 4h Ts]
*** TURN *** [3c 4h Ts] [9s]
*** RIVER *** [3c 4h Ts 9s] [7c]
*** SHOW DOWN ***
Brama Br: shows [2c 2h] (a pair of Deuces)
degal76: shows [Kc 8d] (high card King)
Brama Br collected $6.86 from pot
*** SUMMARY ***
Total pot $7 | Rake $0.14
Board [3c 4h Ts 9s 7c]
Seat 4: Brama Br (big blind) showed [2c 2h] and won ($6.86) with a pair of Deuces
Seat 6: degal76 (button) (small blind) showed [Kc 8d] and lost with high card King


PokerStars Hand #149479201080:  Hold'em Limit ($3/$6 USD) - 2016/02/26 23:54:06 ET
Table 'Zelima' 6-max Seat #4 is the button
Seat 3: parconxxx ($40 in chips)
Seat 4: Agrotait ($72 in chips)
Agrotait: posts small blind $1
parconxxx: posts big blind $3
*** HOLE CARDS ***
Agrotait: raises $3 to $6
parconxxx: raises $3 to $9
Agrotait: calls $3
*** FLOP *** [3h Ts 4c]
parconxxx: checks
Agrotait: bets $3
parconxxx: calls $3
*** TURN *** [3h Ts 4c] [Th]
parconxxx: checks
Agrotait: checks
*** RIVER *** [3h Ts 4c Th] [4d]
parconxxx: checks
Agrotait: checks
*** SHOW DOWN ***
parconxxx: shows [As Qc] (two pair, Tens and Fours)
Agrotait: shows [5c Ad] (two pair, Tens and Fours)
parconxxx collected $11.76 from pot
Agrotait collected $11.76 from pot
*** SUMMARY ***
Total pot $24 | Rake $0.48
Board [3h Ts 4c Th 4d]
Seat 3: parconxxx (big blind) showed [As Qc] and won ($11.76) with two pair, Tens and Fours
Seat 4: Agrotait (button) (small blind) showed [5c Ad] and won ($11.76) with two pair, Tens and Fours


PokerStars Hand #149479213442:  Hold'em Limit ($3/$6 USD) - 2016/02/26 23:54:45 ET
Table 'Zelima' 6-max Seat #3 is the button
Seat 3: parconxxx ($39.76 in chips)
Seat 4: Agrotait ($71.76 in chips)
parconxxx: posts small blind $1
Agrotait: posts big blind $3
*** HOLE CARDS ***
parconxxx: calls $2
Agrotait: checks
*** FLOP *** [Ac 8h 6s]
Agrotait: bets $3
parconxxx: folds
Uncalled bet ($3) returned to Agrotait
Agrotait collected $5.88 from pot
Agrotait: doesn't show hand
*** SUMMARY ***
Total pot $6 | Rake $0.12
Board [Ac 8h 6s]
Seat 3: parconxxx (button) (small blind) folded on the Flop
Seat 4: Agrotait (big blind) collected ($5.88)


PokerStars Hand #149479217837:  Hold'em Limit ($3/$6 USD) - 2016/02/26 23:54:59 ET
Table 'Zelima' 6-max Seat #4 is the button
Seat 3: parconxxx ($36.76 in chips)
Seat 4: Agrotait ($74.64 in chips)
Agrotait: posts small blind $1
parconxxx: posts big blind $3
*** HOLE CARDS ***
Agrotait: raises $3 to $6
parconxxx: calls $3
*** FLOP *** [9d Qc 6h]
parconxxx: checks
Agrotait: bets $3
parconxxx: folds
Uncalled bet ($3) returned to Agrotait
Agrotait collected $11.76 from pot
Agrotait: doesn't show hand
*** SUMMARY ***
Total pot $12 | Rake $0.24
Board [9d Qc 6h]
Seat 3: parconxxx (big blind) folded on the Flop
Seat 4: Agrotait (button) (small blind) collected ($11.76)


PokerStars Hand #149479221264:  Hold'em Limit ($3/$6 USD) - 2016/02/26 23:55:11 ET
Table 'Zelima' 6-max Seat #3 is the button
Seat 3: parconxxx ($30.76 in chips)
Seat 4: Agrotait ($80.40 in chips)
parconxxx: posts small blind $1
Agrotait: posts big blind $3
*** HOLE CARDS ***
parconxxx: calls $2
JMMROCHA joins the table at seat #5
Agrotait: checks
*** FLOP *** [9d Js 5d]
Agrotait: checks
parconxxx: checks
*** TURN *** [9d Js 5d] [5h]
Agrotait: bets $6
parconxxx: folds
Uncalled bet ($6) returned to Agrotait
Agrotait collected $5.88 from pot
Agrotait: doesn't show hand
*** SUMMARY ***
Total pot $6 | Rake $0.12
Board [9d Js 5d 5h]
Seat 3: parconxxx (button) (small blind) folded on the Turn
Seat 4: Agrotait (big blind) collected ($5.88)


PokerStars Hand #149480388792:  Hold'em Limit ($3/$6 USD) - 2016/02/27 0:56:08 ET
Table 'Zelima' 6-max Seat #5 is the button
Seat 1: Agrotait ($132.98 in chips)
Seat 5: SALZHERZ ($225.64 in chips)
SALZHERZ: posts small blind $1
Agrotait: posts big blind $3
*** HOLE CARDS ***
SALZHERZ: raises $3 to $6
Agrotait: calls $3
*** FLOP *** [Ac 9h 8c]
Agrotait: checks
SALZHERZ: checks
*** TURN *** [Ac 9h 8c] [As]
Agrotait: checks
SALZHERZ: checks
*** RIVER *** [Ac 9h 8c As] [Qs]
Agrotait: checks
SALZHERZ: bets $6
Agrotait: folds
Uncalled bet ($6) returned to SALZHERZ
SALZHERZ collected $11.76 from pot
SALZHERZ: doesn't show hand
*** SUMMARY ***
Total pot $12 | Rake $0.24
Board [Ac 9h 8c As Qs]
Seat 1: Agrotait (big blind) folded on the River
Seat 5: SALZHERZ (button) (small blind) collected ($11.76)


PokerStars Hand #149480386670:  Hold'em Limit ($3/$6 USD) - 2016/02/27 0:56:01 ET
Table 'Zelima' 6-max Seat #1 is the button
Seat 1: Agrotait ($133.98 in chips)
Seat 5: SALZHERZ ($224.64 in chips)
Agrotait: posts small blind $1
lanford: is sitting out
SALZHERZ: posts big blind $3
*** HOLE CARDS ***
Agrotait: folds
Uncalled bet ($2) returned to SALZHERZ
lanford leaves the table
SALZHERZ collected $2 from pot
SALZHERZ: doesn't show hand
*** SUMMARY ***
Total pot $2 | Rake $0
Seat 1: Agrotait (button) (small blind) folded before Flop
Seat 5: SALZHERZ (big blind) collected ($2)


PokerStars Hand #149480394008:  Hold'em Limit ($3/$6 USD) - 2016/02/27 0:56:26 ET
Table 'Zelima' 6-max Seat #1 is the button
Seat 1: Agrotait ($126.98 in chips)
Seat 5: SALZHERZ ($231.40 in chips)
Agrotait: posts small blind $1
SALZHERZ: posts big blind $3
*** HOLE CARDS ***
Agrotait: raises $3 to $6
SALZHERZ: raises $3 to $9
Agrotait: calls $3
*** FLOP *** [As 3s 8h]
SALZHERZ: checks
Agrotait: checks
*** TURN *** [As 3s 8h] [Ks]
SALZHERZ: checks
Agrotait: checks
*** RIVER *** [As 3s 8h Ks] [Ah]
SALZHERZ: checks
Agrotait: checks
*** SHOW DOWN ***
SALZHERZ: shows [6d 7s] (a pair of Aces)
Agrotait: shows [7d Jh] (a pair of Aces - King+Jack kicker)
Agrotait collected $17.64 from pot
*** SUMMARY ***
Total pot $18 | Rake $0.36
Board [As 3s 8h Ks Ah]
Seat 1: Agrotait (button) (small blind) showed [7d Jh] and won ($17.64) with a pair of Aces
Seat 5: SALZHERZ (big blind) showed [6d 7s] and lost with a pair of Aces


PokerStars Hand #149482498202:  Hold'em Limit ($3/$6 USD) - 2016/02/27 2:39:04 ET
Table 'Zelima' 6-max Seat #4 is the button
Seat 4: MTails ($121 in chips)
Seat 5: PinkTaxa ($274.37 in chips)
MTails: posts small blind $1
PinkTaxa: posts big blind $3
*** HOLE CARDS ***
MTails: raises $3 to $6
PinkTaxa: calls $3
*** FLOP *** [Ks 8h Jc]
PinkTaxa: checks
MTails: bets $3
PinkTaxa: folds
Uncalled bet ($3) returned to MTails
MTails collected $11.76 from pot
*** SUMMARY ***
Total pot $12 | Rake $0.24
Board [Ks 8h Jc]
Seat 4: MTails (button) (small blind) collected ($11.76)
Seat 5: PinkTaxa (big blind) folded on the Flop


PokerStars Hand #149482495153:  Hold'em Limit ($3/$6 USD) - 2016/02/27 2:38:56 ET
Table 'Zelima' 6-max Seat #5 is the button
Seat 4: MTails ($120 in chips)
Seat 5: PinkTaxa ($275.37 in chips)
PinkTaxa: posts small blind $1
MTails: posts big blind $3
*** HOLE CARDS ***
PinkTaxa: folds
Uncalled bet ($2) returned to MTails
MTails collected $2 from pot
*** SUMMARY ***
Total pot $2 | Rake $0
Seat 4: MTails (big blind) collected ($2)
Seat 5: PinkTaxa (button) (small blind) folded before Flop


PokerStars Hand #149482523617:  Hold'em Limit ($3/$6 USD) - 2016/02/27 2:40:15 ET
Table 'Zelima' 6-max Seat #5 is the button
Seat 4: MTails ($120.02 in chips)
Seat 5: PinkTaxa ($273.51 in chips)
PinkTaxa: posts small blind $1
MTails: posts big blind $3
*** HOLE CARDS ***
PinkTaxa: folds
Uncalled bet ($2) returned to MTails
MTails collected $2 from pot
MTails: doesn't show hand
*** SUMMARY ***
Total pot $2 | Rake $0
Seat 4: MTails (big blind) collected ($2)
Seat 5: PinkTaxa (button) (small blind) folded before Flop


PokerStars Hand #149482517739:  Hold'em Limit ($3/$6 USD) - 2016/02/27 2:39:58 ET
Table 'Zelima' 6-max Seat #4 is the button
Seat 4: MTails ($129.02 in chips)
Seat 5: PinkTaxa ($264.87 in chips)
MTails: posts small blind $1
PinkTaxa: posts big blind $3
*** HOLE CARDS ***
MTails: raises $3 to $6
PinkTaxa: calls $3
*** FLOP *** [5h Qc 8c]
PinkTaxa: checks
MTails: bets $3
PinkTaxa: calls $3
*** TURN *** [5h Qc 8c] [5s]
PinkTaxa: checks
MTails: checks
*** RIVER *** [5h Qc 8c 5s] [6h]
PinkTaxa: bets $6
MTails: folds
Uncalled bet ($6) returned to PinkTaxa
PinkTaxa collected $17.64 from pot
PinkTaxa: doesn't show hand
*** SUMMARY ***
Total pot $18 | Rake $0.36
Board [5h Qc 8c 5s 6h]
Seat 4: MTails (button) (small blind) folded on the River
Seat 5: PinkTaxa (big blind) collected ($17.64)


PokerStars Hand #149482512110:  Hold'em Limit ($3/$6 USD) - 2016/02/27 2:39:43 ET
Table 'Zelima' 6-max Seat #5 is the button
Seat 4: MTails ($114.52 in chips)
Seat 5: PinkTaxa ($279.87 in chips)
PinkTaxa: posts small blind $1
MTails: posts big blind $3
*** HOLE CARDS ***
PinkTaxa: calls $2
MTails: raises $3 to $6
PinkTaxa: calls $3
*** FLOP *** [5h 5s 2h]
MTails: bets $3
PinkTaxa: calls $3
*** TURN *** [5h 5s 2h] [Jc]
MTails: bets $6
PinkTaxa: calls $6
*** RIVER *** [5h 5s 2h Jc] [Kc]
MTails: checks
PinkTaxa: checks
*** SHOW DOWN ***
MTails: shows [7h Ad] (a pair of Fives)
PinkTaxa: mucks hand
MTails collected $29.50 from pot
*** SUMMARY ***
Total pot $30 | Rake $0.50
Board [5h 5s 2h Jc Kc]
Seat 4: MTails (big blind) showed [7h Ad] and won ($29.50) with a pair of Fives
Seat 5: PinkTaxa (button) (small blind) mucked


PokerStars Hand #149482508428:  Hold'em Limit ($3/$6 USD) - 2016/02/27 2:39:32 ET
Table 'Zelima' 6-max Seat #4 is the button
Seat 4: MTails ($108.76 in chips)
Seat 5: PinkTaxa ($285.87 in chips)
MTails: posts small blind $1
PinkTaxa: posts big blind $3
*** HOLE CARDS ***
MTails: raises $3 to $6
PinkTaxa: calls $3
*** FLOP *** [5s 2s Jc]
PinkTaxa: checks
MTails: bets $3
PinkTaxa: folds
Uncalled bet ($3) returned to MTails
MTails collected $11.76 from pot
*** SUMMARY ***
Total pot $12 | Rake $0.24
Board [5s 2s Jc]
Seat 4: MTails (button) (small blind) collected ($11.76)
Seat 5: PinkTaxa (big blind) folded on the Flop


PokerStars Hand #149482501738:  Hold'em Limit ($3/$6 USD) - 2016/02/27 2:39:14 ET
Table 'Zelima' 6-max Seat #5 is the button
Seat 4: MTails ($126.76 in chips)
Seat 5: PinkTaxa ($268.37 in chips)
PinkTaxa: posts small blind $1
MTails: posts big blind $3
*** HOLE CARDS ***
PinkTaxa: calls $2
MTails: raises $3 to $6
PinkTaxa: raises $3 to $9
MTails: calls $3
*** FLOP *** [3s Jc 8h]
MTails: checks
PinkTaxa: bets $3
MTails: calls $3
*** TURN *** [3s Jc 8h] [9d]
MTails: checks
PinkTaxa: checks
*** RIVER *** [3s Jc 8h 9d] [4d]
MTails: bets $6
PinkTaxa: calls $6
*** SHOW DOWN ***
MTails: shows [6h 8d] (a pair of Eights)
PinkTaxa: shows [9s Qh] (a pair of Nines)
PinkTaxa collected $35.50 from pot
*** SUMMARY ***
Total pot $36 | Rake $0.50
Board [3s Jc 8h 9d 4d]
Seat 4: MTails (big blind) showed [6h 8d] and lost with a pair of Eights
Seat 5: PinkTaxa (button) (small blind) showed [9s Qh] and won ($35.50) with a pair of Nines


PokerStars Hand #149482544229:  Hold'em Limit ($3/$6 USD) - 2016/02/27 2:41:12 ET
Table 'Zelima' 6-max Seat #5 is the button
Seat 4: MTails ($64.02 in chips)
Seat 5: PinkTaxa ($328.01 in chips)
PinkTaxa: posts small blind $1
MTails: posts big blind $3
*** HOLE CARDS ***
PinkTaxa: folds
Uncalled bet ($2) returned to MTails
MTails collected $2 from pot
MTails: doesn't show hand
*** SUMMARY ***
Total pot $2 | Rake $0
Seat 4: MTails (big blind) collected ($2)
Seat 5: PinkTaxa (button) (small blind) folded before Flop


PokerStars Hand #149482535820:  Hold'em Limit ($3/$6 USD) - 2016/02/27 2:40:49 ET
Table 'Zelima' 6-max Seat #4 is the button
Seat 4: MTails ($85.02 in chips)
Seat 5: PinkTaxa ($307.51 in chips)
MTails: posts small blind $1
PinkTaxa: posts big blind $3
*** HOLE CARDS ***
MTails: raises $3 to $6
PinkTaxa: calls $3
*** FLOP *** [8c 9d 8d]
PinkTaxa: checks
MTails: bets $3
PinkTaxa: calls $3
*** TURN *** [8c 9d 8d] [Ah]
PinkTaxa: checks
MTails: bets $6
PinkTaxa: calls $6
*** RIVER *** [8c 9d 8d Ah] [5d]
PinkTaxa: checks
MTails: bets $6
PinkTaxa: calls $6
*** SHOW DOWN ***
MTails: shows [Td 6s] (a pair of Eights)
PinkTaxa: shows [9h 6h] (two pair, Nines and Eights)
PinkTaxa collected $41.50 from pot
*** SUMMARY ***
Total pot $42 | Rake $0.50
Board [8c 9d 8d Ah 5d]
Seat 4: MTails (button) (small blind) showed [Td 6s] and lost with a pair of Eights
Seat 5: PinkTaxa (big blind) showed [9h 6h] and won ($41.50) with two pair, Nines and Eights


PokerStars Hand #149482530220:  Hold'em Limit ($3/$6 USD) - 2016/02/27 2:40:33 ET
Table 'Zelima' 6-max Seat #5 is the button
Seat 4: MTails ($106.02 in chips)
Seat 5: PinkTaxa ($287.01 in chips)
PinkTaxa: posts small blind $1
MTails: posts big blind $3
*** HOLE CARDS ***
PinkTaxa: calls $2
MTails: raises $3 to $6
PinkTaxa: calls $3
*** FLOP *** [4s Th 9s]
MTails: bets $3
PinkTaxa: calls $3
*** TURN *** [4s Th 9s] [4h]
MTails: checks
PinkTaxa: bets $6
MTails: calls $6
*** RIVER *** [4s Th 9s 4h] [Js]
MTails: checks
PinkTaxa: bets $6
MTails: calls $6
*** SHOW DOWN ***
PinkTaxa: shows [4d 3s] (three of a kind, Fours)
MTails: mucks hand
PinkTaxa collected $41.50 from pot
*** SUMMARY ***
Total pot $42 | Rake $0.50
Board [4s Th 9s 4h Js]
Seat 4: MTails (big blind) mucked
Seat 5: PinkTaxa (button) (small blind) showed [4d 3s] and won ($41.50) with three of a kind, Fours


PokerStars Hand #149482525294:  Hold'em Limit ($3/$6 USD) - 2016/02/27 2:40:20 ET
Table 'Zelima' 6-max Seat #4 is the button
Seat 4: MTails ($121.02 in chips)
Seat 5: PinkTaxa ($272.51 in chips)
MTails: posts small blind $1
PinkTaxa: posts big blind $3
*** HOLE CARDS ***
MTails: raises $3 to $6
PinkTaxa: calls $3
*** FLOP *** [Jd 5c 8c]
PinkTaxa: checks
MTails: bets $3
PinkTaxa: calls $3
*** TURN *** [Jd 5c 8c] [Tc]
PinkTaxa: checks
MTails: checks
*** RIVER *** [Jd 5c 8c Tc] [Kh]
PinkTaxa: bets $6
MTails: calls $6
*** SHOW DOWN ***
PinkTaxa: shows [Jh 9h] (a pair of Jacks)
MTails: mucks hand
PinkTaxa collected $29.50 from pot
*** SUMMARY ***
Total pot $30 | Rake $0.50
Board [Jd 5c 8c Tc Kh]
Seat 4: MTails (button) (small blind) mucked
Seat 5: PinkTaxa (big blind) showed [Jh 9h] and won ($29.50) with a pair of Jacks


PokerStars Hand #149482547458:  Hold'em Limit ($3/$6 USD) - 2016/02/27 2:41:21 ET
Table 'Zelima' 6-max Seat #4 is the button
Seat 4: MTails ($65.02 in chips)
Seat 5: PinkTaxa ($327.01 in chips)
MTails: posts small blind $1
PinkTaxa: posts big blind $3
*** HOLE CARDS ***
MTails: raises $3 to $6
PinkTaxa: folds
Uncalled bet ($3) returned to MTails
PinkTaxa leaves the table
MTails collected $6 from pot
*** SUMMARY ***
Total pot $6 | Rake $0
Seat 4: MTails (button) (small blind) collected ($6)
Seat 5: PinkTaxa (big blind) folded before Flop


