PokerStars Hand #151306832990:  Hold'em Limit ($3/$6 USD) - 2016/04/02 5:50:29 ET
Table 'Zelima II' 6-max Seat #3 is the button
Seat 3: igmade ($90 in chips)
Seat 4: TbIP-TbIP 88 ($72 in chips)
igmade: posts small blind $1
TbIP-TbIP 88: posts big blind $3
*** HOLE CARDS ***
igmade: raises $3 to $6
TbIP-TbIP 88: calls $3
*** FLOP *** [9s 4s 6d]
TbIP-TbIP 88: checks
igmade: bets $3
TbIP-TbIP 88: raises $3 to $6
igmade: calls $3
*** TURN *** [9s 4s 6d] [Ts]
TbIP-TbIP 88: bets $6
igmade: folds
Uncalled bet ($6) returned to TbIP-TbIP 88
TbIP-TbIP 88 collected $23.52 from pot
TbIP-TbIP 88: doesn't show hand
*** SUMMARY ***
Total pot $24 | Rake $0.48
Board [9s 4s 6d Ts]
Seat 3: igmade (button) (small blind) folded on the Turn
Seat 4: TbIP-TbIP 88 (big blind) collected ($23.52)


PokerStars Hand #151306847378:  Hold'em Limit ($3/$6 USD) - 2016/04/02 5:51:00 ET
Table 'Zelima II' 6-max Seat #4 is the button
Seat 3: igmade ($78 in chips)
Seat 4: TbIP-TbIP 88 ($83.52 in chips)
TbIP-TbIP 88: posts small blind $1
igmade: posts big blind $3
*** HOLE CARDS ***
TbIP-TbIP 88: folds
Uncalled bet ($2) returned to igmade
igmade collected $2 from pot
igmade: doesn't show hand
*** SUMMARY ***
Total pot $2 | Rake $0
Seat 3: igmade (big blind) collected ($2)
Seat 4: TbIP-TbIP 88 (button) (small blind) folded before Flop


PokerStars Hand #151306897249:  Hold'em Limit ($3/$6 USD) - 2016/04/02 5:52:51 ET
Table 'Zelima II' 6-max Seat #3 is the button
Seat 3: igmade ($90 in chips)
Seat 4: Agrotait ($72 in chips)
igmade: posts small blind $1
Agrotait: posts big blind $3
*** HOLE CARDS ***
igmade: raises $3 to $6
Agrotait: calls $3
*** FLOP *** [5d 7s 6s]
Agrotait: checks
igmade: bets $3
Agrotait: raises $3 to $6
igmade: calls $3
*** TURN *** [5d 7s 6s] [8h]
Agrotait: bets $6
igmade: calls $6
*** RIVER *** [5d 7s 6s 8h] [2c]
Agrotait: bets $6
igmade: folds
Uncalled bet ($6) returned to Agrotait
Agrotait collected $35.50 from pot
Agrotait: doesn't show hand
*** SUMMARY ***
Total pot $36 | Rake $0.50
Board [5d 7s 6s 8h 2c]
Seat 3: igmade (button) (small blind) folded on the River
Seat 4: Agrotait (big blind) collected ($35.50)


PokerStars Hand #151306907035:  Hold'em Limit ($3/$6 USD) - 2016/04/02 5:53:12 ET
Table 'Zelima II' 6-max Seat #4 is the button
Seat 3: igmade ($72 in chips)
Seat 4: Agrotait ($89.50 in chips)
Agrotait: posts small blind $1
igmade: posts big blind $3
*** HOLE CARDS ***
Agrotait: raises $3 to $6
igmade: folds
Uncalled bet ($3) returned to Agrotait
Agrotait collected $6 from pot
Agrotait: doesn't show hand
*** SUMMARY ***
Total pot $6 | Rake $0
Seat 3: igmade (big blind) folded before Flop
Seat 4: Agrotait (button) (small blind) collected ($6)


PokerStars Hand #151306911606:  Hold'em Limit ($3/$6 USD) - 2016/04/02 5:53:22 ET
Table 'Zelima II' 6-max Seat #3 is the button
Seat 3: igmade ($69 in chips)
Seat 4: Agrotait ($92.50 in chips)
igmade: posts small blind $1
Agrotait: posts big blind $3
*** HOLE CARDS ***
igmade: raises $3 to $6
Agrotait: calls $3
*** FLOP *** [Ts 4d Kh]
Agrotait: checks
igmade: bets $3
Agrotait: folds
Uncalled bet ($3) returned to igmade
igmade collected $11.76 from pot
igmade: doesn't show hand
*** SUMMARY ***
Total pot $12 | Rake $0.24
Board [Ts 4d Kh]
Seat 3: igmade (button) (small blind) collected ($11.76)
Seat 4: Agrotait (big blind) folded on the Flop


PokerStars Hand #151306924844:  Hold'em Limit ($3/$6 USD) - 2016/04/02 5:53:52 ET
Table 'Zelima II' 6-max Seat #4 is the button
Seat 3: igmade ($93.11 in chips)
Seat 4: Agrotait ($86.50 in chips)
Agrotait: posts small blind $1
igmade: posts big blind $3
*** HOLE CARDS ***
Agrotait: raises $3 to $6
igmade: calls $3
*** FLOP *** [Kc 2d 3s]
igmade: checks
Agrotait: bets $3
igmade: raises $3 to $6
Agrotait: calls $3
*** TURN *** [Kc 2d 3s] [Jc]
igmade: bets $6
Agrotait: folds
Uncalled bet ($6) returned to igmade
igmade collected $23.52 from pot
igmade: doesn't show hand
*** SUMMARY ***
Total pot $24 | Rake $0.48
Board [Kc 2d 3s Jc]
Seat 3: igmade (big blind) collected ($23.52)
Seat 4: Agrotait (button) (small blind) folded on the Turn


PokerStars Hand #151306943874:  Hold'em Limit ($3/$6 USD) - 2016/04/02 5:54:33 ET
Table 'Zelima II' 6-max Seat #4 is the button
Seat 3: igmade ($92.63 in chips)
Seat 4: Agrotait ($86.02 in chips)
Agrotait: posts small blind $1
igmade: posts big blind $3
*** HOLE CARDS ***
Agrotait: raises $3 to $6
igmade: folds
Uncalled bet ($3) returned to Agrotait
Agrotait collected $6 from pot
Agrotait: doesn't show hand
*** SUMMARY ***
Total pot $6 | Rake $0
Seat 3: igmade (big blind) folded before Flop
Seat 4: Agrotait (button) (small blind) collected ($6)


PokerStars Hand #151306934828:  Hold'em Limit ($3/$6 USD) - 2016/04/02 5:54:13 ET
Table 'Zelima II' 6-max Seat #3 is the button
Seat 3: igmade ($104.63 in chips)
Seat 4: Agrotait ($74.50 in chips)
igmade: posts small blind $1
Agrotait: posts big blind $3
*** HOLE CARDS ***
igmade: calls $2
Agrotait: checks
*** FLOP *** [Td 2c 7s]
Agrotait: bets $3
igmade: calls $3
*** TURN *** [Td 2c 7s] [Jc]
Agrotait: checks
igmade: bets $6
Agrotait: calls $6
*** RIVER *** [Td 2c 7s Jc] [9d]
Agrotait: checks
igmade: checks
*** SHOW DOWN ***
Agrotait: shows [Ts 4d] (a pair of Tens)
igmade: mucks hand
Agrotait collected $23.52 from pot
*** SUMMARY ***
Total pot $24 | Rake $0.48
Board [Td 2c 7s Jc 9d]
Seat 3: igmade (button) (small blind) mucked
Seat 4: Agrotait (big blind) showed [Ts 4d] and won ($23.52) with a pair of Tens


PokerStars Hand #151306948880:  Hold'em Limit ($3/$6 USD) - 2016/04/02 5:54:44 ET
Table 'Zelima II' 6-max Seat #4 is the button
Seat 3: igmade ($88.63 in chips)
Seat 4: Agrotait ($90.02 in chips)
Agrotait: posts small blind $1
igmade: posts big blind $3
*** HOLE CARDS ***
Agrotait: folds
Uncalled bet ($2) returned to igmade
igmade collected $2 from pot
igmade: doesn't show hand
*** SUMMARY ***
Total pot $2 | Rake $0
Seat 3: igmade (big blind) collected ($2)
Seat 4: Agrotait (button) (small blind) folded before Flop


PokerStars Hand #151306946564:  Hold'em Limit ($3/$6 USD) - 2016/04/02 5:54:39 ET
Table 'Zelima II' 6-max Seat #3 is the button
Seat 3: igmade ($89.63 in chips)
Seat 4: Agrotait ($89.02 in chips)
igmade: posts small blind $1
Agrotait: posts big blind $3
*** HOLE CARDS ***
igmade: folds
Uncalled bet ($2) returned to Agrotait
Agrotait collected $2 from pot
Agrotait: doesn't show hand
*** SUMMARY ***
Total pot $2 | Rake $0
Seat 3: igmade (button) (small blind) folded before Flop
Seat 4: Agrotait (big blind) collected ($2)


PokerStars Hand #151306960204:  Hold'em Limit ($3/$6 USD) - 2016/04/02 5:55:09 ET
Table 'Zelima II' 6-max Seat #4 is the button
Seat 3: igmade ($86.63 in chips)
Seat 4: Agrotait ($91.90 in chips)
Agrotait: posts small blind $1
igmade: posts big blind $3
*** HOLE CARDS ***
Agrotait: raises $3 to $6
igmade: calls $3
*** FLOP *** [6d 5d 4s]
igmade: checks
Agrotait: bets $3
igmade: calls $3
*** TURN *** [6d 5d 4s] [6c]
igmade: checks
Agrotait: bets $6
igmade: calls $6
*** RIVER *** [6d 5d 4s 6c] [3s]
igmade: checks
Agrotait: bets $6
igmade: calls $6
*** SHOW DOWN ***
Agrotait: shows [6h 7d] (a straight, Three to Seven)
igmade: mucks hand
Agrotait collected $41.50 from pot
*** SUMMARY ***
Total pot $42 | Rake $0.50
Board [6d 5d 4s 6c 3s]
Seat 3: igmade (big blind) mucked
Seat 4: Agrotait (button) (small blind) showed [6h 7d] and won ($41.50) with a straight, Three to Seven


PokerStars Hand #151306951656:  Hold'em Limit ($3/$6 USD) - 2016/04/02 5:54:50 ET
Table 'Zelima II' 6-max Seat #3 is the button
Seat 3: igmade ($89.63 in chips)
Seat 4: Agrotait ($89.02 in chips)
igmade: posts small blind $1
Agrotait: posts big blind $3
*** HOLE CARDS ***
igmade: calls $2
Agrotait: checks
*** FLOP *** [7d Ah 9c]
Agrotait: bets $3
igmade: folds
Uncalled bet ($3) returned to Agrotait
Agrotait collected $5.88 from pot
Agrotait: doesn't show hand
*** SUMMARY ***
Total pot $6 | Rake $0.12
Board [7d Ah 9c]
Seat 3: igmade (button) (small blind) folded on the Flop
Seat 4: Agrotait (big blind) collected ($5.88)


PokerStars Hand #151306993206:  Hold'em Limit ($3/$6 USD) - 2016/04/02 5:56:30 ET
Table 'Zelima II' 6-max Seat #3 is the button
Seat 3: igmade ($62.39 in chips)
Seat 4: Agrotait ($115.04 in chips)
igmade: posts small blind $1
Agrotait: posts big blind $3
*** HOLE CARDS ***
igmade: raises $3 to $6
ZOGI joins the table at seat #5
Agrotait: raises $3 to $9
igmade: calls $3
*** FLOP *** [Qc 5c 7s]
Agrotait: bets $3
igmade: calls $3
*** TURN *** [Qc 5c 7s] [Tc]
Agrotait: checks
igmade: bets $6
Agrotait: folds
Uncalled bet ($6) returned to igmade
igmade collected $23.52 from pot
igmade: doesn't show hand
*** SUMMARY ***
Total pot $24 | Rake $0.48
Board [Qc 5c 7s Tc]
Seat 3: igmade (button) (small blind) collected ($23.52)
Seat 4: Agrotait (big blind) folded on the Turn


PokerStars Hand #151306983133:  Hold'em Limit ($3/$6 USD) - 2016/04/02 5:56:05 ET
Table 'Zelima II' 6-max Seat #4 is the button
Seat 3: igmade ($71.39 in chips)
Seat 4: Agrotait ($106.40 in chips)
Agrotait: posts small blind $1
igmade: posts big blind $3
*** HOLE CARDS ***
Agrotait: raises $3 to $6
igmade: calls $3
*** FLOP *** [Qh 4h Td]
igmade: bets $3
Agrotait: raises $3 to $6
igmade: folds
Uncalled bet ($3) returned to Agrotait
Agrotait collected $17.64 from pot
Agrotait: doesn't show hand
*** SUMMARY ***
Total pot $18 | Rake $0.36
Board [Qh 4h Td]
Seat 3: igmade (big blind) folded on the Flop
Seat 4: Agrotait (button) (small blind) collected ($17.64)


PokerStars Hand #151306968263:  Hold'em Limit ($3/$6 USD) - 2016/04/02 5:55:28 ET
Table 'Zelima II' 6-max Seat #3 is the button
Seat 3: igmade ($65.63 in chips)
Seat 4: Agrotait ($112.40 in chips)
igmade: posts small blind $1
Agrotait: posts big blind $3
*** HOLE CARDS ***
igmade: raises $3 to $6
Agrotait: calls $3
*** FLOP *** [3h 6d 4h]
Agrotait: checks
igmade: checks
*** TURN *** [3h 6d 4h] [5c]
Agrotait: checks
igmade: bets $6
Agrotait: folds
Uncalled bet ($6) returned to igmade
igmade collected $11.76 from pot
igmade: doesn't show hand
*** SUMMARY ***
Total pot $12 | Rake $0.24
Board [3h 6d 4h 5c]
Seat 3: igmade (button) (small blind) collected ($11.76)
Seat 4: Agrotait (big blind) folded on the Turn


PokerStars Hand #151308356048:  Hold'em Limit ($3/$6 USD) - 2016/04/02 6:44:49 ET
Table 'Zelima II' 6-max Seat #3 is the button
Seat 2: zizonmusang ($94.22 in chips)
Seat 3: lin1rabbit ($105.23 in chips)
lin1rabbit: posts small blind $1
liolilove: is sitting out
zizonmusang: posts big blind $3
*** HOLE CARDS ***
lin1rabbit: raises $3 to $6
zizonmusang: raises $3 to $9
lin1rabbit: calls $3
*** FLOP *** [9s Qs Js]
zizonmusang: bets $3
lin1rabbit: calls $3
*** TURN *** [9s Qs Js] [5h]
zizonmusang: bets $6
lin1rabbit: calls $6
*** RIVER *** [9s Qs Js 5h] [7d]
zizonmusang: bets $6
lin1rabbit: calls $6
*** SHOW DOWN ***
zizonmusang: shows [Kc Jc] (a pair of Jacks)
lin1rabbit: mucks hand
zizonmusang collected $47.50 from pot
*** SUMMARY ***
Total pot $48 | Rake $0.50
Board [9s Qs Js 5h 7d]
Seat 2: zizonmusang (big blind) showed [Kc Jc] and won ($47.50) with a pair of Jacks
Seat 3: lin1rabbit (button) (small blind) mucked


PokerStars Hand #151308371560:  Hold'em Limit ($3/$6 USD) - 2016/04/02 6:45:21 ET
Table 'Zelima II' 6-max Seat #2 is the button
Seat 2: zizonmusang ($117.72 in chips)
Seat 3: lin1rabbit ($81.23 in chips)
zizonmusang: posts small blind $1
lin1rabbit: posts big blind $3
*** HOLE CARDS ***
zizonmusang: folds
Uncalled bet ($2) returned to lin1rabbit
lin1rabbit collected $2 from pot
lin1rabbit: doesn't show hand
*** SUMMARY ***
Total pot $2 | Rake $0
Seat 2: zizonmusang (button) (small blind) folded before Flop
Seat 3: lin1rabbit (big blind) collected ($2)


PokerStars Hand #151308420719:  Hold'em Limit ($3/$6 USD) - 2016/04/02 6:47:00 ET
Table 'Zelima II' 6-max Seat #3 is the button
Seat 3: MTails ($120 in chips)
Seat 4: unaFantasia ($154.26 in chips)
MTails: posts small blind $1
unaFantasia: posts big blind $3
*** HOLE CARDS ***
MTails: raises $3 to $6
unaFantasia: folds
Uncalled bet ($3) returned to MTails
MTails collected $6 from pot
*** SUMMARY ***
Total pot $6 | Rake $0
Seat 3: MTails (button) (small blind) collected ($6)
Seat 4: unaFantasia (big blind) folded before Flop


PokerStars Hand #151308425683:  Hold'em Limit ($3/$6 USD) - 2016/04/02 6:47:10 ET
Table 'Zelima II' 6-max Seat #4 is the button
Seat 3: MTails ($123 in chips)
Seat 4: unaFantasia ($151.26 in chips)
unaFantasia: posts small blind $1
MTails: posts big blind $3
*** HOLE CARDS ***
unaFantasia: folds
Uncalled bet ($2) returned to MTails
MTails collected $2 from pot
*** SUMMARY ***
Total pot $2 | Rake $0
Seat 3: MTails (big blind) collected ($2)
Seat 4: unaFantasia (button) (small blind) folded before Flop


