PokerStars Hand #175709567041:  Hold'em Limit ($3/$6 USD) - 2017/09/16 6:25:26 ET
Table 'Zelinda' 6-max Seat #4 is the button
Seat 2: cola26licht ($78.35 in chips)
Seat 4: VolkovDmitri ($128.64 in chips)
VolkovDmitri: posts small blind $1
cola26licht: posts big blind $3
*** HOLE CARDS ***
VolkovDmitri: raises $3 to $6
cola26licht: calls $3
*** FLOP *** [Qs Ad 3s]
cola26licht: checks
VolkovDmitri: bets $3
cola26licht: raises $3 to $6
VolkovDmitri: calls $3
*** TURN *** [Qs Ad 3s] [7s]
cola26licht: bets $6
VolkovDmitri: calls $6
*** RIVER *** [Qs Ad 3s 7s] [3h]
cola26licht: bets $6
VolkovDmitri: calls $6
*** SHOW DOWN ***
cola26licht: shows [Ts Qh] (two pair, Queens and Threes)
VolkovDmitri: shows [6c As] (two pair, Aces and Threes)
VolkovDmitri collected $47.50 from pot
*** SUMMARY ***
Total pot $48 | Rake $0.50
Board [Qs Ad 3s 7s 3h]
Seat 2: cola26licht (big blind) showed [Ts Qh] and lost with two pair, Queens and Threes
Seat 4: VolkovDmitri (button) (small blind) showed [6c As] and won ($47.50) with two pair, Aces and Threes


PokerStars Hand #175709559854:  Hold'em Limit ($3/$6 USD) - 2017/09/16 6:25:09 ET
Table 'Zelinda' 6-max Seat #2 is the button
Seat 2: cola26licht ($87.35 in chips)
Seat 4: VolkovDmitri ($120 in chips)
cola26licht: posts small blind $1
VolkovDmitri: posts big blind $3
*** HOLE CARDS ***
cola26licht: raises $3 to $6
VolkovDmitri: raises $3 to $9
cola26licht: calls $3
*** FLOP *** [9d Jd 2h]
VolkovDmitri: bets $3
cola26licht: folds
Uncalled bet ($3) returned to VolkovDmitri
VolkovDmitri collected $17.64 from pot
VolkovDmitri: doesn't show hand
*** SUMMARY ***
Total pot $18 | Rake $0.36
Board [9d Jd 2h]
Seat 2: cola26licht (button) (small blind) folded on the Flop
Seat 4: VolkovDmitri (big blind) collected ($17.64)


PokerStars Hand #175709594781:  Hold'em Limit ($3/$6 USD) - 2017/09/16 6:26:34 ET
Table 'Zelinda' 6-max Seat #2 is the button
Seat 2: cola26licht ($80.61 in chips)
Seat 4: VolkovDmitri ($125.14 in chips)
cola26licht: posts small blind $1
VolkovDmitri: posts big blind $3
*** HOLE CARDS ***
cola26licht: folds
Uncalled bet ($2) returned to VolkovDmitri
VolkovDmitri collected $2 from pot
VolkovDmitri: doesn't show hand
*** SUMMARY ***
Total pot $2 | Rake $0
Seat 2: cola26licht (button) (small blind) folded before Flop
Seat 4: VolkovDmitri (big blind) collected ($2)


PokerStars Hand #175709586425:  Hold'em Limit ($3/$6 USD) - 2017/09/16 6:26:13 ET
Table 'Zelinda' 6-max Seat #4 is the button
Seat 2: cola26licht ($60.11 in chips)
Seat 4: VolkovDmitri ($146.14 in chips)
VolkovDmitri: posts small blind $1
cola26licht: posts big blind $3
*** HOLE CARDS ***
VolkovDmitri: raises $3 to $6
cola26licht: raises $3 to $9
VolkovDmitri: raises $3 to $12
Betting is capped
cola26licht: calls $3
*** FLOP *** [Jh 4c 5d]
cola26licht: checks
VolkovDmitri: bets $3
cola26licht: calls $3
*** TURN *** [Jh 4c 5d] [3h]
cola26licht: checks
VolkovDmitri: checks
*** RIVER *** [Jh 4c 5d 3h] [3s]
cola26licht: bets $6
VolkovDmitri: calls $6
*** SHOW DOWN ***
cola26licht: shows [6s 5h] (two pair, Fives and Threes)
VolkovDmitri: mucks hand
cola26licht collected $41.50 from pot
*** SUMMARY ***
Total pot $42 | Rake $0.50
Board [Jh 4c 5d 3h 3s]
Seat 2: cola26licht (big blind) showed [6s 5h] and won ($41.50) with two pair, Fives and Threes
Seat 4: VolkovDmitri (button) (small blind) mucked


PokerStars Hand #175709581325:  Hold'em Limit ($3/$6 USD) - 2017/09/16 6:26:01 ET
Table 'Zelinda' 6-max Seat #2 is the button
Seat 2: cola26licht ($54.35 in chips)
Seat 4: VolkovDmitri ($152.14 in chips)
cola26licht: posts small blind $1
VolkovDmitri: posts big blind $3
*** HOLE CARDS ***
cola26licht: raises $3 to $6
VolkovDmitri: calls $3
*** FLOP *** [2s 4d 9h]
VolkovDmitri: checks
cola26licht: bets $3
VolkovDmitri: folds
Uncalled bet ($3) returned to cola26licht
cola26licht collected $11.76 from pot
*** SUMMARY ***
Total pot $12 | Rake $0.24
Board [2s 4d 9h]
Seat 2: cola26licht (button) (small blind) collected ($11.76)
Seat 4: VolkovDmitri (big blind) folded on the Flop


PokerStars Hand #175709611205:  Hold'em Limit ($3/$6 USD) - 2017/09/16 6:27:14 ET
Table 'Zelinda' 6-max Seat #2 is the button
Seat 2: cola26licht ($91.13 in chips)
Seat 4: VolkovDmitri ($120 in chips)
cola26licht: posts small blind $1
VolkovDmitri: posts big blind $3
*** HOLE CARDS ***
cola26licht: folds
Uncalled bet ($2) returned to VolkovDmitri
VolkovDmitri collected $2 from pot
VolkovDmitri: doesn't show hand
*** SUMMARY ***
Total pot $2 | Rake $0
Seat 2: cola26licht (button) (small blind) folded before Flop
Seat 4: VolkovDmitri (big blind) collected ($2)


PokerStars Hand #175709596994:  Hold'em Limit ($3/$6 USD) - 2017/09/16 6:26:40 ET
Table 'Zelinda' 6-max Seat #4 is the button
Seat 2: cola26licht ($79.61 in chips)
Seat 4: VolkovDmitri ($126.14 in chips)
VolkovDmitri: posts small blind $1
cola26licht: posts big blind $3
*** HOLE CARDS ***
VolkovDmitri: raises $3 to $6
cola26licht: calls $3
*** FLOP *** [Td 6s 9h]
cola26licht: checks
VolkovDmitri: checks
*** TURN *** [Td 6s 9h] [5d]
cola26licht: bets $6
VolkovDmitri: calls $6
*** RIVER *** [Td 6s 9h 5d] [4d]
cola26licht: bets $6
VolkovDmitri: folds
Uncalled bet ($6) returned to cola26licht
cola26licht collected $23.52 from pot
*** SUMMARY ***
Total pot $24 | Rake $0.48
Board [Td 6s 9h 5d 4d]
Seat 2: cola26licht (big blind) collected ($23.52)
Seat 4: VolkovDmitri (button) (small blind) folded on the River


PokerStars Hand #175709613343:  Hold'em Limit ($3/$6 USD) - 2017/09/16 6:27:19 ET
Table 'Zelinda' 6-max Seat #4 is the button
Seat 2: cola26licht ($90.13 in chips)
Seat 4: VolkovDmitri ($121 in chips)
VolkovDmitri: posts small blind $1
cola26licht: posts big blind $3
*** HOLE CARDS ***
VolkovDmitri: raises $3 to $6
cola26licht: raises $3 to $9
VolkovDmitri: calls $3
*** FLOP *** [9s 5h 4d]
cola26licht: bets $3
VolkovDmitri: calls $3
*** TURN *** [9s 5h 4d] [5s]
cola26licht: bets $6
VolkovDmitri: calls $6
*** RIVER *** [9s 5h 4d 5s] [4h]
cola26licht: bets $6
VolkovDmitri: raises $6 to $12
cola26licht: calls $6
*** SHOW DOWN ***
VolkovDmitri: shows [4s 3h] (a full house, Fours full of Fives)
cola26licht: mucks hand
VolkovDmitri collected $59.50 from pot
*** SUMMARY ***
Total pot $60 | Rake $0.50
Board [9s 5h 4d 5s 4h]
Seat 2: cola26licht (big blind) mucked
Seat 4: VolkovDmitri (button) (small blind) showed [4s 3h] and won ($59.50) with a full house, Fours full of Fives


PokerStars Hand #175709623955:  Hold'em Limit ($3/$6 USD) - 2017/09/16 6:27:45 ET
Table 'Zelinda' 6-max Seat #2 is the button
Seat 2: cola26licht ($60.13 in chips)
Seat 4: VolkovDmitri ($150.50 in chips)
cola26licht: posts small blind $1
VolkovDmitri: posts big blind $3
*** HOLE CARDS ***
cola26licht: raises $3 to $6
VolkovDmitri: raises $3 to $9
cola26licht: calls $3
*** FLOP *** [3h 6d 5h]
VolkovDmitri: bets $3
cola26licht: raises $3 to $6
VolkovDmitri: calls $3
*** TURN *** [3h 6d 5h] [2s]
VolkovDmitri: checks
cola26licht: bets $6
VolkovDmitri: calls $6
*** RIVER *** [3h 6d 5h 2s] [Ad]
VolkovDmitri: checks
cola26licht: bets $6
VolkovDmitri: calls $6
*** SHOW DOWN ***
cola26licht: shows [2h 6h] (two pair, Sixes and Deuces)
VolkovDmitri: mucks hand
cola26licht collected $53.50 from pot
*** SUMMARY ***
Total pot $54 | Rake $0.50
Board [3h 6d 5h 2s Ad]
Seat 2: cola26licht (button) (small blind) showed [2h 6h] and won ($53.50) with two pair, Sixes and Deuces
Seat 4: VolkovDmitri (big blind) mucked


PokerStars Hand #175709633157:  Hold'em Limit ($3/$6 USD) - 2017/09/16 6:28:08 ET
Table 'Zelinda' 6-max Seat #4 is the button
Seat 2: cola26licht ($86.63 in chips)
Seat 4: VolkovDmitri ($123.50 in chips)
VolkovDmitri: posts small blind $1
cola26licht: posts big blind $3
*** HOLE CARDS ***
VolkovDmitri: raises $3 to $6
cola26licht: calls $3
*** FLOP *** [9h Qs Ts]
cola26licht: checks
VolkovDmitri: bets $3
cola26licht: calls $3
*** TURN *** [9h Qs Ts] [2d]
cola26licht: checks
VolkovDmitri: checks
*** RIVER *** [9h Qs Ts 2d] [Jh]
cola26licht: bets $6
VolkovDmitri: folds
Uncalled bet ($6) returned to cola26licht
cola26licht collected $17.64 from pot
*** SUMMARY ***
Total pot $18 | Rake $0.36
Board [9h Qs Ts 2d Jh]
Seat 2: cola26licht (big blind) collected ($17.64)
Seat 4: VolkovDmitri (button) (small blind) folded on the River


PokerStars Hand #175709642174:  Hold'em Limit ($3/$6 USD) - 2017/09/16 6:28:30 ET
Table 'Zelinda' 6-max Seat #2 is the button
Seat 2: cola26licht ($95.27 in chips)
Seat 4: VolkovDmitri ($120 in chips)
cola26licht: posts small blind $1
VolkovDmitri: posts big blind $3
*** HOLE CARDS ***
cola26licht: folds
Uncalled bet ($2) returned to VolkovDmitri
VolkovDmitri collected $2 from pot
VolkovDmitri: doesn't show hand
*** SUMMARY ***
Total pot $2 | Rake $0
Seat 2: cola26licht (button) (small blind) folded before Flop
Seat 4: VolkovDmitri (big blind) collected ($2)


PokerStars Hand #175709656148:  Hold'em Limit ($3/$6 USD) - 2017/09/16 6:29:04 ET
Table 'Zelinda' 6-max Seat #2 is the button
Seat 2: cola26licht ($111.77 in chips)
Seat 4: VolkovDmitri ($120 in chips)
cola26licht: posts small blind $1
VolkovDmitri: posts big blind $3
*** HOLE CARDS ***
cola26licht: raises $3 to $6
VolkovDmitri: folds
Uncalled bet ($3) returned to cola26licht
cola26licht collected $6 from pot
*** SUMMARY ***
Total pot $6 | Rake $0
Seat 2: cola26licht (button) (small blind) collected ($6)
Seat 4: VolkovDmitri (big blind) folded before Flop


PokerStars Hand #175709644157:  Hold'em Limit ($3/$6 USD) - 2017/09/16 6:28:35 ET
Table 'Zelinda' 6-max Seat #4 is the button
Seat 2: cola26licht ($94.27 in chips)
Seat 4: VolkovDmitri ($121 in chips)
VolkovDmitri: posts small blind $1
cola26licht: posts big blind $3
*** HOLE CARDS ***
VolkovDmitri: raises $3 to $6
cola26licht: raises $3 to $9
VolkovDmitri: calls $3
*** FLOP *** [3s 4d Qc]
cola26licht: bets $3
VolkovDmitri: calls $3
*** TURN *** [3s 4d Qc] [7c]
cola26licht: bets $6
VolkovDmitri: calls $6
*** RIVER *** [3s 4d Qc 7c] [Tc]
cola26licht: bets $6
VolkovDmitri: folds
Uncalled bet ($6) returned to cola26licht
cola26licht collected $35.50 from pot
*** SUMMARY ***
Total pot $36 | Rake $0.50
Board [3s 4d Qc 7c Tc]
Seat 2: cola26licht (big blind) collected ($35.50)
Seat 4: VolkovDmitri (button) (small blind) folded on the River


PokerStars Hand #175709658579:  Hold'em Limit ($3/$6 USD) - 2017/09/16 6:29:10 ET
Table 'Zelinda' 6-max Seat #4 is the button
Seat 2: cola26licht ($114.77 in chips)
Seat 4: VolkovDmitri ($120 in chips)
VolkovDmitri: posts small blind $1
cola26licht: posts big blind $3
*** HOLE CARDS ***
VolkovDmitri: raises $3 to $6
cola26licht: raises $3 to $9
VolkovDmitri: calls $3
*** FLOP *** [Ac 6s 6c]
cola26licht: bets $3
VolkovDmitri: folds
Uncalled bet ($3) returned to cola26licht
cola26licht collected $17.64 from pot
*** SUMMARY ***
Total pot $18 | Rake $0.36
Board [Ac 6s 6c]
Seat 2: cola26licht (big blind) collected ($17.64)
Seat 4: VolkovDmitri (button) (small blind) folded on the Flop


PokerStars Hand #175709663452:  Hold'em Limit ($3/$6 USD) - 2017/09/16 6:29:22 ET
Table 'Zelinda' 6-max Seat #2 is the button
Seat 2: cola26licht ($123.41 in chips)
Seat 4: VolkovDmitri ($120 in chips)
cola26licht: posts small blind $1
VolkovDmitri: posts big blind $3
*** HOLE CARDS ***
cola26licht: raises $3 to $6
VolkovDmitri: folds
Uncalled bet ($3) returned to cola26licht
cola26licht collected $6 from pot
*** SUMMARY ***
Total pot $6 | Rake $0
Seat 2: cola26licht (button) (small blind) collected ($6)
Seat 4: VolkovDmitri (big blind) folded before Flop


PokerStars Hand #175709666754:  Hold'em Limit ($3/$6 USD) - 2017/09/16 6:29:30 ET
Table 'Zelinda' 6-max Seat #4 is the button
Seat 2: cola26licht ($126.41 in chips)
Seat 4: VolkovDmitri ($120 in chips)
VolkovDmitri: posts small blind $1
cola26licht: posts big blind $3
*** HOLE CARDS ***
VolkovDmitri: raises $3 to $6
cola26licht: calls $3
*** FLOP *** [Qs 3d Th]
cola26licht: bets $3
VolkovDmitri: calls $3
*** TURN *** [Qs 3d Th] [Qc]
cola26licht: checks
VolkovDmitri: checks
*** RIVER *** [Qs 3d Th Qc] [Td]
cola26licht: checks
VolkovDmitri: bets $6
cola26licht: folds
Uncalled bet ($6) returned to VolkovDmitri
VolkovDmitri collected $17.64 from pot
VolkovDmitri: doesn't show hand
*** SUMMARY ***
Total pot $18 | Rake $0.36
Board [Qs 3d Th Qc Td]
Seat 2: cola26licht (big blind) folded on the River
Seat 4: VolkovDmitri (button) (small blind) collected ($17.64)


PokerStars Hand #175709678089:  Hold'em Limit ($3/$6 USD) - 2017/09/16 6:29:58 ET
Table 'Zelinda' 6-max Seat #4 is the button
Seat 2: cola26licht ($116.41 in chips)
Seat 4: VolkovDmitri ($129.64 in chips)
VolkovDmitri: posts small blind $1
cola26licht: posts big blind $3
*** HOLE CARDS ***
VolkovDmitri: raises $3 to $6
cola26licht: folds
Uncalled bet ($3) returned to VolkovDmitri
VolkovDmitri collected $6 from pot
VolkovDmitri: doesn't show hand
*** SUMMARY ***
Total pot $6 | Rake $0
Seat 2: cola26licht (big blind) folded before Flop
Seat 4: VolkovDmitri (button) (small blind) collected ($6)


PokerStars Hand #175709676057:  Hold'em Limit ($3/$6 USD) - 2017/09/16 6:29:53 ET
Table 'Zelinda' 6-max Seat #2 is the button
Seat 2: cola26licht ($117.41 in chips)
Seat 4: VolkovDmitri ($128.64 in chips)
cola26licht: posts small blind $1
VolkovDmitri: posts big blind $3
*** HOLE CARDS ***
cola26licht: folds
Uncalled bet ($2) returned to VolkovDmitri
VolkovDmitri collected $2 from pot
VolkovDmitri: doesn't show hand
*** SUMMARY ***
Total pot $2 | Rake $0
Seat 2: cola26licht (button) (small blind) folded before Flop
Seat 4: VolkovDmitri (big blind) collected ($2)


PokerStars Hand #175709680402:  Hold'em Limit ($3/$6 USD) - 2017/09/16 6:30:03 ET
Table 'Zelinda' 6-max Seat #2 is the button
Seat 2: cola26licht ($113.41 in chips)
Seat 4: VolkovDmitri ($132.64 in chips)
cola26licht: posts small blind $1
VolkovDmitri: posts big blind $3
*** HOLE CARDS ***
cola26licht: raises $3 to $6
VolkovDmitri: calls $3
*** FLOP *** [As 4s 8s]
VolkovDmitri: checks
cola26licht: checks
*** TURN *** [As 4s 8s] [Qs]
VolkovDmitri: bets $6
cola26licht: folds
Uncalled bet ($6) returned to VolkovDmitri
VolkovDmitri collected $11.76 from pot
VolkovDmitri: doesn't show hand
*** SUMMARY ***
Total pot $12 | Rake $0.24
Board [As 4s 8s Qs]
Seat 2: cola26licht (button) (small blind) folded on the Turn
Seat 4: VolkovDmitri (big blind) collected ($11.76)


PokerStars Hand #175709687302:  Hold'em Limit ($3/$6 USD) - 2017/09/16 6:30:20 ET
Table 'Zelinda' 6-max Seat #4 is the button
Seat 2: cola26licht ($107.41 in chips)
Seat 4: VolkovDmitri ($138.40 in chips)
VolkovDmitri: posts small blind $1
cola26licht: posts big blind $3
*** HOLE CARDS ***
VolkovDmitri: raises $3 to $6
cola26licht: calls $3
*** FLOP *** [4c Jd 7s]
cola26licht: checks
VolkovDmitri: bets $3
cola26licht: calls $3
*** TURN *** [4c Jd 7s] [9h]
cola26licht: checks
VolkovDmitri: checks
*** RIVER *** [4c Jd 7s 9h] [3s]
cola26licht: checks
VolkovDmitri: checks
*** SHOW DOWN ***
cola26licht: shows [Td 4s] (a pair of Fours)
VolkovDmitri: mucks hand
cola26licht collected $17.64 from pot
*** SUMMARY ***
Total pot $18 | Rake $0.36
Board [4c Jd 7s 9h 3s]
Seat 2: cola26licht (big blind) showed [Td 4s] and won ($17.64) with a pair of Fours
Seat 4: VolkovDmitri (button) (small blind) mucked


PokerStars Hand #175709696670:  Hold'em Limit ($3/$6 USD) - 2017/09/16 6:30:42 ET
Table 'Zelinda' 6-max Seat #2 is the button
Seat 2: cola26licht ($116.05 in chips)
Seat 4: VolkovDmitri ($129.40 in chips)
cola26licht: posts small blind $1
VolkovDmitri: posts big blind $3
*** HOLE CARDS ***
cola26licht: raises $3 to $6
VolkovDmitri: calls $3
*** FLOP *** [2c 9s 5d]
VolkovDmitri: checks
cola26licht: checks
*** TURN *** [2c 9s 5d] [6d]
VolkovDmitri: bets $6
cola26licht: calls $6
*** RIVER *** [2c 9s 5d 6d] [Qd]
VolkovDmitri: bets $6
cola26licht: calls $6
*** SHOW DOWN ***
VolkovDmitri: shows [7c 4s] (high card Queen)
cola26licht: shows [Kc Js] (high card King)
cola26licht collected $35.50 from pot
*** SUMMARY ***
Total pot $36 | Rake $0.50
Board [2c 9s 5d 6d Qd]
Seat 2: cola26licht (button) (small blind) showed [Kc Js] and won ($35.50) with high card King
Seat 4: VolkovDmitri (big blind) showed [7c 4s] and lost with high card Queen


PokerStars Hand #175709704464:  Hold'em Limit ($3/$6 USD) - 2017/09/16 6:31:01 ET
Table 'Zelinda' 6-max Seat #4 is the button
Seat 2: cola26licht ($133.55 in chips)
Seat 4: VolkovDmitri ($120 in chips)
VolkovDmitri: posts small blind $1
cola26licht: posts big blind $3
*** HOLE CARDS ***
VolkovDmitri: raises $3 to $6
cola26licht: calls $3
*** FLOP *** [6h 9c 7h]
cola26licht: checks
VolkovDmitri: checks
*** TURN *** [6h 9c 7h] [Qc]
cola26licht: checks
VolkovDmitri: checks
*** RIVER *** [6h 9c 7h Qc] [4h]
cola26licht: bets $6
VolkovDmitri: calls $6
*** SHOW DOWN ***
cola26licht: shows [2c Ah] (high card Ace)
VolkovDmitri: shows [4s Ad] (a pair of Fours)
VolkovDmitri collected $23.52 from pot
*** SUMMARY ***
Total pot $24 | Rake $0.48
Board [6h 9c 7h Qc 4h]
Seat 2: cola26licht (big blind) showed [2c Ah] and lost with high card Ace
Seat 4: VolkovDmitri (button) (small blind) showed [4s Ad] and won ($23.52) with a pair of Fours


PokerStars Hand #175709722194:  Hold'em Limit ($3/$6 USD) - 2017/09/16 6:31:44 ET
Table 'Zelinda' 6-max Seat #2 is the button
Seat 2: cola26licht ($121.55 in chips)
Seat 4: VolkovDmitri ($131.52 in chips)
cola26licht: posts small blind $1
VolkovDmitri: posts big blind $3
*** HOLE CARDS ***
cola26licht: raises $3 to $6
VolkovDmitri: calls $3
*** FLOP *** [Qh Jc 9d]
VolkovDmitri: checks
cola26licht: bets $3
VolkovDmitri: calls $3
*** TURN *** [Qh Jc 9d] [9s]
VolkovDmitri: checks
cola26licht: checks
*** RIVER *** [Qh Jc 9d 9s] [Td]
VolkovDmitri: bets $6
cola26licht: calls $6
*** SHOW DOWN ***
VolkovDmitri: shows [9c 7d] (three of a kind, Nines)
cola26licht: mucks hand
VolkovDmitri collected $29.50 from pot
*** SUMMARY ***
Total pot $30 | Rake $0.50
Board [Qh Jc 9d 9s Td]
Seat 2: cola26licht (button) (small blind) mucked
Seat 4: VolkovDmitri (big blind) showed [9c 7d] and won ($29.50) with three of a kind, Nines


PokerStars Hand #175709730340:  Hold'em Limit ($3/$6 USD) - 2017/09/16 6:32:04 ET
Table 'Zelinda' 6-max Seat #4 is the button
Seat 2: cola26licht ($106.55 in chips)
Seat 4: VolkovDmitri ($146.02 in chips)
VolkovDmitri: posts small blind $1
cola26licht: posts big blind $3
*** HOLE CARDS ***
VolkovDmitri: raises $3 to $6
cola26licht: raises $3 to $9
VolkovDmitri: calls $3
*** FLOP *** [6s 2c 6h]
cola26licht: bets $3
KHASHIMOV M joins the table at seat #5
VolkovDmitri: folds
Uncalled bet ($3) returned to cola26licht
cola26licht collected $17.64 from pot
*** SUMMARY ***
Total pot $18 | Rake $0.36
Board [6s 2c 6h]
Seat 2: cola26licht (big blind) collected ($17.64)
Seat 4: VolkovDmitri (button) (small blind) folded on the Flop


PokerStars Hand #175709739241:  Hold'em Limit ($3/$6 USD) - 2017/09/16 6:32:26 ET
Table 'Zelinda' 6-max Seat #2 is the button
Seat 2: cola26licht ($115.19 in chips)
Seat 4: VolkovDmitri ($137.02 in chips)
cola26licht: posts small blind $1
VolkovDmitri: posts big blind $3
*** HOLE CARDS ***
cola26licht: raises $3 to $6
VolkovDmitri: calls $3
*** FLOP *** [Th 9d 6d]
happyshine88 joins the table at seat #1
VolkovDmitri: checks
cola26licht: checks
*** TURN *** [Th 9d 6d] [3d]
VolkovDmitri: bets $6
cola26licht: folds
Uncalled bet ($6) returned to VolkovDmitri
VolkovDmitri collected $11.76 from pot
VolkovDmitri: doesn't show hand
*** SUMMARY ***
Total pot $12 | Rake $0.24
Board [Th 9d 6d 3d]
Seat 2: cola26licht (button) (small blind) folded on the Turn
Seat 4: VolkovDmitri (big blind) collected ($11.76)


PokerStars Hand #175709992300:  Hold'em Limit ($3/$6 USD) - 2017/09/16 6:42:31 ET
Table 'Zelinda' 6-max Seat #5 is the button
Seat 1: happyshine88 ($98.85 in chips)
Seat 5: Psynto ($116.74 in chips)
Psynto: posts small blind $1
happyshine88: posts big blind $3
*** HOLE CARDS ***
Psynto: raises $3 to $6
happyshine88: calls $3
*** FLOP *** [Th Ad 6s]
happyshine88: checks
Psynto: bets $3
happyshine88: calls $3
*** TURN *** [Th Ad 6s] [3h]
happyshine88: checks
Psynto: checks
*** RIVER *** [Th Ad 6s 3h] [5c]
happyshine88: checks
Psynto: checks
*** SHOW DOWN ***
happyshine88: shows [6c 2s] (a pair of Sixes)
Psynto: mucks hand
happyshine88 collected $17.64 from pot
*** SUMMARY ***
Total pot $18 | Rake $0.36
Board [Th Ad 6s 3h 5c]
Seat 1: happyshine88 (big blind) showed [6c 2s] and won ($17.64) with a pair of Sixes
Seat 5: Psynto (button) (small blind) mucked


PokerStars Hand #175709984050:  Hold'em Limit ($3/$6 USD) - 2017/09/16 6:42:11 ET
Table 'Zelinda' 6-max Seat #1 is the button
Seat 1: happyshine88 ($107.85 in chips)
Seat 5: Psynto ($108.10 in chips)
happyshine88: posts small blind $1
Psynto: posts big blind $3
*** HOLE CARDS ***
NewRocker leaves the table
happyshine88: calls $2
Psynto: checks
*** FLOP *** [2c Js Ks]
Psynto: checks
happyshine88: checks
*** TURN *** [2c Js Ks] [3s]
Psynto: checks
happyshine88: checks
*** RIVER *** [2c Js Ks 3s] [Kd]
Psynto: bets $6
happyshine88: calls $6
*** SHOW DOWN ***
Psynto: shows [5d Ad] (a pair of Kings)
happyshine88: mucks hand
Psynto collected $17.64 from pot
*** SUMMARY ***
Total pot $18 | Rake $0.36
Board [2c Js Ks 3s Kd]
Seat 1: happyshine88 (button) (small blind) mucked
Seat 5: Psynto (big blind) showed [5d Ad] and won ($17.64) with a pair of Kings


PokerStars Hand #175709971625:  Hold'em Limit ($3/$6 USD) - 2017/09/16 6:41:42 ET
Table 'Zelinda' 6-max Seat #5 is the button
Seat 1: happyshine88 ($87.35 in chips)
Seat 5: Psynto ($129.10 in chips)
Psynto: posts small blind $1
happyshine88: posts big blind $3
*** HOLE CARDS ***
Psynto: raises $3 to $6
happyshine88: calls $3
*** FLOP *** [Jh 7s 3c]
happyshine88: checks
Psynto: bets $3
happyshine88: calls $3
*** TURN *** [Jh 7s 3c] [Ac]
happyshine88: checks
Psynto: bets $6
happyshine88: calls $6
*** RIVER *** [Jh 7s 3c Ac] [2c]
happyshine88: checks
Psynto: bets $6
happyshine88: raises $6 to $12
Psynto: folds
Uncalled bet ($6) returned to happyshine88
happyshine88 collected $41.50 from pot
*** SUMMARY ***
Total pot $42 | Rake $0.50
Board [Jh 7s 3c Ac 2c]
Seat 1: happyshine88 (big blind) collected ($41.50)
Seat 5: Psynto (button) (small blind) folded on the River


PokerStars Hand #175710008273:  Hold'em Limit ($3/$6 USD) - 2017/09/16 6:43:09 ET
Table 'Zelinda' 6-max Seat #5 is the button
Seat 1: happyshine88 ($89.49 in chips)
Seat 5: Psynto ($125.24 in chips)
Psynto: posts small blind $1
happyshine88: posts big blind $3
*** HOLE CARDS ***
Psynto: raises $3 to $6
happyshine88: folds
Uncalled bet ($3) returned to Psynto
Psynto collected $6 from pot
Psynto: doesn't show hand
*** SUMMARY ***
Total pot $6 | Rake $0
Seat 1: happyshine88 (big blind) folded before Flop
Seat 5: Psynto (button) (small blind) collected ($6)


PokerStars Hand #175709999834:  Hold'em Limit ($3/$6 USD) - 2017/09/16 6:42:49 ET
Table 'Zelinda' 6-max Seat #1 is the button
Seat 1: happyshine88 ($107.49 in chips)
Seat 5: Psynto ($107.74 in chips)
happyshine88: posts small blind $1
Psynto: posts big blind $3
*** HOLE CARDS ***
happyshine88: raises $3 to $6
Psynto: calls $3
*** FLOP *** [4s 9d Jh]
Psynto: checks
happyshine88: checks
*** TURN *** [4s 9d Jh] [5c]
Psynto: bets $6
Fantomet joins the table at seat #2
happyshine88: calls $6
*** RIVER *** [4s 9d Jh 5c] [Js]
Psynto: bets $6
happyshine88: calls $6
*** SHOW DOWN ***
Psynto: shows [9c Th] (two pair, Jacks and Nines)
happyshine88: mucks hand
Psynto collected $35.50 from pot
*** SUMMARY ***
Total pot $36 | Rake $0.50
Board [4s 9d Jh 5c Js]
Seat 1: happyshine88 (button) (small blind) mucked
Seat 5: Psynto (big blind) showed [9c Th] and won ($35.50) with two pair, Jacks and Nines


PokerStars Hand #175712416540:  Hold'em Limit ($3/$6 USD) - 2017/09/16 8:13:42 ET
Table 'Zelinda' 6-max Seat #3 is the button
Seat 3: AA_ILI ($160.30 in chips)
Seat 4: deniz1205 ($73.66 in chips)
AA_ILI: posts small blind $1
deniz1205: posts big blind $3
*** HOLE CARDS ***
AA_ILI: raises $3 to $6
deniz1205: folds
Uncalled bet ($3) returned to AA_ILI
AA_ILI collected $6 from pot
*** SUMMARY ***
Total pot $6 | Rake $0
Seat 3: AA_ILI (button) (small blind) collected ($6)
Seat 4: deniz1205 (big blind) folded before Flop


PokerStars Hand #175721234629:  Hold'em Limit ($3/$6 USD) - 2017/09/16 12:24:27 ET
Table 'Zelinda' 6-max Seat #4 is the button
Seat 1: ChawkDee ($120 in chips)
Seat 4: OnlyLuck111 ($120 in chips)
OnlyLuck111: posts small blind $1
ChawkDee: posts big blind $3
Mahsun77 joins the table at seat #2
*** HOLE CARDS ***
OnlyLuck111: raises $3 to $6
ChawkDee: calls $3
*** FLOP *** [5c 7c Kd]
vestimokrec joins the table at seat #3
ChawkDee: checks
OnlyLuck111: bets $3
ChawkDee: calls $3
*** TURN *** [5c 7c Kd] [Qd]
ChawkDee: checks
OnlyLuck111: checks
*** RIVER *** [5c 7c Kd Qd] [Jh]
ChawkDee: checks
OnlyLuck111: bets $6
ChawkDee: folds
Uncalled bet ($6) returned to OnlyLuck111
OnlyLuck111 collected $17.64 from pot
*** SUMMARY ***
Total pot $18 | Rake $0.36
Board [5c 7c Kd Qd Jh]
Seat 1: ChawkDee (big blind) folded on the River
Seat 4: OnlyLuck111 (button) (small blind) collected ($17.64)


PokerStars Hand #175722803219:  Hold'em Limit ($3/$6 USD) - 2017/09/16 13:04:12 ET
Table 'Zelinda' 6-max Seat #1 is the button
Seat 1: ChawkDee ($81.27 in chips)
Seat 5: aleks_4ym ($152.42 in chips)
ChawkDee: posts small blind $1
aleks_4ym: posts big blind $3
*** HOLE CARDS ***
ChawkDee: folds
Uncalled bet ($2) returned to aleks_4ym
aleks_4ym collected $2 from pot
aleks_4ym: doesn't show hand
*** SUMMARY ***
Total pot $2 | Rake $0
Seat 1: ChawkDee (button) (small blind) folded before Flop
Seat 5: aleks_4ym (big blind) collected ($2)


PokerStars Hand #175722806860:  Hold'em Limit ($3/$6 USD) - 2017/09/16 13:04:17 ET
Table 'Zelinda' 6-max Seat #5 is the button
Seat 1: ChawkDee ($80.27 in chips)
Seat 5: aleks_4ym ($153.42 in chips)
aleks_4ym: posts small blind $1
ChawkDee: posts big blind $3
*** HOLE CARDS ***
aleks_4ym: raises $3 to $6
ChawkDee: calls $3
*** FLOP *** [6c Ac 3h]
ChawkDee: checks
aleks_4ym: bets $3
ChawkDee: folds
Uncalled bet ($3) returned to aleks_4ym
SilaSoNi leaves the table
aleks_4ym collected $11.76 from pot
aleks_4ym: doesn't show hand
*** SUMMARY ***
Total pot $12 | Rake $0.24
Board [6c Ac 3h]
Seat 1: ChawkDee (big blind) folded on the Flop
Seat 5: aleks_4ym (button) (small blind) collected ($11.76)


PokerStars Hand #175731171578:  Hold'em Limit ($3/$6 USD) - 2017/09/16 16:06:05 ET
Table 'Zelinda' 6-max Seat #3 is the button
Seat 3: maik150371 ($148.26 in chips)
Seat 4: B_loJkl ($98.23 in chips)
maik150371: posts small blind $1
B_loJkl: posts big blind $3
*** HOLE CARDS ***
maik150371: folds
Uncalled bet ($2) returned to B_loJkl
B_loJkl collected $2 from pot
B_loJkl: doesn't show hand
*** SUMMARY ***
Total pot $2 | Rake $0
Seat 3: maik150371 (button) (small blind) folded before Flop
Seat 4: B_loJkl (big blind) collected ($2)


PokerStars Hand #175731163790:  Hold'em Limit ($3/$6 USD) - 2017/09/16 16:05:56 ET
Table 'Zelinda' 6-max Seat #4 is the button
Seat 3: maik150371 ($147.26 in chips)
Seat 4: B_loJkl ($99.23 in chips)
B_loJkl: posts small blind $1
maik150371: posts big blind $3
*** HOLE CARDS ***
perryn863 joins the table at seat #2
B_loJkl: folds
Uncalled bet ($2) returned to maik150371
vestimokrec joins the table at seat #6
maik150371 collected $2 from pot
*** SUMMARY ***
Total pot $2 | Rake $0
Seat 3: maik150371 (big blind) collected ($2)
Seat 4: B_loJkl (button) (small blind) folded before Flop


PokerStars Hand #175738074479:  Hold'em Limit ($3/$6 USD) - 2017/09/16 18:34:16 ET
Table 'Zelinda' 6-max Seat #5 is the button
Seat 1: LEG252 ($175.69 in chips)
Seat 5: SEQUOIA2012 ($398.56 in chips)
vestimokrec will be allowed to play after the button
B_loJkl will be allowed to play after the button
SEQUOIA2012: posts small blind $1
LEG252: posts big blind $3
*** HOLE CARDS ***
SEQUOIA2012: raises $3 to $6
andorri leaves the table
LEG252: calls $3
*** FLOP *** [6c Jd 4h]
LEG252: bets $3
SEQUOIA2012: calls $3
*** TURN *** [6c Jd 4h] [8d]
LEG252: bets $6
SEQUOIA2012: calls $6
*** RIVER *** [6c Jd 4h 8d] [As]
LEG252: checks
SEQUOIA2012: bets $6
LEG252: calls $6
*** SHOW DOWN ***
SEQUOIA2012: shows [5s Ad] (a pair of Aces)
LEG252: mucks hand
SEQUOIA2012 collected $41.50 from pot
*** SUMMARY ***
Total pot $42 | Rake $0.50
Board [6c Jd 4h 8d As]
Seat 1: LEG252 (big blind) mucked
Seat 5: SEQUOIA2012 (button) (small blind) showed [5s Ad] and won ($41.50) with a pair of Aces


