PokerStars Hand #156892387339:  Hold'em Limit ($3/$6 USD) - 2016/08/05 9:31:57 ET
Table 'Zelima' 6-max Seat #4 is the button
Seat 1: ChipsOrre ($143.50 in chips)
Seat 4: Agrotait ($72 in chips)
Agrotait: posts small blind $1
ChipsOrre: posts big blind $3
*** HOLE CARDS ***
Agrotait: raises $3 to $6
ChipsOrre: calls $3
*** FLOP *** [8d 7d Ks]
ChipsOrre: checks
Agrotait: bets $3
ChipsOrre: calls $3
*** TURN *** [8d 7d Ks] [7c]
ChipsOrre: checks
Agrotait: bets $6
ChipsOrre: folds
Uncalled bet ($6) returned to Agrotait
Agrotait collected $17.64 from pot
Agrotait: doesn't show hand
*** SUMMARY ***
Total pot $18 | Rake $0.36
Board [8d 7d Ks 7c]
Seat 1: ChipsOrre (big blind) folded on the Turn
Seat 4: Agrotait (button) (small blind) collected ($17.64)


PokerStars Hand #156892403607:  Hold'em Limit ($3/$6 USD) - 2016/08/05 9:32:28 ET
Table 'Zelima' 6-max Seat #1 is the button
Seat 1: ChipsOrre ($134.50 in chips)
Seat 4: Agrotait ($80.64 in chips)
ChipsOrre: posts small blind $1
Agrotait: posts big blind $3
*** HOLE CARDS ***
asino222 joins the table at seat #5
ChipsOrre: raises $3 to $6
Agrotait: folds
Uncalled bet ($3) returned to ChipsOrre
ChipsOrre collected $6 from pot
ChipsOrre: doesn't show hand
*** SUMMARY ***
Total pot $6 | Rake $0
Seat 1: ChipsOrre (button) (small blind) collected ($6)
Seat 4: Agrotait (big blind) folded before Flop


PokerStars Hand #156892362725:  Hold'em Limit ($3/$6 USD) - 2016/08/05 9:31:10 ET
Table 'Zelima' 6-max Seat #1 is the button
Seat 1: ChipsOrre ($120 in chips)
Seat 4: Agrotait ($72 in chips)
ChipsOrre: posts small blind $1
Agrotait: posts big blind $3
*** HOLE CARDS ***
ChipsOrre: raises $3 to $6
Agrotait: raises $3 to $9
ChipsOrre: calls $3
*** FLOP *** [Jh Qd 3d]
Agrotait: bets $3
ChipsOrre: calls $3
*** TURN *** [Jh Qd 3d] [Td]
Agrotait: checks
ChipsOrre: bets $6
Agrotait: calls $6
*** RIVER *** [Jh Qd 3d Td] [Th]
Agrotait: checks
ChipsOrre: bets $6
Agrotait: calls $6
*** SHOW DOWN ***
ChipsOrre: shows [9h Jd] (two pair, Jacks and Tens)
Agrotait: mucks hand
ChipsOrre collected $47.50 from pot
*** SUMMARY ***
Total pot $48 | Rake $0.50
Board [Jh Qd 3d Td Th]
Seat 1: ChipsOrre (button) (small blind) showed [9h Jd] and won ($47.50) with two pair, Jacks and Tens
Seat 4: Agrotait (big blind) mucked


PokerStars Hand #156892466137:  Hold'em Limit ($3/$6 USD) - 2016/08/05 9:34:27 ET
Table 'Zelima' 6-max Seat #4 is the button
Seat 1: ChipsOrre ($167.67 in chips)
Seat 4: Agrotait ($82.39 in chips)
Agrotait: posts small blind $1
ChipsOrre: posts big blind $3
*** HOLE CARDS ***
crash19867 joins the table at seat #2
Agrotait: raises $3 to $6
ChipsOrre: folds
Uncalled bet ($3) returned to Agrotait
Agrotait collected $6 from pot
Agrotait: doesn't show hand
*** SUMMARY ***
Total pot $6 | Rake $0
Seat 1: ChipsOrre (big blind) folded before Flop
Seat 4: Agrotait (button) (small blind) collected ($6)


PokerStars Hand #156892456258:  Hold'em Limit ($3/$6 USD) - 2016/08/05 9:34:08 ET
Table 'Zelima' 6-max Seat #4 is the button
Seat 1: ChipsOrre ($167.67 in chips)
Seat 4: Agrotait ($82.39 in chips)
asino222 leaves the table
Agrotait: posts small blind $1
ChipsOrre: posts big blind $3
*** HOLE CARDS ***
Agrotait: raises $3 to $6
ChipsOrre: folds
Uncalled bet ($3) returned to Agrotait
Agrotait collected $6 from pot
Agrotait: doesn't show hand
*** SUMMARY ***
Total pot $6 | Rake $0
Seat 1: ChipsOrre (big blind) folded before Flop
Seat 4: Agrotait (button) (small blind) collected ($6)


PokerStars Hand #156892461298:  Hold'em Limit ($3/$6 USD) - 2016/08/05 9:34:18 ET
Table 'Zelima' 6-max Seat #1 is the button
Seat 1: ChipsOrre ($164.67 in chips)
Seat 4: Agrotait ($85.39 in chips)
ChipsOrre: posts small blind $1
Agrotait: posts big blind $3
*** HOLE CARDS ***
ChipsOrre: raises $3 to $6
Agrotait: folds
Uncalled bet ($3) returned to ChipsOrre
ChipsOrre collected $6 from pot
ChipsOrre: doesn't show hand
*** SUMMARY ***
Total pot $6 | Rake $0
Seat 1: ChipsOrre (button) (small blind) collected ($6)
Seat 4: Agrotait (big blind) folded before Flop


PokerStars Hand #156892611811:  Hold'em Limit ($3/$6 USD) - 2016/08/05 9:39:03 ET
Table 'Zelima' 6-max Seat #1 is the button
Seat 1: ChipsOrre ($159.94 in chips)
Seat 4: Agrotait ($75.92 in chips)
ChipsOrre: posts small blind $1
crash19867: is sitting out
Agrotait: posts big blind $3
*** HOLE CARDS ***
ChipsOrre: raises $3 to $6
crash19867 leaves the table
Agrotait: calls $3
*** FLOP *** [5s As 2s]
Agrotait: checks
ChipsOrre: bets $3
Agrotait: calls $3
*** TURN *** [5s As 2s] [6s]
Agrotait: checks
ChipsOrre: checks
*** RIVER *** [5s As 2s 6s] [5d]
Agrotait: checks
ChipsOrre: checks
*** SHOW DOWN ***
Agrotait: shows [6c Kd] (two pair, Sixes and Fives)
ChipsOrre: shows [Th Ad] (two pair, Aces and Fives)
ChipsOrre collected $17.64 from pot
*** SUMMARY ***
Total pot $18 | Rake $0.36
Board [5s As 2s 6s 5d]
Seat 1: ChipsOrre (button) (small blind) showed [Th Ad] and won ($17.64) with two pair, Aces and Fives
Seat 4: Agrotait (big blind) showed [6c Kd] and lost with two pair, Sixes and Fives


