PokerStars Hand #152604069657:  Hold'em Limit ($3/$6 USD) - 2016/04/29 7:55:19 ET
Table 'Zelia' 6-max Seat #4 is the button
Seat 1: asf5550 ($123.70 in chips)
Seat 4: Agrotait ($66 in chips)
Agrotait: posts small blind $1
asf5550: posts big blind $3
*** HOLE CARDS ***
Agrotait: folds
Uncalled bet ($2) returned to asf5550
asf5550 collected $2 from pot
asf5550: doesn't show hand
*** SUMMARY ***
Total pot $2 | Rake $0
Seat 1: asf5550 (big blind) collected ($2)
Seat 4: Agrotait (button) (small blind) folded before Flop


PokerStars Hand #152604056290:  Hold'em Limit ($3/$6 USD) - 2016/04/29 7:54:51 ET
Table 'Zelia' 6-max Seat #1 is the button
Seat 1: asf5550 ($117.94 in chips)
Seat 4: Agrotait ($72 in chips)
asf5550: posts small blind $1
Agrotait: posts big blind $3
*** HOLE CARDS ***
Great_Kang joins the table at seat #2
asf5550: calls $2
Ale4o joins the table at seat #3
Agrotait: raises $3 to $6
asf5550: calls $3
*** FLOP *** [2h 6h 5h]
Agrotait: checks
asf5550: bets $3
Agrotait: folds
Uncalled bet ($3) returned to asf5550
asf5550 collected $11.76 from pot
asf5550: doesn't show hand
*** SUMMARY ***
Total pot $12 | Rake $0.24
Board [2h 6h 5h]
Seat 1: asf5550 (button) (small blind) collected ($11.76)
Seat 4: Agrotait (big blind) folded on the Flop


PokerStars Hand #152604173320:  Hold'em Limit ($3/$6 USD) - 2016/04/29 7:59:17 ET
Table 'Zelia' 6-max Seat #3 is the button
Seat 2: Great_Kang ($173.83 in chips)
Seat 3: Ale4o ($106 in chips)
Ale4o: posts small blind $1
Great_Kang: posts big blind $3
*** HOLE CARDS ***
Ale4o: raises $3 to $6
Great_Kang: raises $3 to $9
Ale4o: calls $3
*** FLOP *** [3s Qc 2d]
Great_Kang: bets $3
Ale4o: calls $3
*** TURN *** [3s Qc 2d] [3d]
Great_Kang: checks
Ale4o: bets $6
Great_Kang: calls $6
*** RIVER *** [3s Qc 2d 3d] [Kc]
Great_Kang: checks
Ale4o: bets $6
Great_Kang: folds
Uncalled bet ($6) returned to Ale4o
Ale4o collected $35.50 from pot
Ale4o: doesn't show hand
*** SUMMARY ***
Total pot $36 | Rake $0.50
Board [3s Qc 2d 3d Kc]
Seat 2: Great_Kang (big blind) folded on the River
Seat 3: Ale4o (button) (small blind) collected ($35.50)


