PokerStars Hand #157588161441:  Hold'em Limit ($3/$6 USD) - 2016/08/22 5:41:06 ET
Table 'Zelima' 6-max Seat #1 is the button
Seat 1: ECP1955 ($116 in chips)
Seat 2: krossguard ($124 in chips)
ECP1955: posts small blind $1
krossguard: posts big blind $3
*** HOLE CARDS ***
ECP1955: folds
Uncalled bet ($2) returned to krossguard
krossguard collected $2 from pot
krossguard: doesn't show hand
*** SUMMARY ***
Total pot $2 | Rake $0
Seat 1: ECP1955 (button) (small blind) folded before Flop
Seat 2: krossguard (big blind) collected ($2)


PokerStars Hand #157588158767:  Hold'em Limit ($3/$6 USD) - 2016/08/22 5:40:59 ET
Table 'Zelima' 6-max Seat #2 is the button
Seat 1: ECP1955 ($119 in chips)
Seat 2: krossguard ($121 in chips)
krossguard: posts small blind $1
ECP1955: posts big blind $3
*** HOLE CARDS ***
krossguard: raises $3 to $6
ECP1955: folds
Uncalled bet ($3) returned to krossguard
krossguard collected $6 from pot
krossguard: doesn't show hand
*** SUMMARY ***
Total pot $6 | Rake $0
Seat 1: ECP1955 (big blind) folded before Flop
Seat 2: krossguard (button) (small blind) collected ($6)


PokerStars Hand #157588154223:  Hold'em Limit ($3/$6 USD) - 2016/08/22 5:40:46 ET
Table 'Zelima' 6-max Seat #1 is the button
Seat 1: ECP1955 ($120 in chips)
Seat 2: krossguard ($120 in chips)
ECP1955: posts small blind $1
krossguard: posts big blind $3
*** HOLE CARDS ***
ECP1955: folds
Uncalled bet ($2) returned to krossguard
krossguard collected $2 from pot
krossguard: doesn't show hand
*** SUMMARY ***
Total pot $2 | Rake $0
Seat 1: ECP1955 (button) (small blind) folded before Flop
Seat 2: krossguard (big blind) collected ($2)


PokerStars Hand #157588175068:  Hold'em Limit ($3/$6 USD) - 2016/08/22 5:41:45 ET
Table 'Zelima' 6-max Seat #1 is the button
Seat 1: ECP1955 ($114.75 in chips)
Seat 2: krossguard ($124.75 in chips)
ECP1955: posts small blind $1
krossguard: posts big blind $3
*** HOLE CARDS ***
ECP1955: folds
Uncalled bet ($2) returned to krossguard
krossguard collected $2 from pot
krossguard: doesn't show hand
jbauer55 joins the table at seat #3
*** SUMMARY ***
Total pot $2 | Rake $0
Seat 1: ECP1955 (button) (small blind) folded before Flop
Seat 2: krossguard (big blind) collected ($2)


PokerStars Hand #157588163759:  Hold'em Limit ($3/$6 USD) - 2016/08/22 5:41:13 ET
Table 'Zelima' 6-max Seat #2 is the button
Seat 1: ECP1955 ($115 in chips)
Seat 2: krossguard ($125 in chips)
krossguard: posts small blind $1
ECP1955: posts big blind $3
*** HOLE CARDS ***
krossguard: raises $3 to $6
ECP1955: calls $3
*** FLOP *** [2s 7s Th]
ECP1955: checks
krossguard: bets $3
ECP1955: calls $3
*** TURN *** [2s 7s Th] [7h]
ECP1955: checks
krossguard: bets $6
ECP1955: raises $6 to $12
krossguard: calls $6
*** RIVER *** [2s 7s Th 7h] [Ad]
ECP1955: checks
krossguard: checks
*** SHOW DOWN ***
ECP1955: shows [Qs Ts] (two pair, Tens and Sevens)
krossguard: shows [3h Td] (two pair, Tens and Sevens)
ECP1955 collected $20.75 from pot
krossguard collected $20.75 from pot
*** SUMMARY ***
Total pot $42 | Rake $0.50
Board [2s 7s Th 7h Ad]
Seat 1: ECP1955 (big blind) showed [Qs Ts] and won ($20.75) with two pair, Tens and Sevens
Seat 2: krossguard (button) (small blind) showed [3h Td] and won ($20.75) with two pair, Tens and Sevens


PokerStars Hand #157592277025:  Hold'em Limit ($3/$6 USD) - 2016/08/22 8:31:06 ET
Table 'Zelima' 6-max Seat #5 is the button
Seat 3: ABATAPP ($56.71 in chips)
Seat 5: louis.yhl ($105.42 in chips)
louis.yhl: posts small blind $1
ABATAPP: posts big blind $3
*** HOLE CARDS ***
louis.yhl: calls $2
ABATAPP: raises $3 to $6
louis.yhl: calls $3
*** FLOP *** [7s 8h Qh]
ABATAPP: bets $3
louis.yhl: raises $3 to $6
ABATAPP: calls $3
*** TURN *** [7s 8h Qh] [6d]
ABATAPP: checks
louis.yhl: bets $6
ABATAPP: calls $6
*** RIVER *** [7s 8h Qh 6d] [Ah]
ABATAPP: checks
louis.yhl: bets $6
ABATAPP: calls $6
*** SHOW DOWN ***
louis.yhl: shows [4h Kh] (a flush, Ace high)
ABATAPP: mucks hand
louis.yhl collected $47.50 from pot
*** SUMMARY ***
Total pot $48 | Rake $0.50
Board [7s 8h Qh 6d Ah]
Seat 3: ABATAPP (big blind) mucked
Seat 5: louis.yhl (button) (small blind) showed [4h Kh] and won ($47.50) with a flush, Ace high


PokerStars Hand #157592261451:  Hold'em Limit ($3/$6 USD) - 2016/08/22 8:30:33 ET
Table 'Zelima' 6-max Seat #5 is the button
Seat 3: ABATAPP ($68.71 in chips)
Seat 5: louis.yhl ($93.90 in chips)
louis.yhl: posts small blind $1
FinDeSiecle: is sitting out
ABATAPP: posts big blind $3
*** HOLE CARDS ***
louis.yhl: calls $2
ABATAPP: checks
*** FLOP *** [5d 3c 6h]
ABATAPP: checks
louis.yhl: bets $3
FinDeSiecle leaves the table
ABATAPP: calls $3
*** TURN *** [5d 3c 6h] [7h]
ABATAPP: checks
louis.yhl: bets $6
ABATAPP: folds
Uncalled bet ($6) returned to louis.yhl
louis.yhl collected $11.76 from pot
louis.yhl: doesn't show hand
*** SUMMARY ***
Total pot $12 | Rake $0.24
Board [5d 3c 6h 7h]
Seat 3: ABATAPP (big blind) folded on the Turn
Seat 5: louis.yhl (button) (small blind) collected ($11.76)


PokerStars Hand #157592271614:  Hold'em Limit ($3/$6 USD) - 2016/08/22 8:30:54 ET
Table 'Zelima' 6-max Seat #3 is the button
Seat 3: ABATAPP ($62.71 in chips)
Seat 5: louis.yhl ($99.66 in chips)
ABATAPP: posts small blind $1
louis.yhl: posts big blind $3
*** HOLE CARDS ***
ABATAPP: raises $3 to $6
louis.yhl: calls $3
*** FLOP *** [4h 9s 8c]
louis.yhl: bets $3
ABATAPP: folds
Uncalled bet ($3) returned to louis.yhl
louis.yhl collected $11.76 from pot
louis.yhl: doesn't show hand
*** SUMMARY ***
Total pot $12 | Rake $0.24
Board [4h 9s 8c]
Seat 3: ABATAPP (button) (small blind) folded on the Flop
Seat 5: louis.yhl (big blind) collected ($11.76)


PokerStars Hand #157592288308:  Hold'em Limit ($3/$6 USD) - 2016/08/22 8:31:30 ET
Table 'Zelima' 6-max Seat #3 is the button
Seat 3: ABATAPP ($32.71 in chips)
Seat 5: louis.yhl ($128.92 in chips)
ABATAPP: posts small blind $1
louis.yhl: posts big blind $3
*** HOLE CARDS ***
ABATAPP: raises $3 to $6
louis.yhl: calls $3
*** FLOP *** [4c 9c 9s]
louis.yhl: checks
ABATAPP: bets $3
louis.yhl: calls $3
*** TURN *** [4c 9c 9s] [Ad]
louis.yhl: checks
ABATAPP: bets $6
louis.yhl: calls $6
*** RIVER *** [4c 9c 9s Ad] [Ts]
louis.yhl: checks
ABATAPP: checks
*** SHOW DOWN ***
louis.yhl: shows [3h 4d] (two pair, Nines and Fours)
ABATAPP: mucks hand
louis.yhl collected $29.50 from pot
*** SUMMARY ***
Total pot $30 | Rake $0.50
Board [4c 9c 9s Ad Ts]
Seat 3: ABATAPP (button) (small blind) mucked
Seat 5: louis.yhl (big blind) showed [3h 4d] and won ($29.50) with two pair, Nines and Fours


PokerStars Hand #157592303526:  Hold'em Limit ($3/$6 USD) - 2016/08/22 8:32:02 ET
Table 'Zelima' 6-max Seat #3 is the button
Seat 3: ABATAPP ($78.71 in chips)
Seat 5: louis.yhl ($142.42 in chips)
ABATAPP: posts small blind $1
louis.yhl: posts big blind $3
*** HOLE CARDS ***
ABATAPP: raises $3 to $6
louis.yhl: calls $3
*** FLOP *** [Qc Qh Tc]
louis.yhl: checks
ABATAPP: bets $3
louis.yhl: folds
Uncalled bet ($3) returned to ABATAPP
ABATAPP collected $11.76 from pot
ABATAPP: doesn't show hand
*** SUMMARY ***
Total pot $12 | Rake $0.24
Board [Qc Qh Tc]
Seat 3: ABATAPP (button) (small blind) collected ($11.76)
Seat 5: louis.yhl (big blind) folded on the Flop


PokerStars Hand #157592310725:  Hold'em Limit ($3/$6 USD) - 2016/08/22 8:32:18 ET
Table 'Zelima' 6-max Seat #5 is the button
Seat 3: ABATAPP ($84.47 in chips)
Seat 5: louis.yhl ($136.42 in chips)
louis.yhl: posts small blind $1
ABATAPP: posts big blind $3
*** HOLE CARDS ***
louis.yhl: calls $2
ABATAPP: raises $3 to $6
louis.yhl: calls $3
*** FLOP *** [Ks Td 4c]
ABATAPP: bets $3
louis.yhl: raises $3 to $6
ABATAPP: folds
Uncalled bet ($3) returned to louis.yhl
louis.yhl collected $17.64 from pot
louis.yhl: doesn't show hand
*** SUMMARY ***
Total pot $18 | Rake $0.36
Board [Ks Td 4c]
Seat 3: ABATAPP (big blind) folded on the Flop
Seat 5: louis.yhl (button) (small blind) collected ($17.64)


PokerStars Hand #157592317993:  Hold'em Limit ($3/$6 USD) - 2016/08/22 8:32:33 ET
Table 'Zelima' 6-max Seat #3 is the button
Seat 3: ABATAPP ($75.47 in chips)
Seat 5: louis.yhl ($145.06 in chips)
ABATAPP: posts small blind $1
louis.yhl: posts big blind $3
*** HOLE CARDS ***
ABATAPP: raises $3 to $6
louis.yhl: raises $3 to $9
ABATAPP: calls $3
*** FLOP *** [7h Js 7c]
louis.yhl: bets $3
ABATAPP: calls $3
*** TURN *** [7h Js 7c] [6d]
louis.yhl: bets $6
ABATAPP: folds
Uncalled bet ($6) returned to louis.yhl
louis.yhl collected $23.52 from pot
louis.yhl: doesn't show hand
*** SUMMARY ***
Total pot $24 | Rake $0.48
Board [7h Js 7c 6d]
Seat 3: ABATAPP (button) (small blind) folded on the Turn
Seat 5: louis.yhl (big blind) collected ($23.52)


PokerStars Hand #157592300536:  Hold'em Limit ($3/$6 USD) - 2016/08/22 8:31:56 ET
Table 'Zelima' 6-max Seat #5 is the button
Seat 3: ABATAPP ($77.71 in chips)
Seat 5: louis.yhl ($143.42 in chips)
louis.yhl: posts small blind $1
ABATAPP: posts big blind $3
*** HOLE CARDS ***
louis.yhl: folds
Uncalled bet ($2) returned to ABATAPP
ABATAPP collected $2 from pot
ABATAPP: doesn't show hand
*** SUMMARY ***
Total pot $2 | Rake $0
Seat 3: ABATAPP (big blind) collected ($2)
Seat 5: louis.yhl (button) (small blind) folded before Flop


PokerStars Hand #157592338817:  Hold'em Limit ($3/$6 USD) - 2016/08/22 8:33:17 ET
Table 'Zelima' 6-max Seat #5 is the button
Seat 3: ABATAPP ($58.47 in chips)
Seat 5: louis.yhl ($161.34 in chips)
louis.yhl: posts small blind $1
ABATAPP: posts big blind $3
*** HOLE CARDS ***
louis.yhl: folds
Uncalled bet ($2) returned to ABATAPP
ABATAPP collected $2 from pot
ABATAPP: doesn't show hand
*** SUMMARY ***
Total pot $2 | Rake $0
Seat 3: ABATAPP (big blind) collected ($2)
Seat 5: louis.yhl (button) (small blind) folded before Flop


PokerStars Hand #157592342589:  Hold'em Limit ($3/$6 USD) - 2016/08/22 8:33:25 ET
Table 'Zelima' 6-max Seat #3 is the button
Seat 3: ABATAPP ($59.47 in chips)
Seat 5: louis.yhl ($160.34 in chips)
ABATAPP: posts small blind $1
louis.yhl: posts big blind $3
*** HOLE CARDS ***
ABATAPP: raises $3 to $6
louis.yhl: folds
Uncalled bet ($3) returned to ABATAPP
ABATAPP collected $6 from pot
ABATAPP: doesn't show hand
*** SUMMARY ***
Total pot $6 | Rake $0
Seat 3: ABATAPP (button) (small blind) collected ($6)
Seat 5: louis.yhl (big blind) folded before Flop


PokerStars Hand #157592345851:  Hold'em Limit ($3/$6 USD) - 2016/08/22 8:33:32 ET
Table 'Zelima' 6-max Seat #5 is the button
Seat 3: ABATAPP ($62.47 in chips)
Seat 5: louis.yhl ($157.34 in chips)
louis.yhl: posts small blind $1
ABATAPP: posts big blind $3
*** HOLE CARDS ***
louis.yhl: calls $2
ABATAPP: checks
*** FLOP *** [7d 9h Ad]
ABATAPP: checks
louis.yhl: bets $3
ABATAPP: folds
Uncalled bet ($3) returned to louis.yhl
louis.yhl collected $5.88 from pot
louis.yhl: doesn't show hand
*** SUMMARY ***
Total pot $6 | Rake $0.12
Board [7d 9h Ad]
Seat 3: ABATAPP (big blind) folded on the Flop
Seat 5: louis.yhl (button) (small blind) collected ($5.88)


PokerStars Hand #157592336439:  Hold'em Limit ($3/$6 USD) - 2016/08/22 8:33:12 ET
Table 'Zelima' 6-max Seat #3 is the button
Seat 3: ABATAPP ($59.47 in chips)
Seat 5: louis.yhl ($160.34 in chips)
ABATAPP: posts small blind $1
louis.yhl: posts big blind $3
*** HOLE CARDS ***
ABATAPP: folds
Uncalled bet ($2) returned to louis.yhl
louis.yhl collected $2 from pot
louis.yhl: doesn't show hand
*** SUMMARY ***
Total pot $2 | Rake $0
Seat 3: ABATAPP (button) (small blind) folded before Flop
Seat 5: louis.yhl (big blind) collected ($2)


PokerStars Hand #157592327921:  Hold'em Limit ($3/$6 USD) - 2016/08/22 8:32:54 ET
Table 'Zelima' 6-max Seat #3 is the button
Seat 3: ABATAPP ($64.47 in chips)
Seat 5: louis.yhl ($155.58 in chips)
ABATAPP: posts small blind $1
louis.yhl: posts big blind $3
*** HOLE CARDS ***
ABATAPP: raises $3 to $6
louis.yhl: calls $3
*** FLOP *** [9d 7d Ah]
louis.yhl: bets $3
ABATAPP: folds
Uncalled bet ($3) returned to louis.yhl
louis.yhl collected $11.76 from pot
louis.yhl: doesn't show hand
*** SUMMARY ***
Total pot $12 | Rake $0.24
Board [9d 7d Ah]
Seat 3: ABATAPP (button) (small blind) folded on the Flop
Seat 5: louis.yhl (big blind) collected ($11.76)


PokerStars Hand #157592353679:  Hold'em Limit ($3/$6 USD) - 2016/08/22 8:33:48 ET
Table 'Zelima' 6-max Seat #3 is the button
Seat 3: ABATAPP ($59.47 in chips)
Seat 5: louis.yhl ($160.22 in chips)
ABATAPP: posts small blind $1
louis.yhl: posts big blind $3
*** HOLE CARDS ***
ABATAPP: raises $3 to $6
louis.yhl: folds
Uncalled bet ($3) returned to ABATAPP
ABATAPP collected $6 from pot
ABATAPP: doesn't show hand
*** SUMMARY ***
Total pot $6 | Rake $0
Seat 3: ABATAPP (button) (small blind) collected ($6)
Seat 5: louis.yhl (big blind) folded before Flop


PokerStars Hand #157592356863:  Hold'em Limit ($3/$6 USD) - 2016/08/22 8:33:55 ET
Table 'Zelima' 6-max Seat #5 is the button
Seat 3: ABATAPP ($62.47 in chips)
Seat 5: louis.yhl ($157.22 in chips)
louis.yhl: posts small blind $1
ABATAPP: posts big blind $3
*** HOLE CARDS ***
louis.yhl: folds
Uncalled bet ($2) returned to ABATAPP
ABATAPP collected $2 from pot
ABATAPP: doesn't show hand
*** SUMMARY ***
Total pot $2 | Rake $0
Seat 3: ABATAPP (big blind) collected ($2)
Seat 5: louis.yhl (button) (small blind) folded before Flop


PokerStars Hand #157592362304:  Hold'em Limit ($3/$6 USD) - 2016/08/22 8:34:06 ET
Table 'Zelima' 6-max Seat #5 is the button
Seat 3: ABATAPP ($66.47 in chips)
Seat 5: louis.yhl ($153.22 in chips)
louis.yhl: posts small blind $1
ABATAPP: posts big blind $3
*** HOLE CARDS ***
louis.yhl: folds
Uncalled bet ($2) returned to ABATAPP
ABATAPP collected $2 from pot
ABATAPP: doesn't show hand
*** SUMMARY ***
Total pot $2 | Rake $0
Seat 3: ABATAPP (big blind) collected ($2)
Seat 5: louis.yhl (button) (small blind) folded before Flop


PokerStars Hand #157592366370:  Hold'em Limit ($3/$6 USD) - 2016/08/22 8:34:15 ET
Table 'Zelima' 6-max Seat #3 is the button
Seat 3: ABATAPP ($67.47 in chips)
Seat 5: louis.yhl ($152.22 in chips)
ABATAPP: posts small blind $1
louis.yhl: posts big blind $3
*** HOLE CARDS ***
ABATAPP: raises $3 to $6
louis.yhl: raises $3 to $9
ABATAPP: folds
Uncalled bet ($3) returned to louis.yhl
louis.yhl collected $12 from pot
louis.yhl: doesn't show hand
*** SUMMARY ***
Total pot $12 | Rake $0
Seat 3: ABATAPP (button) (small blind) folded before Flop
Seat 5: louis.yhl (big blind) collected ($12)


PokerStars Hand #157592373636:  Hold'em Limit ($3/$6 USD) - 2016/08/22 8:34:30 ET
Table 'Zelima' 6-max Seat #3 is the button
Seat 3: ABATAPP ($62.47 in chips)
Seat 5: louis.yhl ($157.22 in chips)
ABATAPP: posts small blind $1
louis.yhl: posts big blind $3
*** HOLE CARDS ***
ABATAPP: folds
Uncalled bet ($2) returned to louis.yhl
louis.yhl collected $2 from pot
louis.yhl: doesn't show hand
*** SUMMARY ***
Total pot $2 | Rake $0
Seat 3: ABATAPP (button) (small blind) folded before Flop
Seat 5: louis.yhl (big blind) collected ($2)


PokerStars Hand #157592370617:  Hold'em Limit ($3/$6 USD) - 2016/08/22 8:34:24 ET
Table 'Zelima' 6-max Seat #5 is the button
Seat 3: ABATAPP ($61.47 in chips)
Seat 5: louis.yhl ($158.22 in chips)
louis.yhl: posts small blind $1
ABATAPP: posts big blind $3
*** HOLE CARDS ***
louis.yhl: folds
Uncalled bet ($2) returned to ABATAPP
ABATAPP collected $2 from pot
ABATAPP: doesn't show hand
*** SUMMARY ***
Total pot $2 | Rake $0
Seat 3: ABATAPP (big blind) collected ($2)
Seat 5: louis.yhl (button) (small blind) folded before Flop


PokerStars Hand #157592375959:  Hold'em Limit ($3/$6 USD) - 2016/08/22 8:34:35 ET
Table 'Zelima' 6-max Seat #5 is the button
Seat 3: ABATAPP ($61.47 in chips)
Seat 5: louis.yhl ($158.22 in chips)
louis.yhl: posts small blind $1
ABATAPP: posts big blind $3
*** HOLE CARDS ***
louis.yhl: calls $2
ABATAPP: checks
*** FLOP *** [3c 9s 3s]
ABATAPP: checks
louis.yhl: checks
*** TURN *** [3c 9s 3s] [9h]
ABATAPP: bets $6
louis.yhl: raises $6 to $12
ABATAPP: folds
Uncalled bet ($6) returned to louis.yhl
louis.yhl collected $17.64 from pot
louis.yhl: doesn't show hand
*** SUMMARY ***
Total pot $18 | Rake $0.36
Board [3c 9s 3s 9h]
Seat 3: ABATAPP (big blind) folded on the Turn
Seat 5: louis.yhl (button) (small blind) collected ($17.64)


PokerStars Hand #157592383820:  Hold'em Limit ($3/$6 USD) - 2016/08/22 8:34:52 ET
Table 'Zelima' 6-max Seat #3 is the button
Seat 3: ABATAPP ($52.47 in chips)
Seat 5: louis.yhl ($166.86 in chips)
ABATAPP: posts small blind $1
louis.yhl: posts big blind $3
*** HOLE CARDS ***
ABATAPP: raises $3 to $6
louis.yhl: raises $3 to $9
ABATAPP: calls $3
*** FLOP *** [Qh 8c 2s]
louis.yhl: bets $3
ABATAPP: calls $3
*** TURN *** [Qh 8c 2s] [4c]
louis.yhl: bets $6
ABATAPP: raises $6 to $12
louis.yhl: raises $6 to $18
ABATAPP: folds
Uncalled bet ($6) returned to louis.yhl
louis.yhl collected $47.50 from pot
louis.yhl: doesn't show hand
*** SUMMARY ***
Total pot $48 | Rake $0.50
Board [Qh 8c 2s 4c]
Seat 3: ABATAPP (button) (small blind) folded on the Turn
Seat 5: louis.yhl (big blind) collected ($47.50)


PokerStars Hand #157592393843:  Hold'em Limit ($3/$6 USD) - 2016/08/22 8:35:13 ET
Table 'Zelima' 6-max Seat #5 is the button
Seat 3: ABATAPP ($88.47 in chips)
Seat 5: louis.yhl ($190.36 in chips)
louis.yhl: posts small blind $1
ABATAPP: posts big blind $3
*** HOLE CARDS ***
louis.yhl: raises $3 to $6
ABATAPP: calls $3
*** FLOP *** [2d Kd 2c]
ABATAPP: checks
louis.yhl: bets $3
ABATAPP: folds
Uncalled bet ($3) returned to louis.yhl
louis.yhl collected $11.76 from pot
louis.yhl: doesn't show hand
*** SUMMARY ***
Total pot $12 | Rake $0.24
Board [2d Kd 2c]
Seat 3: ABATAPP (big blind) folded on the Flop
Seat 5: louis.yhl (button) (small blind) collected ($11.76)


PokerStars Hand #157592418399:  Hold'em Limit ($3/$6 USD) - 2016/08/22 8:36:04 ET
Table 'Zelima' 6-max Seat #3 is the button
Seat 3: ABATAPP ($92.11 in chips)
Seat 5: louis.yhl ($186.12 in chips)
ABATAPP: posts small blind $1
louis.yhl: posts big blind $3
*** HOLE CARDS ***
ABATAPP: raises $3 to $6
louis.yhl: raises $3 to $9
ABATAPP: raises $3 to $12
Betting is capped
louis.yhl: calls $3
*** FLOP *** [3s 4d 6d]
louis.yhl: checks
iskambil joins the table at seat #6
ABATAPP: checks
*** TURN *** [3s 4d 6d] [5d]
louis.yhl: checks
ABATAPP: bets $6
louis.yhl: calls $6
*** RIVER *** [3s 4d 6d 5d] [6s]
louis.yhl: checks
ABATAPP: bets $6
louis.yhl: calls $6
*** SHOW DOWN ***
ABATAPP: shows [Jh 8h] (a pair of Sixes)
louis.yhl: shows [Qc Qh] (two pair, Queens and Sixes)
louis.yhl collected $47.50 from pot
*** SUMMARY ***
Total pot $48 | Rake $0.50
Board [3s 4d 6d 5d 6s]
Seat 3: ABATAPP (button) (small blind) showed [Jh 8h] and lost with a pair of Sixes
Seat 5: louis.yhl (big blind) showed [Qc Qh] and won ($47.50) with two pair, Queens and Sixes


PokerStars Hand #157592401066:  Hold'em Limit ($3/$6 USD) - 2016/08/22 8:35:28 ET
Table 'Zelima' 6-max Seat #3 is the button
Seat 3: ABATAPP ($82.47 in chips)
Seat 5: louis.yhl ($196.12 in chips)
ABATAPP: posts small blind $1
louis.yhl: posts big blind $3
*** HOLE CARDS ***
ABATAPP: raises $3 to $6
louis.yhl: calls $3
*** FLOP *** [Td Qd Ad]
louis.yhl: checks
ABATAPP: bets $3
louis.yhl: calls $3
*** TURN *** [Td Qd Ad] [As]
louis.yhl: checks
ABATAPP: bets $6
louis.yhl: folds
Uncalled bet ($6) returned to ABATAPP
ABATAPP collected $17.64 from pot
ABATAPP: doesn't show hand
*** SUMMARY ***
Total pot $18 | Rake $0.36
Board [Td Qd Ad As]
Seat 3: ABATAPP (button) (small blind) collected ($17.64)
Seat 5: louis.yhl (big blind) folded on the Turn


PokerStars Hand #157592415545:  Hold'em Limit ($3/$6 USD) - 2016/08/22 8:35:58 ET
Table 'Zelima' 6-max Seat #5 is the button
Seat 3: ABATAPP ($91.11 in chips)
Seat 5: louis.yhl ($187.12 in chips)
louis.yhl: posts small blind $1
ABATAPP: posts big blind $3
*** HOLE CARDS ***
louis.yhl: folds
Uncalled bet ($2) returned to ABATAPP
ABATAPP collected $2 from pot
ABATAPP: doesn't show hand
*** SUMMARY ***
Total pot $2 | Rake $0
Seat 3: ABATAPP (big blind) collected ($2)
Seat 5: louis.yhl (button) (small blind) folded before Flop


