PokerStars Hand #150869139923:  Hold'em Limit ($3/$6 USD) - 2016/03/24 16:34:17 ET
Table 'Zelia III' 6-max Seat #2 is the button
Seat 1: doharo8029 ($47.34 in chips)
Seat 2: Zubasa07 ($493 in chips)
Zubasa07: posts small blind $1
doharo8029: posts big blind $3
*** HOLE CARDS ***
Zubasa07: raises $3 to $6
doharo8029: calls $3
*** FLOP *** [5c 4h 2c]
doharo8029: checks
GoliafUa joins the table at seat #4
Zubasa07: bets $3
doharo8029: calls $3
*** TURN *** [5c 4h 2c] [Td]
doharo8029: checks
Azrarn leaves the table
Zubasa07: bets $6
doharo8029: calls $6
*** RIVER *** [5c 4h 2c Td] [Qc]
doharo8029: checks
Zubasa07: bets $6
doharo8029: calls $6
*** SHOW DOWN ***
Zubasa07: shows [Kh Kd] (a pair of Kings)
doharo8029: mucks hand
Zubasa07 collected $41.50 from pot
*** SUMMARY ***
Total pot $42 | Rake $0.50
Board [5c 4h 2c Td Qc]
Seat 1: doharo8029 (big blind) mucked
Seat 2: Zubasa07 (button) (small blind) showed [Kh Kd] and won ($41.50) with a pair of Kings


PokerStars Hand #150869135489:  Hold'em Limit ($3/$6 USD) - 2016/03/24 16:34:12 ET
Table 'Zelia III' 6-max Seat #1 is the button
Seat 1: doharo8029 ($48.34 in chips)
Seat 2: Zubasa07 ($492 in chips)
doharo8029: posts small blind $1
Zubasa07: posts big blind $3
*** HOLE CARDS ***
doharo8029: folds
Uncalled bet ($2) returned to Zubasa07
Zubasa07 collected $2 from pot
Zubasa07: doesn't show hand
*** SUMMARY ***
Total pot $2 | Rake $0
Seat 1: doharo8029 (button) (small blind) folded before Flop
Seat 2: Zubasa07 (big blind) collected ($2)


PokerStars Hand #150869110932:  Hold'em Limit ($3/$6 USD) - 2016/03/24 16:33:47 ET
Table 'Zelia III' 6-max Seat #2 is the button
Seat 1: doharo8029 ($39.70 in chips)
Seat 2: Zubasa07 ($501 in chips)
Zubasa07: posts small blind $1
doharo8029: posts big blind $3
*** HOLE CARDS ***
Zubasa07: raises $3 to $6
doharo8029: calls $3
*** FLOP *** [Ac Kh Td]
doharo8029: checks
Zubasa07: bets $3
doharo8029: raises $3 to $6
Zubasa07: folds
Uncalled bet ($3) returned to doharo8029
doharo8029 collected $17.64 from pot
doharo8029: doesn't show hand
*** SUMMARY ***
Total pot $18 | Rake $0.36
Board [Ac Kh Td]
Seat 1: doharo8029 (big blind) collected ($17.64)
Seat 2: Zubasa07 (button) (small blind) folded on the Flop


PokerStars Hand #150869103775:  Hold'em Limit ($3/$6 USD) - 2016/03/24 16:33:40 ET
Table 'Zelia III' 6-max Seat #1 is the button
Seat 1: doharo8029 ($40.70 in chips)
Seat 2: Zubasa07 ($500 in chips)
doharo8029: posts small blind $1
Zubasa07: posts big blind $3
*** HOLE CARDS ***
doharo8029: folds
Uncalled bet ($2) returned to Zubasa07
Zubasa07 collected $2 from pot
Zubasa07: doesn't show hand
*** SUMMARY ***
Total pot $2 | Rake $0
Seat 1: doharo8029 (button) (small blind) folded before Flop
Seat 2: Zubasa07 (big blind) collected ($2)


PokerStars Hand #150869202317:  Hold'em Limit ($3/$6 USD) - 2016/03/24 16:35:19 ET
Table 'Zelia III' 6-max Seat #2 is the button
Seat 1: doharo8029 ($46.84 in chips)
Seat 2: Zubasa07 ($492.50 in chips)
Zubasa07: posts small blind $1
doharo8029: posts big blind $3
*** HOLE CARDS ***
Zubasa07: raises $3 to $6
doharo8029: folds
Uncalled bet ($3) returned to Zubasa07
Zubasa07 collected $6 from pot
Zubasa07: doesn't show hand
*** SUMMARY ***
Total pot $6 | Rake $0
Seat 1: doharo8029 (big blind) folded before Flop
Seat 2: Zubasa07 (button) (small blind) collected ($6)


PokerStars Hand #150869160637:  Hold'em Limit ($3/$6 USD) - 2016/03/24 16:34:37 ET
Table 'Zelia III' 6-max Seat #1 is the button
Seat 1: doharo8029 ($26.34 in chips)
Seat 2: Zubasa07 ($513.50 in chips)
doharo8029: posts small blind $1
Zubasa07: posts big blind $3
*** HOLE CARDS ***
doharo8029: raises $3 to $6
Zubasa07: raises $3 to $9
doharo8029: raises $3 to $12
Betting is capped
Zubasa07: calls $3
*** FLOP *** [7s 5s 2s]
Zubasa07: checks
doharo8029: bets $3
Zubasa07: calls $3
*** TURN *** [7s 5s 2s] [Jc]
Zubasa07: checks
doharo8029: bets $6
Zubasa07: calls $6
*** RIVER *** [7s 5s 2s Jc] [3d]
Zubasa07: checks
doharo8029: bets $5.34 and is all-in
Zubasa07: folds
Uncalled bet ($5.34) returned to doharo8029
doharo8029 collected $41.50 from pot
doharo8029: doesn't show hand
*** SUMMARY ***
Total pot $42 | Rake $0.50
Board [7s 5s 2s Jc 3d]
Seat 1: doharo8029 (button) (small blind) collected ($41.50)
Seat 2: Zubasa07 (big blind) folded on the River


PokerStars Hand #150869235217:  Hold'em Limit ($3/$6 USD) - 2016/03/24 16:35:52 ET
Table 'Zelia III' 6-max Seat #2 is the button
Seat 1: doharo8029 ($34.84 in chips)
Seat 2: Zubasa07 ($504.14 in chips)
Zubasa07: posts small blind $1
doharo8029: posts big blind $3
*** HOLE CARDS ***
Zubasa07: folds
Uncalled bet ($2) returned to doharo8029
doharo8029 collected $2 from pot
doharo8029: doesn't show hand
*** SUMMARY ***
Total pot $2 | Rake $0
Seat 1: doharo8029 (big blind) collected ($2)
Seat 2: Zubasa07 (button) (small blind) folded before Flop


PokerStars Hand #150869230771:  Hold'em Limit ($3/$6 USD) - 2016/03/24 16:35:48 ET
Table 'Zelia III' 6-max Seat #1 is the button
Seat 1: doharo8029 ($35.84 in chips)
Seat 2: Zubasa07 ($503.14 in chips)
doharo8029: posts small blind $1
Zubasa07: posts big blind $3
*** HOLE CARDS ***
doharo8029: folds
Uncalled bet ($2) returned to Zubasa07
Zubasa07 collected $2 from pot
Zubasa07: doesn't show hand
*** SUMMARY ***
Total pot $2 | Rake $0
Seat 1: doharo8029 (button) (small blind) folded before Flop
Seat 2: Zubasa07 (big blind) collected ($2)


PokerStars Hand #150869225539:  Hold'em Limit ($3/$6 USD) - 2016/03/24 16:35:42 ET
Table 'Zelia III' 6-max Seat #2 is the button
Seat 1: doharo8029 ($34.84 in chips)
Seat 2: Zubasa07 ($504.14 in chips)
Zubasa07: posts small blind $1
doharo8029: posts big blind $3
*** HOLE CARDS ***
Zubasa07: folds
Uncalled bet ($2) returned to doharo8029
doharo8029 collected $2 from pot
doharo8029: doesn't show hand
*** SUMMARY ***
Total pot $2 | Rake $0
Seat 1: doharo8029 (big blind) collected ($2)
Seat 2: Zubasa07 (button) (small blind) folded before Flop


PokerStars Hand #150869212205:  Hold'em Limit ($3/$6 USD) - 2016/03/24 16:35:29 ET
Table 'Zelia III' 6-max Seat #1 is the button
Seat 1: doharo8029 ($43.84 in chips)
Seat 2: Zubasa07 ($495.50 in chips)
doharo8029: posts small blind $1
Zubasa07: posts big blind $3
*** HOLE CARDS ***
doharo8029: raises $3 to $6
Zubasa07: raises $3 to $9
doharo8029: calls $3
*** FLOP *** [5s Ks Kd]
Zubasa07: bets $3
doharo8029: folds
Uncalled bet ($3) returned to Zubasa07
Zubasa07 collected $17.64 from pot
Zubasa07: doesn't show hand
*** SUMMARY ***
Total pot $18 | Rake $0.36
Board [5s Ks Kd]
Seat 1: doharo8029 (button) (small blind) folded on the Flop
Seat 2: Zubasa07 (big blind) collected ($17.64)


PokerStars Hand #150869240059:  Hold'em Limit ($3/$6 USD) - 2016/03/24 16:35:57 ET
Table 'Zelia III' 6-max Seat #1 is the button
Seat 1: doharo8029 ($35.84 in chips)
Seat 2: Zubasa07 ($503.14 in chips)
doharo8029: posts small blind $1
Zubasa07: posts big blind $3
*** HOLE CARDS ***
doharo8029: raises $3 to $6
Zubasa07: calls $3
*** FLOP *** [Th 7h 6h]
Zubasa07: checks
doharo8029: bets $3
Zubasa07: raises $3 to $6
doharo8029: raises $3 to $9
Zubasa07: raises $3 to $12
Betting is capped
doharo8029: calls $3
*** TURN *** [Th 7h 6h] [3s]
Zubasa07: bets $6
doharo8029: calls $6
*** RIVER *** [Th 7h 6h 3s] [Qh]
Zubasa07: checks
doharo8029: bets $6
Zubasa07: calls $6
*** SHOW DOWN ***
doharo8029: shows [7s Kh] (a flush, King high)
Zubasa07: mucks hand
doharo8029 collected $59.50 from pot
*** SUMMARY ***
Total pot $60 | Rake $0.50
Board [Th 7h 6h 3s Qh]
Seat 1: doharo8029 (button) (small blind) showed [7s Kh] and won ($59.50) with a flush, King high
Seat 2: Zubasa07 (big blind) mucked


