PokerStars Hand #175942847882:  Hold'em Limit ($3/$6 USD) - 2017/09/21 15:22:47 ET
Table 'Zelinda' 6-max Seat #3 is the button
Seat 3: sadamilli ($47.35 in chips)
Seat 4: Actionni13 ($185 in chips)
sadamilli: posts small blind $1
Actionni13: posts big blind $3
*** HOLE CARDS ***
sadamilli: raises $3 to $6
sadamilli said, "random"
sadamilli said, "this site"
Actionni13: calls $3
*** FLOP *** [2c 6h 8s]
sadamilli said, "its totally random"
Actionni13: checks
sadamilli: checks
*** TURN *** [2c 6h 8s] [8h]
Actionni13: checks
sadamilli: checks
*** RIVER *** [2c 6h 8s 8h] [3s]
Actionni13: checks
sadamilli said, "im not ****ing rigged to lose"
sadamilli: checks
*** SHOW DOWN ***
Actionni13: shows [As 5d] (a pair of Eights)
sadamilli: mucks hand
Actionni13 collected $11.76 from pot
*** SUMMARY ***
Total pot $12 | Rake $0.24
Board [2c 6h 8s 8h 3s]
Seat 3: sadamilli (button) (small blind) mucked
Seat 4: Actionni13 (big blind) showed [As 5d] and won ($11.76) with a pair of Eights


PokerStars Hand #175942831788:  Hold'em Limit ($3/$6 USD) - 2017/09/21 15:22:27 ET
Table 'Zelinda' 6-max Seat #4 is the button
Seat 3: sadamilli ($65.35 in chips)
Seat 4: Actionni13 ($167.50 in chips)
Actionni13: posts small blind $1
sadamilli: posts big blind $3
*** HOLE CARDS ***
Actionni13: raises $3 to $6
sadamilli: raises $3 to $9
Actionni13: calls $3
*** FLOP *** [5h 7h 2h]
sadamilli: bets $3
Actionni13: calls $3
*** TURN *** [5h 7h 2h] [8s]
sadamilli: bets $6
Actionni13: calls $6
*** RIVER *** [5h 7h 2h 8s] [Kc]
sadamilli: checks
Actionni13: checks
*** SHOW DOWN ***
sadamilli: shows [Jc 9c] (high card King)
Actionni13: shows [4s As] (high card Ace)
Actionni13 collected $35.50 from pot
*** SUMMARY ***
Total pot $36 | Rake $0.50
Board [5h 7h 2h 8s Kc]
Seat 3: sadamilli (big blind) showed [Jc 9c] and lost with high card King
Seat 4: Actionni13 (button) (small blind) showed [4s As] and won ($35.50) with high card Ace


PokerStars Hand #175942891950:  Hold'em Limit ($3/$6 USD) - 2017/09/21 15:23:36 ET
Table 'Zelinda' 6-max Seat #4 is the button
Seat 3: sadamilli ($37.35 in chips)
Seat 4: Actionni13 ($194.76 in chips)
Actionni13: posts small blind $1
sadamilli: posts big blind $3
*** HOLE CARDS ***
Actionni13: raises $3 to $6
sadamilli said, "and never ose"
sadamilli: raises $3 to $9
Actionni13: calls $3
*** FLOP *** [4d 6c 4s]
sadamilli: bets $3
Actionni13: calls $3
*** TURN *** [4d 6c 4s] [7c]
sadamilli: bets $6
Actionni13: calls $6
*** RIVER *** [4d 6c 4s 7c] [2c]
sadamilli said, "j4"
sadamilli: bets $6
Actionni13: folds
Uncalled bet ($6) returned to sadamilli
sadamilli collected $35.50 from pot
sadamilli: doesn't show hand
*** SUMMARY ***
Total pot $36 | Rake $0.50
Board [4d 6c 4s 7c 2c]
Seat 3: sadamilli (big blind) collected ($35.50)
Seat 4: Actionni13 (button) (small blind) folded on the River


PokerStars Hand #175942884784:  Hold'em Limit ($3/$6 USD) - 2017/09/21 15:23:28 ET
Table 'Zelinda' 6-max Seat #3 is the button
Seat 3: sadamilli ($38.35 in chips)
Seat 4: Actionni13 ($193.76 in chips)
sadamilli: posts small blind $1
Actionni13: posts big blind $3
*** HOLE CARDS ***
sadamilli said, "every hand A :D:D:D:D::D:D::D:D"
sadamilli: folds
Uncalled bet ($2) returned to Actionni13
Actionni13 collected $2 from pot
Actionni13: doesn't show hand
*** SUMMARY ***
Total pot $2 | Rake $0
Seat 3: sadamilli (button) (small blind) folded before Flop
Seat 4: Actionni13 (big blind) collected ($2)


PokerStars Hand #175942878655:  Hold'em Limit ($3/$6 USD) - 2017/09/21 15:23:22 ET
Table 'Zelinda' 6-max Seat #4 is the button
Seat 3: sadamilli ($41.35 in chips)
Seat 4: Actionni13 ($190.76 in chips)
Actionni13: posts small blind $1
sadamilli: posts big blind $3
*** HOLE CARDS ***
Actionni13: raises $3 to $6
sadamilli: folds
Uncalled bet ($3) returned to Actionni13
Actionni13 collected $6 from pot
Actionni13: doesn't show hand
*** SUMMARY ***
Total pot $6 | Rake $0
Seat 3: sadamilli (big blind) folded before Flop
Seat 4: Actionni13 (button) (small blind) collected ($6)


PokerStars Hand #175942965060:  Hold'em Limit ($3/$6 USD) - 2017/09/21 15:24:52 ET
Table 'Zelinda' 6-max Seat #4 is the button
Seat 3: sadamilli ($53.35 in chips)
Seat 4: Actionni13 ($177.26 in chips)
Actionni13: posts small blind $1
sadamilli: posts big blind $3
*** HOLE CARDS ***
Actionni13: raises $3 to $6
sadamilli: raises $3 to $9
Actionni13: raises $3 to $12
Betting is capped
sadamilli: calls $3
*** FLOP *** [Tc 7d Kd]
sadamilli: bets $3
Actionni13: raises $3 to $6
sadamilli: calls $3
*** TURN *** [Tc 7d Kd] [Ad]
sadamilli: checks
Actionni13: bets $6
sadamilli: calls $6
*** RIVER *** [Tc 7d Kd Ad] [Ac]
sadamilli: checks
Actionni13: bets $6
sadamilli: calls $6
*** SHOW DOWN ***
Actionni13: shows [Td Ts] (a full house, Tens full of Aces)
sadamilli: mucks hand
Actionni13 collected $59.50 from pot
sadamilli leaves the table
*** SUMMARY ***
Total pot $60 | Rake $0.50
Board [Tc 7d Kd Ad Ac]
Seat 3: sadamilli (big blind) mucked
Seat 4: Actionni13 (button) (small blind) showed [Td Ts] and won ($59.50) with a full house, Tens full of Aces


PokerStars Hand #175942960590:  Hold'em Limit ($3/$6 USD) - 2017/09/21 15:24:47 ET
Table 'Zelinda' 6-max Seat #3 is the button
Seat 3: sadamilli ($54.35 in chips)
Seat 4: Actionni13 ($176.26 in chips)
sadamilli: posts small blind $1
Actionni13: posts big blind $3
*** HOLE CARDS ***
sadamilli: folds
Uncalled bet ($2) returned to Actionni13
Actionni13 collected $2 from pot
Actionni13: doesn't show hand
*** SUMMARY ***
Total pot $2 | Rake $0
Seat 3: sadamilli (button) (small blind) folded before Flop
Seat 4: Actionni13 (big blind) collected ($2)


PokerStars Hand #175942941841:  Hold'em Limit ($3/$6 USD) - 2017/09/21 15:24:28 ET
Table 'Zelinda' 6-max Seat #4 is the button
Seat 3: sadamilli ($39.85 in chips)
Seat 4: Actionni13 ($191.26 in chips)
Actionni13: posts small blind $1
sadamilli: posts big blind $3
*** HOLE CARDS ***
Actionni13: raises $3 to $6
sadamilli: calls $3
*** FLOP *** [9s Kc 2h]
sadamilli: checks
Actionni13: bets $3
sadamilli: calls $3
*** TURN *** [9s Kc 2h] [4s]
sadamilli: checks
Actionni13: checks
*** RIVER *** [9s Kc 2h 4s] [Ah]
sadamilli: bets $6
Actionni13: calls $6
*** SHOW DOWN ***
sadamilli: shows [9d 5d] (a pair of Nines)
Actionni13: mucks hand
sadamilli collected $29.50 from pot
*** SUMMARY ***
Total pot $30 | Rake $0.50
Board [9s Kc 2h 4s Ah]
Seat 3: sadamilli (big blind) showed [9d 5d] and won ($29.50) with a pair of Nines
Seat 4: Actionni13 (button) (small blind) mucked


PokerStars Hand #175942919379:  Hold'em Limit ($3/$6 USD) - 2017/09/21 15:24:05 ET
Table 'Zelinda' 6-max Seat #3 is the button
Seat 3: sadamilli ($54.85 in chips)
Seat 4: Actionni13 ($176.76 in chips)
sadamilli: posts small blind $1
Actionni13: posts big blind $3
*** HOLE CARDS ***
sadamilli: raises $3 to $6
Actionni13: calls $3
*** FLOP *** [4c 7c 3s]
Actionni13: bets $3
sadamilli: calls $3
*** TURN *** [4c 7c 3s] [2s]
Actionni13: bets $6
sadamilli: calls $6
*** RIVER *** [4c 7c 3s 2s] [6c]
Actionni13: bets $6
sadamilli: folds
Uncalled bet ($6) returned to Actionni13
Actionni13 collected $29.50 from pot
Actionni13: doesn't show hand
*** SUMMARY ***
Total pot $30 | Rake $0.50
Board [4c 7c 3s 2s 6c]
Seat 3: sadamilli (button) (small blind) folded on the River
Seat 4: Actionni13 (big blind) collected ($29.50)


