PokerStars Hand #145950987443:  Hold'em Limit ($3/$6 USD) - 2015/12/26 11:58:23 ET
Table 'Zellner' 6-max Seat #6 is the button
Seat 1: TbIP-TbIP 88 ($72 in chips)
Seat 6: conkris ($120 in chips)
conkris: posts small blind $1
TbIP-TbIP 88: posts big blind $3
*** HOLE CARDS ***
conkris: raises $3 to $6
TbIP-TbIP 88: folds
Uncalled bet ($3) returned to conkris
conkris collected $6 from pot
conkris: doesn't show hand
*** SUMMARY ***
Total pot $6 | Rake $0
Seat 1: TbIP-TbIP 88 (big blind) folded before Flop
Seat 6: conkris (button) (small blind) collected ($6)


PokerStars Hand #145951032162:  Hold'em Limit ($3/$6 USD) - 2015/12/26 11:59:28 ET
Table 'Zellner' 6-max Seat #1 is the button
Seat 1: TbIP-TbIP 88 ($72 in chips)
Seat 6: conkris ($137.40 in chips)
TbIP-TbIP 88: posts small blind $1
conkris: posts big blind $3
*** HOLE CARDS ***
TbIP-TbIP 88: folds
Uncalled bet ($2) returned to conkris
conkris collected $2 from pot
conkris: doesn't show hand
*** SUMMARY ***
Total pot $2 | Rake $0
Seat 1: TbIP-TbIP 88 (button) (small blind) folded before Flop
Seat 6: conkris (big blind) collected ($2)


PokerStars Hand #145951025463:  Hold'em Limit ($3/$6 USD) - 2015/12/26 11:59:18 ET
Table 'Zellner' 6-max Seat #6 is the button
Seat 1: TbIP-TbIP 88 ($72 in chips)
Seat 6: conkris ($131.64 in chips)
conkris: posts small blind $1
TbIP-TbIP 88: posts big blind $3
*** HOLE CARDS ***
conkris: raises $3 to $6
TbIP-TbIP 88: calls $3
*** FLOP *** [Qd Kd 8h]
TbIP-TbIP 88: checks
conkris: bets $3
TbIP-TbIP 88: folds
Uncalled bet ($3) returned to conkris
conkris collected $11.76 from pot
conkris: doesn't show hand
*** SUMMARY ***
Total pot $12 | Rake $0.24
Board [Qd Kd 8h]
Seat 1: TbIP-TbIP 88 (big blind) folded on the Flop
Seat 6: conkris (button) (small blind) collected ($11.76)


PokerStars Hand #145951002392:  Hold'em Limit ($3/$6 USD) - 2015/12/26 11:58:45 ET
Table 'Zellner' 6-max Seat #1 is the button
Seat 1: TbIP-TbIP 88 ($72 in chips)
Seat 6: conkris ($123 in chips)
TbIP-TbIP 88: posts small blind $1
conkris: posts big blind $3
*** HOLE CARDS ***
TbIP-TbIP 88: raises $3 to $6
conkris: raises $3 to $9
TbIP-TbIP 88: calls $3
*** FLOP *** [8c 5s Kh]
conkris: bets $3
TbIP-TbIP 88: folds
Uncalled bet ($3) returned to conkris
conkris collected $17.64 from pot
conkris: doesn't show hand
*** SUMMARY ***
Total pot $18 | Rake $0.36
Board [8c 5s Kh]
Seat 1: TbIP-TbIP 88 (button) (small blind) folded on the Flop
Seat 6: conkris (big blind) collected ($17.64)


PokerStars Hand #145951045353:  Hold'em Limit ($3/$6 USD) - 2015/12/26 11:59:47 ET
Table 'Zellner' 6-max Seat #1 is the button
Seat 1: TbIP-TbIP 88 ($83.52 in chips)
Seat 6: conkris ($126.40 in chips)
TbIP-TbIP 88: posts small blind $1
conkris: posts big blind $3
*** HOLE CARDS ***
TbIP-TbIP 88: raises $3 to $6
conkris: folds
Uncalled bet ($3) returned to TbIP-TbIP 88
TbIP-TbIP 88 collected $6 from pot
TbIP-TbIP 88: doesn't show hand
*** SUMMARY ***
Total pot $6 | Rake $0
Seat 1: TbIP-TbIP 88 (button) (small blind) collected ($6)
Seat 6: conkris (big blind) folded before Flop


PokerStars Hand #145951035546:  Hold'em Limit ($3/$6 USD) - 2015/12/26 11:59:33 ET
Table 'Zellner' 6-max Seat #6 is the button
Seat 1: TbIP-TbIP 88 ($72 in chips)
Seat 6: conkris ($138.40 in chips)
conkris: posts small blind $1
TbIP-TbIP 88: posts big blind $3
*** HOLE CARDS ***
conkris: raises $3 to $6
TbIP-TbIP 88: calls $3
*** FLOP *** [Qs 5h 3d]
TbIP-TbIP 88: checks
conkris: bets $3
TbIP-TbIP 88: raises $3 to $6
conkris: calls $3
*** TURN *** [Qs 5h 3d] [Kc]
TbIP-TbIP 88: bets $6
conkris: folds
Uncalled bet ($6) returned to TbIP-TbIP 88
TbIP-TbIP 88 collected $23.52 from pot
TbIP-TbIP 88: doesn't show hand
*** SUMMARY ***
Total pot $24 | Rake $0.48
Board [Qs 5h 3d Kc]
Seat 1: TbIP-TbIP 88 (big blind) collected ($23.52)
Seat 6: conkris (button) (small blind) folded on the Turn


PokerStars Hand #145951073498:  Hold'em Limit ($3/$6 USD) - 2015/12/26 12:00:26 ET
Table 'Zellner' 6-max Seat #6 is the button
Seat 1: TbIP-TbIP 88 ($109.02 in chips)
Seat 6: conkris ($100.40 in chips)
conkris: posts small blind $1
TbIP-TbIP 88: posts big blind $3
*** HOLE CARDS ***
conkris: raises $3 to $6
TbIP-TbIP 88: folds
Uncalled bet ($3) returned to conkris
conkris collected $6 from pot
conkris: doesn't show hand
*** SUMMARY ***
Total pot $6 | Rake $0
Seat 1: TbIP-TbIP 88 (big blind) folded before Flop
Seat 6: conkris (button) (small blind) collected ($6)


PokerStars Hand #145951062082:  Hold'em Limit ($3/$6 USD) - 2015/12/26 12:00:11 ET
Table 'Zellner' 6-max Seat #1 is the button
Seat 1: TbIP-TbIP 88 ($91.52 in chips)
Seat 6: conkris ($118.40 in chips)
TbIP-TbIP 88: posts small blind $1
conkris: posts big blind $3
*** HOLE CARDS ***
TbIP-TbIP 88: raises $3 to $6
conkris: raises $3 to $9
TbIP-TbIP 88: calls $3
*** FLOP *** [Kd Th 4c]
conkris: bets $3
TbIP-TbIP 88: calls $3
*** TURN *** [Kd Th 4c] [Tc]
conkris: bets $6
TbIP-TbIP 88: raises $6 to $12
conkris: folds
Uncalled bet ($6) returned to TbIP-TbIP 88
TbIP-TbIP 88 collected $35.50 from pot
TbIP-TbIP 88: doesn't show hand
*** SUMMARY ***
Total pot $36 | Rake $0.50
Board [Kd Th 4c Tc]
Seat 1: TbIP-TbIP 88 (button) (small blind) collected ($35.50)
Seat 6: conkris (big blind) folded on the Turn


PokerStars Hand #145951058390:  Hold'em Limit ($3/$6 USD) - 2015/12/26 12:00:06 ET
Table 'Zellner' 6-max Seat #6 is the button
Seat 1: TbIP-TbIP 88 ($90.52 in chips)
Seat 6: conkris ($119.40 in chips)
conkris: posts small blind $1
TbIP-TbIP 88: posts big blind $3
*** HOLE CARDS ***
conkris: folds
Uncalled bet ($2) returned to TbIP-TbIP 88
TbIP-TbIP 88 collected $2 from pot
TbIP-TbIP 88: doesn't show hand
*** SUMMARY ***
Total pot $2 | Rake $0
Seat 1: TbIP-TbIP 88 (big blind) collected ($2)
Seat 6: conkris (button) (small blind) folded before Flop


PokerStars Hand #145951053857:  Hold'em Limit ($3/$6 USD) - 2015/12/26 11:59:59 ET
Table 'Zellner' 6-max Seat #1 is the button
Seat 1: TbIP-TbIP 88 ($87.52 in chips)
Seat 6: conkris ($122.40 in chips)
TbIP-TbIP 88: posts small blind $1
conkris: posts big blind $3
*** HOLE CARDS ***
TbIP-TbIP 88: raises $3 to $6
conkris: folds
Uncalled bet ($3) returned to TbIP-TbIP 88
TbIP-TbIP 88 collected $6 from pot
TbIP-TbIP 88: doesn't show hand
*** SUMMARY ***
Total pot $6 | Rake $0
Seat 1: TbIP-TbIP 88 (button) (small blind) collected ($6)
Seat 6: conkris (big blind) folded before Flop


PokerStars Hand #145951050833:  Hold'em Limit ($3/$6 USD) - 2015/12/26 11:59:55 ET
Table 'Zellner' 6-max Seat #6 is the button
Seat 1: TbIP-TbIP 88 ($86.52 in chips)
Seat 6: conkris ($123.40 in chips)
conkris: posts small blind $1
TbIP-TbIP 88: posts big blind $3
*** HOLE CARDS ***
conkris: folds
Uncalled bet ($2) returned to TbIP-TbIP 88
TbIP-TbIP 88 collected $2 from pot
TbIP-TbIP 88: doesn't show hand
*** SUMMARY ***
Total pot $2 | Rake $0
Seat 1: TbIP-TbIP 88 (big blind) collected ($2)
Seat 6: conkris (button) (small blind) folded before Flop


PokerStars Hand #145951084317:  Hold'em Limit ($3/$6 USD) - 2015/12/26 12:00:41 ET
Table 'Zellner' 6-max Seat #1 is the button
Seat 1: TbIP-TbIP 88 ($110.02 in chips)
Seat 6: conkris ($99.40 in chips)
TbIP-TbIP 88: posts small blind $1
conkris: posts big blind $3
*** HOLE CARDS ***
TbIP-TbIP 88: raises $3 to $6
conkris: calls $3
*** FLOP *** [Kh 2s 6d]
conkris: checks
TbIP-TbIP 88: bets $3
conkris: folds
Uncalled bet ($3) returned to TbIP-TbIP 88
TbIP-TbIP 88 collected $11.76 from pot
TbIP-TbIP 88: doesn't show hand
*** SUMMARY ***
Total pot $12 | Rake $0.24
Board [Kh 2s 6d]
Seat 1: TbIP-TbIP 88 (button) (small blind) collected ($11.76)
Seat 6: conkris (big blind) folded on the Flop


PokerStars Hand #145951081171:  Hold'em Limit ($3/$6 USD) - 2015/12/26 12:00:37 ET
Table 'Zellner' 6-max Seat #6 is the button
Seat 1: TbIP-TbIP 88 ($109.02 in chips)
Seat 6: conkris ($100.40 in chips)
conkris: posts small blind $1
TbIP-TbIP 88: posts big blind $3
*** HOLE CARDS ***
conkris: folds
Uncalled bet ($2) returned to TbIP-TbIP 88
TbIP-TbIP 88 collected $2 from pot
TbIP-TbIP 88: doesn't show hand
*** SUMMARY ***
Total pot $2 | Rake $0
Seat 1: TbIP-TbIP 88 (big blind) collected ($2)
Seat 6: conkris (button) (small blind) folded before Flop


PokerStars Hand #145951077527:  Hold'em Limit ($3/$6 USD) - 2015/12/26 12:00:32 ET
Table 'Zellner' 6-max Seat #1 is the button
Seat 1: TbIP-TbIP 88 ($106.02 in chips)
Seat 6: conkris ($103.40 in chips)
TbIP-TbIP 88: posts small blind $1
conkris: posts big blind $3
*** HOLE CARDS ***
TbIP-TbIP 88: raises $3 to $6
conkris: folds
Uncalled bet ($3) returned to TbIP-TbIP 88
TbIP-TbIP 88 collected $6 from pot
TbIP-TbIP 88: doesn't show hand
*** SUMMARY ***
Total pot $6 | Rake $0
Seat 1: TbIP-TbIP 88 (button) (small blind) collected ($6)
Seat 6: conkris (big blind) folded before Flop


PokerStars Hand #145951107038:  Hold'em Limit ($3/$6 USD) - 2015/12/26 12:01:11 ET
Table 'Zellner' 6-max Seat #6 is the button
Seat 1: TbIP-TbIP 88 ($122.54 in chips)
Seat 6: conkris ($86.40 in chips)
conkris: posts small blind $1
TbIP-TbIP 88: posts big blind $3
*** HOLE CARDS ***
conkris: raises $3 to $6
TbIP-TbIP 88: calls $3
*** FLOP *** [Qc 5h 9d]
TbIP-TbIP 88: checks
conkris: bets $3
TbIP-TbIP 88: calls $3
*** TURN *** [Qc 5h 9d] [4s]
TbIP-TbIP 88: checks
conkris: bets $6
TbIP-TbIP 88: raises $6 to $12
conkris: calls $6
*** RIVER *** [Qc 5h 9d 4s] [8c]
TbIP-TbIP 88: bets $6
conkris: calls $6
*** SHOW DOWN ***
TbIP-TbIP 88: shows [Kh Ks] (a pair of Kings)
conkris: mucks hand
TbIP-TbIP 88 collected $53.50 from pot
*** SUMMARY ***
Total pot $54 | Rake $0.50
Board [Qc 5h 9d 4s 8c]
Seat 1: TbIP-TbIP 88 (big blind) showed [Kh Ks] and won ($53.50) with a pair of Kings
Seat 6: conkris (button) (small blind) mucked


PokerStars Hand #145951097525:  Hold'em Limit ($3/$6 USD) - 2015/12/26 12:00:59 ET
Table 'Zellner' 6-max Seat #1 is the button
Seat 1: TbIP-TbIP 88 ($116.78 in chips)
Seat 6: conkris ($92.40 in chips)
TbIP-TbIP 88: posts small blind $1
conkris: posts big blind $3
*** HOLE CARDS ***
TbIP-TbIP 88: raises $3 to $6
conkris: calls $3
*** FLOP *** [Js 7s 6h]
conkris: checks
TbIP-TbIP 88: bets $3
conkris: folds
Uncalled bet ($3) returned to TbIP-TbIP 88
TbIP-TbIP 88 collected $11.76 from pot
TbIP-TbIP 88: doesn't show hand
*** SUMMARY ***
Total pot $12 | Rake $0.24
Board [Js 7s 6h]
Seat 1: TbIP-TbIP 88 (button) (small blind) collected ($11.76)
Seat 6: conkris (big blind) folded on the Flop


PokerStars Hand #145951094167:  Hold'em Limit ($3/$6 USD) - 2015/12/26 12:00:54 ET
Table 'Zellner' 6-max Seat #6 is the button
Seat 1: TbIP-TbIP 88 ($115.78 in chips)
Seat 6: conkris ($93.40 in chips)
conkris: posts small blind $1
TbIP-TbIP 88: posts big blind $3
*** HOLE CARDS ***
conkris: folds
Uncalled bet ($2) returned to TbIP-TbIP 88
TbIP-TbIP 88 collected $2 from pot
TbIP-TbIP 88: doesn't show hand
*** SUMMARY ***
Total pot $2 | Rake $0
Seat 1: TbIP-TbIP 88 (big blind) collected ($2)
Seat 6: conkris (button) (small blind) folded before Flop


PokerStars Hand #145951130063:  Hold'em Limit ($3/$6 USD) - 2015/12/26 12:01:41 ET
Table 'Zellner' 6-max Seat #1 is the button
Seat 1: TbIP-TbIP 88 ($149.04 in chips)
Seat 6: conkris ($59.40 in chips)
TbIP-TbIP 88: posts small blind $1
conkris: posts big blind $3
*** HOLE CARDS ***
TbIP-TbIP 88: raises $3 to $6
conkris: raises $3 to $9
TbIP-TbIP 88: calls $3
*** FLOP *** [5c 7d 2c]
conkris: bets $3
TbIP-TbIP 88: calls $3
*** TURN *** [5c 7d 2c] [6c]
conkris: bets $6
TbIP-TbIP 88: raises $6 to $12
conkris: calls $6
*** RIVER *** [5c 7d 2c 6c] [Ks]
conkris: bets $6
TbIP-TbIP 88: raises $6 to $12
conkris: calls $6
*** SHOW DOWN ***
TbIP-TbIP 88: shows [9s 8h] (a straight, Five to Nine)
conkris: mucks hand
TbIP-TbIP 88 collected $71.50 from pot
*** SUMMARY ***
Total pot $72 | Rake $0.50
Board [5c 7d 2c 6c Ks]
Seat 1: TbIP-TbIP 88 (button) (small blind) showed [9s 8h] and won ($71.50) with a straight, Five to Nine
Seat 6: conkris (big blind) mucked


