PokerStars Hand #175933020541:  Hold'em Limit ($3/$6 USD) - 2017/09/21 11:35:05 ET
Table 'Zellner II' 6-max Seat #1 is the button
Seat 1: andyrr ($115.50 in chips)
Seat 3: vitamin168 ($14 in chips)
andyrr: posts small blind $1
vitamin168: posts big blind $3
*** HOLE CARDS ***
andyrr: folds
Uncalled bet ($2) returned to vitamin168
vitamin168 collected $2 from pot
vitamin168: doesn't show hand
*** SUMMARY ***
Total pot $2 | Rake $0
Seat 1: andyrr (button) (small blind) folded before Flop
Seat 3: vitamin168 (big blind) collected ($2)


PokerStars Hand #175933017681:  Hold'em Limit ($3/$6 USD) - 2017/09/21 11:35:00 ET
Table 'Zellner II' 6-max Seat #3 is the button
Seat 1: andyrr ($114.50 in chips)
Seat 3: vitamin168 ($15 in chips)
vitamin168: posts small blind $1
andyrr: posts big blind $3
*** HOLE CARDS ***
vitamin168: folds
Uncalled bet ($2) returned to andyrr
andyrr collected $2 from pot
*** SUMMARY ***
Total pot $2 | Rake $0
Seat 1: andyrr (big blind) collected ($2)
Seat 3: vitamin168 (button) (small blind) folded before Flop


PokerStars Hand #175933014693:  Hold'em Limit ($3/$6 USD) - 2017/09/21 11:34:55 ET
Table 'Zellner II' 6-max Seat #1 is the button
Seat 1: andyrr ($115.50 in chips)
Seat 3: vitamin168 ($14 in chips)
andyrr: posts small blind $1
vitamin168: posts big blind $3
*** HOLE CARDS ***
andyrr: folds
Uncalled bet ($2) returned to vitamin168
vitamin168 collected $2 from pot
vitamin168: doesn't show hand
*** SUMMARY ***
Total pot $2 | Rake $0
Seat 1: andyrr (button) (small blind) folded before Flop
Seat 3: vitamin168 (big blind) collected ($2)


PokerStars Hand #175933010605:  Hold'em Limit ($3/$6 USD) - 2017/09/21 11:34:48 ET
Table 'Zellner II' 6-max Seat #3 is the button
Seat 1: andyrr ($118.50 in chips)
Seat 3: vitamin168 ($11 in chips)
vitamin168: posts small blind $1
andyrr: posts big blind $3
*** HOLE CARDS ***
vitamin168: raises $3 to $6
andyrr: folds
Uncalled bet ($3) returned to vitamin168
vitamin168 collected $6 from pot
vitamin168: doesn't show hand
*** SUMMARY ***
Total pot $6 | Rake $0
Seat 1: andyrr (big blind) folded before Flop
Seat 3: vitamin168 (button) (small blind) collected ($6)


PokerStars Hand #175932995471:  Hold'em Limit ($3/$6 USD) - 2017/09/21 11:34:23 ET
Table 'Zellner II' 6-max Seat #3 is the button
Seat 1: andyrr ($103 in chips)
Seat 3: vitamin168 ($27 in chips)
vitamin168: posts small blind $1
andyrr: posts big blind $3
*** HOLE CARDS ***
vitamin168: folds
Uncalled bet ($2) returned to andyrr
andyrr collected $2 from pot
*** SUMMARY ***
Total pot $2 | Rake $0
Seat 1: andyrr (big blind) collected ($2)
Seat 3: vitamin168 (button) (small blind) folded before Flop


PokerStars Hand #175932990871:  Hold'em Limit ($3/$6 USD) - 2017/09/21 11:34:16 ET
Table 'Zellner II' 6-max Seat #1 is the button
Seat 1: andyrr ($100 in chips)
Seat 3: vitamin168 ($30 in chips)
andyrr: posts small blind $1
vitamin168: posts big blind $3
*** HOLE CARDS ***
andyrr: raises $3 to $6
vitamin168: folds
Uncalled bet ($3) returned to andyrr
GoliafUa leaves the table
andyrr collected $6 from pot
*** SUMMARY ***
Total pot $6 | Rake $0
Seat 1: andyrr (button) (small blind) collected ($6)
Seat 3: vitamin168 (big blind) folded before Flop


PokerStars Hand #175932998342:  Hold'em Limit ($3/$6 USD) - 2017/09/21 11:34:28 ET
Table 'Zellner II' 6-max Seat #1 is the button
Seat 1: andyrr ($104 in chips)
Seat 3: vitamin168 ($26 in chips)
andyrr: posts small blind $1
vitamin168: posts big blind $3
*** HOLE CARDS ***
andyrr: raises $3 to $6
vitamin168: raises $3 to $9
andyrr: raises $3 to $12
Betting is capped
vitamin168: calls $3
*** FLOP *** [Js Jc 6h]
vitamin168: checks
andyrr: bets $3
vitamin168: calls $3
*** TURN *** [Js Jc 6h] [6s]
vitamin168: checks
andyrr: bets $6
vitamin168: folds
Uncalled bet ($6) returned to andyrr
andyrr collected $29.50 from pot
*** SUMMARY ***
Total pot $30 | Rake $0.50
Board [Js Jc 6h 6s]
Seat 1: andyrr (button) (small blind) collected ($29.50)
Seat 3: vitamin168 (big blind) folded on the Turn


PokerStars Hand #175933023623:  Hold'em Limit ($3/$6 USD) - 2017/09/21 11:35:10 ET
Table 'Zellner II' 6-max Seat #3 is the button
Seat 1: andyrr ($114.50 in chips)
Seat 3: vitamin168 ($15 in chips)
vitamin168: posts small blind $1
andyrr: posts big blind $3
*** HOLE CARDS ***
vitamin168: raises $3 to $6
andyrr: calls $3
*** FLOP *** [9c 3c Kh]
andyrr: checks
vitamin168: bets $3
andyrr: folds
Uncalled bet ($3) returned to vitamin168
vitamin168 collected $11.76 from pot
vitamin168: doesn't show hand
*** SUMMARY ***
Total pot $12 | Rake $0.24
Board [9c 3c Kh]
Seat 1: andyrr (big blind) folded on the Flop
Seat 3: vitamin168 (button) (small blind) collected ($11.76)


PokerStars Hand #175933046225:  Hold'em Limit ($3/$6 USD) - 2017/09/21 11:35:48 ET
Table 'Zellner II' 6-max Seat #3 is the button
Seat 1: andyrr ($90.50 in chips)
Seat 3: vitamin168 ($38.26 in chips)
vitamin168: posts small blind $1
andyrr: posts big blind $3
*** HOLE CARDS ***
vitamin168: folds
Uncalled bet ($2) returned to andyrr
andyrr collected $2 from pot
*** SUMMARY ***
Total pot $2 | Rake $0
Seat 1: andyrr (big blind) collected ($2)
Seat 3: vitamin168 (button) (small blind) folded before Flop


PokerStars Hand #175933060455:  Hold'em Limit ($3/$6 USD) - 2017/09/21 11:36:11 ET
Table 'Zellner II' 6-max Seat #3 is the button
Seat 1: andyrr ($106 in chips)
Seat 3: vitamin168 ($22.26 in chips)
vitamin168: posts small blind $1
andyrr: posts big blind $3
*** HOLE CARDS ***
vitamin168: raises $3 to $6
andyrr: folds
Uncalled bet ($3) returned to vitamin168
vitamin168 collected $6 from pot
vitamin168: doesn't show hand
*** SUMMARY ***
Total pot $6 | Rake $0
Seat 1: andyrr (big blind) folded before Flop
Seat 3: vitamin168 (button) (small blind) collected ($6)


PokerStars Hand #175933049159:  Hold'em Limit ($3/$6 USD) - 2017/09/21 11:35:53 ET
Table 'Zellner II' 6-max Seat #1 is the button
Seat 1: andyrr ($91.50 in chips)
Seat 3: vitamin168 ($37.26 in chips)
andyrr: posts small blind $1
vitamin168: posts big blind $3
*** HOLE CARDS ***
andyrr: raises $3 to $6
vitamin168: calls $3
*** FLOP *** [Td 8h Jh]
vitamin168: checks
andyrr: bets $3
vitamin168: calls $3
*** TURN *** [Td 8h Jh] [Th]
vitamin168: checks
andyrr: bets $6
vitamin168: calls $6
*** RIVER *** [Td 8h Jh Th] [6s]
vitamin168: checks
andyrr: bets $6
vitamin168: folds
Uncalled bet ($6) returned to andyrr
andyrr collected $29.50 from pot
*** SUMMARY ***
Total pot $30 | Rake $0.50
Board [Td 8h Jh Th 6s]
Seat 1: andyrr (button) (small blind) collected ($29.50)
Seat 3: vitamin168 (big blind) folded on the River


PokerStars Hand #175933034871:  Hold'em Limit ($3/$6 USD) - 2017/09/21 11:35:29 ET
Table 'Zellner II' 6-max Seat #1 is the button
Seat 1: andyrr ($108.50 in chips)
Seat 3: vitamin168 ($20.76 in chips)
andyrr: posts small blind $1
vitamin168: posts big blind $3
*** HOLE CARDS ***
andyrr: raises $3 to $6
vitamin168: calls $3
*** FLOP *** [4h Ac Ah]
vitamin168: checks
andyrr: checks
*** TURN *** [4h Ac Ah] [6d]
vitamin168: bets $6
andyrr: calls $6
*** RIVER *** [4h Ac Ah 6d] [Tc]
vitamin168: bets $6
andyrr: calls $6
*** SHOW DOWN ***
vitamin168: shows [4c 7c] (two pair, Aces and Fours)
andyrr: mucks hand
vitamin168 collected $35.50 from pot
*** SUMMARY ***
Total pot $36 | Rake $0.50
Board [4h Ac Ah 6d Tc]
Seat 1: andyrr (button) (small blind) mucked
Seat 3: vitamin168 (big blind) showed [4c 7c] and won ($35.50) with two pair, Aces and Fours


PokerStars Hand #175933031884:  Hold'em Limit ($3/$6 USD) - 2017/09/21 11:35:24 ET
Table 'Zellner II' 6-max Seat #3 is the button
Seat 1: andyrr ($107.50 in chips)
Seat 3: vitamin168 ($21.76 in chips)
vitamin168: posts small blind $1
andyrr: posts big blind $3
*** HOLE CARDS ***
vitamin168: folds
Uncalled bet ($2) returned to andyrr
andyrr collected $2 from pot
*** SUMMARY ***
Total pot $2 | Rake $0
Seat 1: andyrr (big blind) collected ($2)
Seat 3: vitamin168 (button) (small blind) folded before Flop


PokerStars Hand #175933028705:  Hold'em Limit ($3/$6 USD) - 2017/09/21 11:35:18 ET
Table 'Zellner II' 6-max Seat #1 is the button
Seat 1: andyrr ($108.50 in chips)
Seat 3: vitamin168 ($20.76 in chips)
andyrr: posts small blind $1
vitamin168: posts big blind $3
*** HOLE CARDS ***
andyrr: folds
Uncalled bet ($2) returned to vitamin168
vitamin168 collected $2 from pot
vitamin168: doesn't show hand
*** SUMMARY ***
Total pot $2 | Rake $0
Seat 1: andyrr (button) (small blind) folded before Flop
Seat 3: vitamin168 (big blind) collected ($2)


PokerStars Hand #175933063908:  Hold'em Limit ($3/$6 USD) - 2017/09/21 11:36:17 ET
Table 'Zellner II' 6-max Seat #1 is the button
Seat 1: andyrr ($103 in chips)
Seat 3: vitamin168 ($25.26 in chips)
andyrr: posts small blind $1
vitamin168: posts big blind $3
*** HOLE CARDS ***
andyrr: raises $3 to $6
vitamin168: folds
Uncalled bet ($3) returned to andyrr
andyrr collected $6 from pot
*** SUMMARY ***
Total pot $6 | Rake $0
Seat 1: andyrr (button) (small blind) collected ($6)
Seat 3: vitamin168 (big blind) folded before Flop


PokerStars Hand #175933074340:  Hold'em Limit ($3/$6 USD) - 2017/09/21 11:36:34 ET
Table 'Zellner II' 6-max Seat #1 is the button
Seat 1: andyrr ($100 in chips)
Seat 3: vitamin168 ($28.02 in chips)
andyrr: posts small blind $1
vitamin168: posts big blind $3
*** HOLE CARDS ***
andyrr: folds
Uncalled bet ($2) returned to vitamin168
vitamin168 collected $2 from pot
vitamin168: doesn't show hand
*** SUMMARY ***
Total pot $2 | Rake $0
Seat 1: andyrr (button) (small blind) folded before Flop
Seat 3: vitamin168 (big blind) collected ($2)


PokerStars Hand #175933067804:  Hold'em Limit ($3/$6 USD) - 2017/09/21 11:36:23 ET
Table 'Zellner II' 6-max Seat #3 is the button
Seat 1: andyrr ($106 in chips)
Seat 3: vitamin168 ($22.26 in chips)
vitamin168: posts small blind $1
andyrr: posts big blind $3
*** HOLE CARDS ***
vitamin168: raises $3 to $6
andyrr: calls $3
*** FLOP *** [7h 6s 7d]
andyrr: checks
vitamin168: bets $3
andyrr: folds
Uncalled bet ($3) returned to vitamin168
vitamin168 collected $11.76 from pot
vitamin168: doesn't show hand
*** SUMMARY ***
Total pot $12 | Rake $0.24
Board [7h 6s 7d]
Seat 1: andyrr (big blind) folded on the Flop
Seat 3: vitamin168 (button) (small blind) collected ($11.76)


PokerStars Hand #175933077561:  Hold'em Limit ($3/$6 USD) - 2017/09/21 11:36:39 ET
Table 'Zellner II' 6-max Seat #3 is the button
Seat 1: andyrr ($99 in chips)
Seat 3: vitamin168 ($29.02 in chips)
vitamin168: posts small blind $1
andyrr: posts big blind $3
*** HOLE CARDS ***
vitamin168: folds
Uncalled bet ($2) returned to andyrr
xcgxcg2005 joins the table at seat #2
andyrr collected $2 from pot
*** SUMMARY ***
Total pot $2 | Rake $0
Seat 1: andyrr (big blind) collected ($2)
Seat 3: vitamin168 (button) (small blind) folded before Flop


PokerStars Hand #175933300881:  Hold'em Limit ($3/$6 USD) - 2017/09/21 11:42:49 ET
Table 'Zellner II' 6-max Seat #4 is the button
Seat 3: vitamin168 ($53.67 in chips)
Seat 4: B_loJkl ($47.83 in chips)
B_loJkl: posts small blind $1
vitamin168: posts big blind $3
*** HOLE CARDS ***
B_loJkl: raises $3 to $6
vitamin168: folds
Uncalled bet ($3) returned to B_loJkl
B_loJkl collected $6 from pot
B_loJkl: doesn't show hand
*** SUMMARY ***
Total pot $6 | Rake $0
Seat 3: vitamin168 (big blind) folded before Flop
Seat 4: B_loJkl (button) (small blind) collected ($6)


PokerStars Hand #175933297056:  Hold'em Limit ($3/$6 USD) - 2017/09/21 11:42:43 ET
Table 'Zellner II' 6-max Seat #3 is the button
Seat 3: vitamin168 ($54.67 in chips)
Seat 4: B_loJkl ($46.83 in chips)
vitamin168: posts small blind $1
B_loJkl: posts big blind $3
*** HOLE CARDS ***
vitamin168: folds
Uncalled bet ($2) returned to B_loJkl
B_loJkl collected $2 from pot
B_loJkl: doesn't show hand
*** SUMMARY ***
Total pot $2 | Rake $0
Seat 3: vitamin168 (button) (small blind) folded before Flop
Seat 4: B_loJkl (big blind) collected ($2)


PokerStars Hand #175933306304:  Hold'em Limit ($3/$6 USD) - 2017/09/21 11:42:58 ET
Table 'Zellner II' 6-max Seat #3 is the button
Seat 3: vitamin168 ($50.67 in chips)
Seat 4: B_loJkl ($50.83 in chips)
vitamin168: posts small blind $1
B_loJkl: posts big blind $3
*** HOLE CARDS ***
vitamin168: raises $3 to $6
B_loJkl: calls $3
*** FLOP *** [Kc Ts 4h]
B_loJkl: checks
vitamin168: bets $3
B_loJkl: calls $3
*** TURN *** [Kc Ts 4h] [5h]
B_loJkl: checks
vitamin168: bets $6
B_loJkl: calls $6
*** RIVER *** [Kc Ts 4h 5h] [Th]
B_loJkl: checks
vitamin168: checks
*** SHOW DOWN ***
B_loJkl: shows [Qs 9s] (a pair of Tens)
vitamin168: shows [Ah Qc] (a pair of Tens - Ace kicker)
vitamin168 collected $29.50 from pot
*** SUMMARY ***
Total pot $30 | Rake $0.50
Board [Kc Ts 4h 5h Th]
Seat 3: vitamin168 (button) (small blind) showed [Ah Qc] and won ($29.50) with a pair of Tens
Seat 4: B_loJkl (big blind) showed [Qs 9s] and lost with a pair of Tens


PokerStars Hand #175933364959:  Hold'em Limit ($3/$6 USD) - 2017/09/21 11:44:34 ET
Table 'Zellner II' 6-max Seat #3 is the button
Seat 3: vitamin168 ($59.17 in chips)
Seat 4: B_loJkl ($41.59 in chips)
vitamin168: posts small blind $1
B_loJkl: posts big blind $3
*** HOLE CARDS ***
vitamin168: folds
Uncalled bet ($2) returned to B_loJkl
B_loJkl collected $2 from pot
B_loJkl: doesn't show hand
*** SUMMARY ***
Total pot $2 | Rake $0
Seat 3: vitamin168 (button) (small blind) folded before Flop
Seat 4: B_loJkl (big blind) collected ($2)


PokerStars Hand #175933343347:  Hold'em Limit ($3/$6 USD) - 2017/09/21 11:43:59 ET
Table 'Zellner II' 6-max Seat #4 is the button
Seat 3: vitamin168 ($65.17 in chips)
Seat 4: B_loJkl ($35.83 in chips)
B_loJkl: posts small blind $1
vitamin168: posts big blind $3
*** HOLE CARDS ***
B_loJkl: raises $3 to $6
vitamin168: calls $3
*** FLOP *** [Kc Ah 4h]
vitamin168: checks
B_loJkl: bets $3
vitamin168: folds
Uncalled bet ($3) returned to B_loJkl
B_loJkl collected $11.76 from pot
B_loJkl: doesn't show hand
*** SUMMARY ***
Total pot $12 | Rake $0.24
Board [Kc Ah 4h]
Seat 3: vitamin168 (big blind) folded on the Flop
Seat 4: B_loJkl (button) (small blind) collected ($11.76)


