PokerStars Hand #165191463881:  Hold'em Limit ($3/$6 USD) - 2017/01/26 8:43:20 ET
Table 'Zerbinetta II' 6-max Seat #3 is the button
Seat 2: ribban4747 ($30 in chips)
Seat 3: vestimokrec ($120 in chips)
kusznak joins the table at seat #4
vestimokrec: posts small blind $1
GoliafUa: is sitting out
ribban4747: posts big blind $3
*** HOLE CARDS ***
vestimokrec: raises $3 to $6
ribban4747: calls $3
*** FLOP *** [5s 4h Qd]
ribban4747: checks
vestimokrec: bets $3
ribban4747: folds
Uncalled bet ($3) returned to vestimokrec
vestimokrec collected $11.76 from pot
vestimokrec: doesn't show hand
*** SUMMARY ***
Total pot $12 | Rake $0.24
Board [5s 4h Qd]
Seat 2: ribban4747 (big blind) folded on the Flop
Seat 3: vestimokrec (button) (small blind) collected ($11.76)


PokerStars Hand #165191477617:  Hold'em Limit ($3/$6 USD) - 2017/01/26 8:43:42 ET
Table 'Zerbinetta II' 6-max Seat #2 is the button
Seat 2: ribban4747 ($24 in chips)
Seat 3: vestimokrec ($125.76 in chips)
ribban4747: posts small blind $1
vestimokrec: posts big blind $3
*** HOLE CARDS ***
ribban4747: raises $3 to $6
vestimokrec: calls $3
*** FLOP *** [8h 8c Kd]
vestimokrec: checks
ribban4747: bets $3
vestimokrec: raises $3 to $6
ribban4747: calls $3
*** TURN *** [8h 8c Kd] [Jc]
vestimokrec: bets $6
ribban4747: folds
Uncalled bet ($6) returned to vestimokrec
vestimokrec collected $23.52 from pot
vestimokrec: doesn't show hand
*** SUMMARY ***
Total pot $24 | Rake $0.48
Board [8h 8c Kd Jc]
Seat 2: ribban4747 (button) (small blind) folded on the Turn
Seat 3: vestimokrec (big blind) collected ($23.52)


PokerStars Hand #165194754162:  Hold'em Limit ($3/$6 USD) - 2017/01/26 10:09:09 ET
Table 'Zerbinetta II' 6-max Seat #3 is the button
Seat 3: BelSv ($80.64 in chips)
Seat 4: kusznak ($185.60 in chips)
BelSv: posts small blind $1
kusznak: posts big blind $3
ChawkDee leaves the table
*** HOLE CARDS ***
BelSv: raises $3 to $6
MMM 22666 joins the table at seat #5
kusznak: calls $3
*** FLOP *** [Js 9h Ac]
kusznak: checks
BelSv: bets $3
kusznak: calls $3
*** TURN *** [Js 9h Ac] [2d]
kusznak: checks
BelSv: bets $6
kusznak: calls $6
*** RIVER *** [Js 9h Ac 2d] [Qc]
rainbow28 joins the table at seat #6
kusznak: checks
BelSv: bets $6
kusznak: folds
Uncalled bet ($6) returned to BelSv
BelSv collected $29.50 from pot
BelSv: doesn't show hand
*** SUMMARY ***
Total pot $30 | Rake $0.50
Board [Js 9h Ac 2d Qc]
Seat 3: BelSv (button) (small blind) collected ($29.50)
Seat 4: kusznak (big blind) folded on the River


PokerStars Hand #165194747058:  Hold'em Limit ($3/$6 USD) - 2017/01/26 10:08:58 ET
Table 'Zerbinetta II' 6-max Seat #4 is the button
Seat 3: BelSv ($83.64 in chips)
Seat 4: kusznak ($182.60 in chips)
kusznak: posts small blind $1
ChawkDee: is sitting out
BelSv: posts big blind $3
*** HOLE CARDS ***
kusznak: raises $3 to $6
BelSv: folds
Uncalled bet ($3) returned to kusznak
kusznak collected $6 from pot
kusznak: doesn't show hand
*** SUMMARY ***
Total pot $6 | Rake $0
Seat 3: BelSv (big blind) folded before Flop
Seat 4: kusznak (button) (small blind) collected ($6)


PokerStars Hand #165196735519:  Hold'em Limit ($3/$6 USD) - 2017/01/26 10:55:11 ET
Table 'Zerbinetta II' 6-max Seat #1 is the button
Seat 1: krytalex ($89.89 in chips)
Seat 4: kusznak ($247.30 in chips)
krytalex: posts small blind $1
BelSv: is sitting out
kusznak: posts big blind $3
*** HOLE CARDS ***
BelSv leaves the table
krytalex: raises $3 to $6
kusznak: calls $3
*** FLOP *** [Qd 4d 2h]
kusznak: checks
krytalex: bets $3
kusznak: raises $3 to $6
krytalex: folds
Uncalled bet ($3) returned to kusznak
kusznak collected $17.64 from pot
kusznak: doesn't show hand
*** SUMMARY ***
Total pot $18 | Rake $0.36
Board [Qd 4d 2h]
Seat 1: krytalex (button) (small blind) folded on the Flop
Seat 4: kusznak (big blind) collected ($17.64)


PokerStars Hand #165196786596:  Hold'em Limit ($3/$6 USD) - 2017/01/26 10:56:34 ET
Table 'Zerbinetta II' 6-max Seat #1 is the button
Seat 1: krytalex ($73 in chips)
Seat 4: kusznak ($292.94 in chips)
krytalex: posts small blind $1
kusznak: posts big blind $3
*** HOLE CARDS ***
krytalex: folds
Uncalled bet ($2) returned to kusznak
kusznak collected $2 from pot
kusznak: doesn't show hand
*** SUMMARY ***
Total pot $2 | Rake $0
Seat 1: krytalex (button) (small blind) folded before Flop
Seat 4: kusznak (big blind) collected ($2)


PokerStars Hand #165196783771:  Hold'em Limit ($3/$6 USD) - 2017/01/26 10:56:29 ET
Table 'Zerbinetta II' 6-max Seat #4 is the button
Seat 1: krytalex ($72 in chips)
Seat 4: kusznak ($293.94 in chips)
kusznak: posts small blind $1
krytalex: posts big blind $3
*** HOLE CARDS ***
kusznak: folds
Uncalled bet ($2) returned to krytalex
krytalex collected $2 from pot
*** SUMMARY ***
Total pot $2 | Rake $0
Seat 1: krytalex (big blind) collected ($2)
Seat 4: kusznak (button) (small blind) folded before Flop


PokerStars Hand #165196790212:  Hold'em Limit ($3/$6 USD) - 2017/01/26 10:56:40 ET
Table 'Zerbinetta II' 6-max Seat #4 is the button
Seat 1: krytalex ($72 in chips)
Seat 4: kusznak ($293.94 in chips)
kusznak: posts small blind $1
krytalex: posts big blind $3
*** HOLE CARDS ***
kusznak: folds
Uncalled bet ($2) returned to krytalex
krytalex collected $2 from pot
*** SUMMARY ***
Total pot $2 | Rake $0
Seat 1: krytalex (big blind) collected ($2)
Seat 4: kusznak (button) (small blind) folded before Flop


PokerStars Hand #165196771604:  Hold'em Limit ($3/$6 USD) - 2017/01/26 10:56:10 ET
Table 'Zerbinetta II' 6-max Seat #1 is the button
Seat 1: krytalex ($72 in chips)
Seat 4: kusznak ($270.44 in chips)
krytalex: posts small blind $1
kusznak: posts big blind $3
*** HOLE CARDS ***
krytalex: raises $3 to $6
kusznak: calls $3
*** FLOP *** [9d Td 8h]
kusznak: checks
krytalex: bets $3
kusznak: raises $3 to $6
krytalex: calls $3
*** TURN *** [9d Td 8h] [5d]
kusznak: bets $6
krytalex: calls $6
*** RIVER *** [9d Td 8h 5d] [Qd]
kusznak: bets $6
krytalex: calls $6
*** SHOW DOWN ***
kusznak: shows [7d 5c] (a flush, Queen high)
krytalex: mucks hand
kusznak collected $47.50 from pot
*** SUMMARY ***
Total pot $48 | Rake $0.50
Board [9d Td 8h 5d Qd]
Seat 1: krytalex (button) (small blind) mucked
Seat 4: kusznak (big blind) showed [7d 5c] and won ($47.50) with a flush, Queen high


PokerStars Hand #165196757152:  Hold'em Limit ($3/$6 USD) - 2017/01/26 10:55:46 ET
Table 'Zerbinetta II' 6-max Seat #4 is the button
Seat 1: krytalex ($80.89 in chips)
Seat 4: kusznak ($255.94 in chips)
kusznak: posts small blind $1
krytalex: posts big blind $3
*** HOLE CARDS ***
kusznak: raises $3 to $6
krytalex: calls $3
*** FLOP *** [3d 2c 2s]
krytalex: checks
kusznak: bets $3
krytalex: calls $3
*** TURN *** [3d 2c 2s] [Qd]
krytalex: checks
kusznak: bets $6
krytalex: calls $6
*** RIVER *** [3d 2c 2s Qd] [6d]
krytalex: checks
kusznak: bets $6
krytalex: folds
Uncalled bet ($6) returned to kusznak
kusznak collected $29.50 from pot
kusznak: doesn't show hand
*** SUMMARY ***
Total pot $30 | Rake $0.50
Board [3d 2c 2s Qd 6d]
Seat 1: krytalex (big blind) folded on the River
Seat 4: kusznak (button) (small blind) collected ($29.50)


PokerStars Hand #165196811341:  Hold'em Limit ($3/$6 USD) - 2017/01/26 10:57:14 ET
Table 'Zerbinetta II' 6-max Seat #1 is the button
Seat 1: krytalex ($72 in chips)
Seat 4: kusznak ($307.34 in chips)
krytalex: posts small blind $1
kusznak: posts big blind $3
*** HOLE CARDS ***
krytalex: folds
Uncalled bet ($2) returned to kusznak
kusznak collected $2 from pot
kusznak: doesn't show hand
*** SUMMARY ***
Total pot $2 | Rake $0
Seat 1: krytalex (button) (small blind) folded before Flop
Seat 4: kusznak (big blind) collected ($2)


PokerStars Hand #165196825629:  Hold'em Limit ($3/$6 USD) - 2017/01/26 10:57:37 ET
Table 'Zerbinetta II' 6-max Seat #1 is the button
Seat 1: krytalex ($72 in chips)
Seat 4: kusznak ($319.86 in chips)
krytalex: posts small blind $1
kusznak: posts big blind $3
*** HOLE CARDS ***
krytalex: raises $3 to $6
kusznak: calls $3
*** FLOP *** [Tc 3s Kd]
kusznak: checks
krytalex: bets $3
kusznak: calls $3
*** TURN *** [Tc 3s Kd] [8h]
kusznak: checks
krytalex: bets $6
kusznak: calls $6
*** RIVER *** [Tc 3s Kd 8h] [6c]
kusznak: checks
krytalex: checks
*** SHOW DOWN ***
kusznak: shows [Js 8s] (a pair of Eights)
krytalex: mucks hand
kusznak collected $29.50 from pot
*** SUMMARY ***
Total pot $30 | Rake $0.50
Board [Tc 3s Kd 8h 6c]
Seat 1: krytalex (button) (small blind) mucked
Seat 4: kusznak (big blind) showed [Js 8s] and won ($29.50) with a pair of Eights


PokerStars Hand #165196793299:  Hold'em Limit ($3/$6 USD) - 2017/01/26 10:56:45 ET
Table 'Zerbinetta II' 6-max Seat #1 is the button
Seat 1: krytalex ($73 in chips)
Seat 4: kusznak ($292.94 in chips)
krytalex: posts small blind $1
kusznak: posts big blind $3
*** HOLE CARDS ***
krytalex: raises $3 to $6
kusznak: raises $3 to $9
krytalex: calls $3
*** FLOP *** [5h As 3d]
kusznak: bets $3
krytalex: folds
Uncalled bet ($3) returned to kusznak
kusznak collected $17.64 from pot
kusznak: doesn't show hand
*** SUMMARY ***
Total pot $18 | Rake $0.36
Board [5h As 3d]
Seat 1: krytalex (button) (small blind) folded on the Flop
Seat 4: kusznak (big blind) collected ($17.64)


PokerStars Hand #165196803443:  Hold'em Limit ($3/$6 USD) - 2017/01/26 10:57:01 ET
Table 'Zerbinetta II' 6-max Seat #4 is the button
Seat 1: krytalex ($72 in chips)
Seat 4: kusznak ($301.58 in chips)
kusznak: posts small blind $1
krytalex: posts big blind $3
*** HOLE CARDS ***
kusznak: raises $3 to $6
krytalex: calls $3
*** FLOP *** [8s 2d 9s]
krytalex: checks
kusznak: checks
*** TURN *** [8s 2d 9s] [8d]
krytalex: checks
kusznak: bets $6
krytalex: folds
Uncalled bet ($6) returned to kusznak
kusznak collected $11.76 from pot
kusznak: doesn't show hand
*** SUMMARY ***
Total pot $12 | Rake $0.24
Board [8s 2d 9s 8d]
Seat 1: krytalex (big blind) folded on the Turn
Seat 4: kusznak (button) (small blind) collected ($11.76)


PokerStars Hand #165196816063:  Hold'em Limit ($3/$6 USD) - 2017/01/26 10:57:21 ET
Table 'Zerbinetta II' 6-max Seat #4 is the button
Seat 1: krytalex ($72 in chips)
Seat 4: kusznak ($308.34 in chips)
kusznak: posts small blind $1
krytalex: posts big blind $3
*** HOLE CARDS ***
kusznak: raises $3 to $6
krytalex: raises $3 to $9
kusznak: raises $3 to $12
Betting is capped
krytalex: calls $3
*** FLOP *** [Qs Th 5d]
krytalex: checks
kusznak: bets $3
krytalex: folds
Uncalled bet ($3) returned to kusznak
kusznak collected $23.52 from pot
kusznak: doesn't show hand
*** SUMMARY ***
Total pot $24 | Rake $0.48
Board [Qs Th 5d]
Seat 1: krytalex (big blind) folded on the Flop
Seat 4: kusznak (button) (small blind) collected ($23.52)


PokerStars Hand #165196844201:  Hold'em Limit ($3/$6 USD) - 2017/01/26 10:58:06 ET
Table 'Zerbinetta II' 6-max Seat #4 is the button
Seat 1: krytalex ($72 in chips)
Seat 4: kusznak ($338.36 in chips)
kusznak: posts small blind $1
krytalex: posts big blind $3
*** HOLE CARDS ***
kusznak: raises $3 to $6
krytalex: raises $3 to $9
kusznak: calls $3
*** FLOP *** [8d 8s 7d]
krytalex: bets $3
kusznak: calls $3
*** TURN *** [8d 8s 7d] [Qc]
krytalex: bets $6
kusznak: folds
Uncalled bet ($6) returned to krytalex
krytalex collected $23.52 from pot
*** SUMMARY ***
Total pot $24 | Rake $0.48
Board [8d 8s 7d Qc]
Seat 1: krytalex (big blind) collected ($23.52)
Seat 4: kusznak (button) (small blind) folded on the Turn


PokerStars Hand #165196868376:  Hold'em Limit ($3/$6 USD) - 2017/01/26 10:58:45 ET
Table 'Zerbinetta II' 6-max Seat #4 is the button
Seat 1: krytalex ($83.64 in chips)
Seat 4: kusznak ($325.88 in chips)
kusznak: posts small blind $1
krytalex: posts big blind $3
*** HOLE CARDS ***
kusznak: raises $3 to $6
krytalex: calls $3
*** FLOP *** [5d Ad 2d]
krytalex: checks
kusznak: bets $3
krytalex: folds
Uncalled bet ($3) returned to kusznak
kusznak collected $11.76 from pot
kusznak: doesn't show hand
*** SUMMARY ***
Total pot $12 | Rake $0.24
Board [5d Ad 2d]
Seat 1: krytalex (big blind) folded on the Flop
Seat 4: kusznak (button) (small blind) collected ($11.76)


PokerStars Hand #165196864727:  Hold'em Limit ($3/$6 USD) - 2017/01/26 10:58:39 ET
Table 'Zerbinetta II' 6-max Seat #1 is the button
Seat 1: krytalex ($80.64 in chips)
Seat 4: kusznak ($328.88 in chips)
krytalex: posts small blind $1
kusznak: posts big blind $3
*** HOLE CARDS ***
krytalex: raises $3 to $6
kusznak: folds
Uncalled bet ($3) returned to krytalex
krytalex collected $6 from pot
*** SUMMARY ***
Total pot $6 | Rake $0
Seat 1: krytalex (button) (small blind) collected ($6)
Seat 4: kusznak (big blind) folded before Flop


PokerStars Hand #165196859686:  Hold'em Limit ($3/$6 USD) - 2017/01/26 10:58:31 ET
Table 'Zerbinetta II' 6-max Seat #4 is the button
Seat 1: krytalex ($72 in chips)
Seat 4: kusznak ($337.88 in chips)
kusznak: posts small blind $1
krytalex: posts big blind $3
*** HOLE CARDS ***
kusznak: raises $3 to $6
krytalex: raises $3 to $9
kusznak: calls $3
*** FLOP *** [6c 7c 9d]
krytalex: bets $3
kusznak: folds
Uncalled bet ($3) returned to krytalex
krytalex collected $17.64 from pot
*** SUMMARY ***
Total pot $18 | Rake $0.36
Board [6c 7c 9d]
Seat 1: krytalex (big blind) collected ($17.64)
Seat 4: kusznak (button) (small blind) folded on the Flop


PokerStars Hand #165196851471:  Hold'em Limit ($3/$6 USD) - 2017/01/26 10:58:18 ET
Table 'Zerbinetta II' 6-max Seat #1 is the button
Seat 1: krytalex ($83.52 in chips)
Seat 4: kusznak ($326.36 in chips)
krytalex: posts small blind $1
kusznak: posts big blind $3
*** HOLE CARDS ***
krytalex: raises $3 to $6
kusznak: raises $3 to $9
krytalex: calls $3
*** FLOP *** [9h Qd 6s]
kusznak: bets $3
krytalex: calls $3
*** TURN *** [9h Qd 6s] [Jd]
kusznak: bets $6
krytalex: folds
Uncalled bet ($6) returned to kusznak
kusznak collected $23.52 from pot
kusznak: doesn't show hand
*** SUMMARY ***
Total pot $24 | Rake $0.48
Board [9h Qd 6s Jd]
Seat 1: krytalex (button) (small blind) folded on the Turn
Seat 4: kusznak (big blind) collected ($23.52)


PokerStars Hand #165196841285:  Hold'em Limit ($3/$6 USD) - 2017/01/26 10:58:02 ET
Table 'Zerbinetta II' 6-max Seat #1 is the button
Seat 1: krytalex ($72 in chips)
Seat 4: kusznak ($337.36 in chips)
krytalex: posts small blind $1
kusznak: posts big blind $3
*** HOLE CARDS ***
krytalex: folds
Uncalled bet ($2) returned to kusznak
kusznak collected $2 from pot
kusznak: doesn't show hand
*** SUMMARY ***
Total pot $2 | Rake $0
Seat 1: krytalex (button) (small blind) folded before Flop
Seat 4: kusznak (big blind) collected ($2)


PokerStars Hand #165196837147:  Hold'em Limit ($3/$6 USD) - 2017/01/26 10:57:55 ET
Table 'Zerbinetta II' 6-max Seat #4 is the button
Seat 1: krytalex ($72 in chips)
Seat 4: kusznak ($334.36 in chips)
kusznak: posts small blind $1
krytalex: posts big blind $3
*** HOLE CARDS ***
kusznak: raises $3 to $6
krytalex: folds
Uncalled bet ($3) returned to kusznak
kusznak collected $6 from pot
kusznak: doesn't show hand
*** SUMMARY ***
Total pot $6 | Rake $0
Seat 1: krytalex (big blind) folded before Flop
Seat 4: kusznak (button) (small blind) collected ($6)


