PokerStars Hand #160969893353:  Hold'em Limit ($3/$6 USD) - 2016/11/05 22:35:42 ET
Table 'Zerbinetta' 6-max Seat #1 is the button
Seat 1: Masqb ($68 in chips)
Seat 3: Creasyonfire ($131.52 in chips)
Masqb: posts small blind $1
Creasyonfire: posts big blind $3
*** HOLE CARDS ***
Masqb: folds
Uncalled bet ($2) returned to Creasyonfire
Creasyonfire collected $2 from pot
Creasyonfire: doesn't show hand
*** SUMMARY ***
Total pot $2 | Rake $0
Seat 1: Masqb (button) (small blind) folded before Flop
Seat 3: Creasyonfire (big blind) collected ($2)


PokerStars Hand #160969888425:  Hold'em Limit ($3/$6 USD) - 2016/11/05 22:35:30 ET
Table 'Zerbinetta' 6-max Seat #3 is the button
Seat 1: Masqb ($74 in chips)
Seat 3: Creasyonfire ($125.76 in chips)
Creasyonfire: posts small blind $1
Masqb: posts big blind $3
*** HOLE CARDS ***
Creasyonfire: raises $3 to $6
Masqb: calls $3
*** FLOP *** [Jc Qc 4d]
Masqb: checks
Creasyonfire: bets $3
Masqb: folds
Uncalled bet ($3) returned to Creasyonfire
Creasyonfire collected $11.76 from pot
Creasyonfire: doesn't show hand
*** SUMMARY ***
Total pot $12 | Rake $0.24
Board [Jc Qc 4d]
Seat 1: Masqb (big blind) folded on the Flop
Seat 3: Creasyonfire (button) (small blind) collected ($11.76)


PokerStars Hand #160969886369:  Hold'em Limit ($3/$6 USD) - 2016/11/05 22:35:25 ET
Table 'Zerbinetta' 6-max Seat #1 is the button
Seat 1: Masqb ($75 in chips)
Seat 3: Creasyonfire ($124.76 in chips)
Masqb: posts small blind $1
Creasyonfire: posts big blind $3
*** HOLE CARDS ***
Masqb: folds
Uncalled bet ($2) returned to Creasyonfire
Creasyonfire collected $2 from pot
Creasyonfire: doesn't show hand
*** SUMMARY ***
Total pot $2 | Rake $0
Seat 1: Masqb (button) (small blind) folded before Flop
Seat 3: Creasyonfire (big blind) collected ($2)


PokerStars Hand #160969884461:  Hold'em Limit ($3/$6 USD) - 2016/11/05 22:35:20 ET
Table 'Zerbinetta' 6-max Seat #3 is the button
Seat 1: Masqb ($74 in chips)
Seat 3: Creasyonfire ($125.76 in chips)
Creasyonfire: posts small blind $1
Masqb: posts big blind $3
*** HOLE CARDS ***
Creasyonfire: folds
Uncalled bet ($2) returned to Masqb
Masqb collected $2 from pot
Masqb: doesn't show hand
*** SUMMARY ***
Total pot $2 | Rake $0
Seat 1: Masqb (big blind) collected ($2)
Seat 3: Creasyonfire (button) (small blind) folded before Flop


PokerStars Hand #160969879825:  Hold'em Limit ($3/$6 USD) - 2016/11/05 22:35:09 ET
Table 'Zerbinetta' 6-max Seat #1 is the button
Seat 1: Masqb ($80 in chips)
Seat 3: Creasyonfire ($120 in chips)
Masqb: posts small blind $1
Creasyonfire: posts big blind $3
*** HOLE CARDS ***
Masqb: raises $3 to $6
Creasyonfire: calls $3
*** FLOP *** [Kc Jh Qc]
Creasyonfire: bets $3
Masqb: folds
Uncalled bet ($3) returned to Creasyonfire
Creasyonfire collected $11.76 from pot
Creasyonfire: doesn't show hand
*** SUMMARY ***
Total pot $12 | Rake $0.24
Board [Kc Jh Qc]
Seat 1: Masqb (button) (small blind) folded on the Flop
Seat 3: Creasyonfire (big blind) collected ($11.76)


PokerStars Hand #160969901931:  Hold'em Limit ($3/$6 USD) - 2016/11/05 22:36:02 ET
Table 'Zerbinetta' 6-max Seat #1 is the button
Seat 1: Masqb ($72 in chips)
Seat 3: Creasyonfire ($127.52 in chips)
Masqb: posts small blind $1
Creasyonfire: posts big blind $3
*** HOLE CARDS ***
Masqb: raises $3 to $6
Creasyonfire: raises $3 to $9
Masqb: calls $3
*** FLOP *** [Ad 7h Qd]
Creasyonfire: bets $3
Masqb: calls $3
*** TURN *** [Ad 7h Qd] [5h]
Creasyonfire: bets $6
Masqb: raises $6 to $12
jrisaacnet joins the table at seat #5
Creasyonfire: folds
Uncalled bet ($6) returned to Masqb
Masqb collected $35.50 from pot
Masqb: doesn't show hand
*** SUMMARY ***
Total pot $36 | Rake $0.50
Board [Ad 7h Qd 5h]
Seat 1: Masqb (button) (small blind) collected ($35.50)
Seat 3: Creasyonfire (big blind) folded on the Turn


PokerStars Hand #160969900006:  Hold'em Limit ($3/$6 USD) - 2016/11/05 22:35:58 ET
Table 'Zerbinetta' 6-max Seat #3 is the button
Seat 1: Masqb ($71 in chips)
Seat 3: Creasyonfire ($128.52 in chips)
Creasyonfire: posts small blind $1
Masqb: posts big blind $3
*** HOLE CARDS ***
Creasyonfire: folds
Uncalled bet ($2) returned to Masqb
Masqb collected $2 from pot
Masqb: doesn't show hand
*** SUMMARY ***
Total pot $2 | Rake $0
Seat 1: Masqb (big blind) collected ($2)
Seat 3: Creasyonfire (button) (small blind) folded before Flop


PokerStars Hand #160969897264:  Hold'em Limit ($3/$6 USD) - 2016/11/05 22:35:51 ET
Table 'Zerbinetta' 6-max Seat #1 is the button
Seat 1: Masqb ($68 in chips)
Seat 3: Creasyonfire ($131.52 in chips)
Masqb: posts small blind $1
Creasyonfire: posts big blind $3
*** HOLE CARDS ***
Masqb: raises $3 to $6
Creasyonfire: folds
Uncalled bet ($3) returned to Masqb
Masqb collected $6 from pot
Masqb: doesn't show hand
*** SUMMARY ***
Total pot $6 | Rake $0
Seat 1: Masqb (button) (small blind) collected ($6)
Seat 3: Creasyonfire (big blind) folded before Flop


PokerStars Hand #160969895374:  Hold'em Limit ($3/$6 USD) - 2016/11/05 22:35:47 ET
Table 'Zerbinetta' 6-max Seat #3 is the button
Seat 1: Masqb ($67 in chips)
Seat 3: Creasyonfire ($132.52 in chips)
Creasyonfire: posts small blind $1
Masqb: posts big blind $3
*** HOLE CARDS ***
Creasyonfire: folds
Uncalled bet ($2) returned to Masqb
Masqb collected $2 from pot
Masqb: doesn't show hand
*** SUMMARY ***
Total pot $2 | Rake $0
Seat 1: Masqb (big blind) collected ($2)
Seat 3: Creasyonfire (button) (small blind) folded before Flop


PokerStars Hand #160970074854:  Hold'em Limit ($3/$6 USD) - 2016/11/05 22:43:03 ET
Table 'Zerbinetta' 6-max Seat #1 is the button
Seat 1: Masqb ($165.87 in chips)
Seat 5: jrisaacnet ($166.18 in chips)
Masqb: posts small blind $1
jrisaacnet: posts big blind $3
*** HOLE CARDS ***
Creasyonfire leaves the table
Masqb: folds
Uncalled bet ($2) returned to jrisaacnet
jrisaacnet collected $2 from pot
*** SUMMARY ***
Total pot $2 | Rake $0
Seat 1: Masqb (button) (small blind) folded before Flop
Seat 5: jrisaacnet (big blind) collected ($2)


PokerStars Hand #160970078081:  Hold'em Limit ($3/$6 USD) - 2016/11/05 22:43:11 ET
Table 'Zerbinetta' 6-max Seat #5 is the button
Seat 1: Masqb ($164.87 in chips)
Seat 5: jrisaacnet ($167.18 in chips)
jrisaacnet: posts small blind $1
Masqb: posts big blind $3
*** HOLE CARDS ***
jrisaacnet: raises $3 to $6
Masqb: calls $3
*** FLOP *** [2s Jh Qd]
Masqb: checks
jrisaacnet: bets $3
Masqb: calls $3
*** TURN *** [2s Jh Qd] [6c]
Masqb: checks
jrisaacnet: checks
*** RIVER *** [2s Jh Qd 6c] [9h]
Masqb: checks
jrisaacnet: checks
*** SHOW DOWN ***
Masqb: shows [4c 2c] (a pair of Deuces)
jrisaacnet: mucks hand
Masqb collected $17.64 from pot
*** SUMMARY ***
Total pot $18 | Rake $0.36
Board [2s Jh Qd 6c 9h]
Seat 1: Masqb (big blind) showed [4c 2c] and won ($17.64) with a pair of Deuces
Seat 5: jrisaacnet (button) (small blind) mucked


PokerStars Hand #160970088557:  Hold'em Limit ($3/$6 USD) - 2016/11/05 22:43:36 ET
Table 'Zerbinetta' 6-max Seat #1 is the button
Seat 1: Masqb ($173.51 in chips)
Seat 5: jrisaacnet ($158.18 in chips)
Masqb: posts small blind $1
jrisaacnet: posts big blind $3
*** HOLE CARDS ***
Masqb: raises $3 to $6
jrisaacnet: calls $3
*** FLOP *** [6s Ac Qs]
jrisaacnet: checks
Masqb: bets $3
jrisaacnet: folds
Uncalled bet ($3) returned to Masqb
Masqb collected $11.76 from pot
Masqb: doesn't show hand
*** SUMMARY ***
Total pot $12 | Rake $0.24
Board [6s Ac Qs]
Seat 1: Masqb (button) (small blind) collected ($11.76)
Seat 5: jrisaacnet (big blind) folded on the Flop


PokerStars Hand #160970095881:  Hold'em Limit ($3/$6 USD) - 2016/11/05 22:43:54 ET
Table 'Zerbinetta' 6-max Seat #5 is the button
Seat 1: Masqb ($179.27 in chips)
Seat 5: jrisaacnet ($152.18 in chips)
jrisaacnet: posts small blind $1
Masqb: posts big blind $3
*** HOLE CARDS ***
jrisaacnet: calls $2
Masqb: checks
*** FLOP *** [Td 5c 3h]
Masqb: bets $3
jrisaacnet: calls $3
*** TURN *** [Td 5c 3h] [6s]
Masqb: bets $6
jrisaacnet: calls $6
*** RIVER *** [Td 5c 3h 6s] [4s]
Masqb: bets $6
jrisaacnet: raises $6 to $12
Masqb: calls $6
*** SHOW DOWN ***
jrisaacnet: shows [4c Qc] (a pair of Fours)
Masqb: shows [8d Ts] (a pair of Tens)
Masqb collected $47.50 from pot
*** SUMMARY ***
Total pot $48 | Rake $0.50
Board [Td 5c 3h 6s 4s]
Seat 1: Masqb (big blind) showed [8d Ts] and won ($47.50) with a pair of Tens
Seat 5: jrisaacnet (button) (small blind) showed [4c Qc] and lost with a pair of Fours


PokerStars Hand #160970108397:  Hold'em Limit ($3/$6 USD) - 2016/11/05 22:44:25 ET
Table 'Zerbinetta' 6-max Seat #1 is the button
Seat 1: Masqb ($202.77 in chips)
Seat 5: jrisaacnet ($128.18 in chips)
Masqb: posts small blind $1
jrisaacnet: posts big blind $3
*** HOLE CARDS ***
Masqb: raises $3 to $6
jrisaacnet: calls $3
*** FLOP *** [8c 8s Ac]
jrisaacnet: checks
Masqb: checks
*** TURN *** [8c 8s Ac] [Js]
jrisaacnet: checks
Masqb: checks
*** RIVER *** [8c 8s Ac Js] [Jh]
jrisaacnet: checks
Masqb: checks
*** SHOW DOWN ***
jrisaacnet: shows [3s 6d] (two pair, Jacks and Eights)
Masqb: shows [7s 7c] (two pair, Jacks and Eights)
jrisaacnet collected $5.88 from pot
Masqb collected $5.88 from pot
*** SUMMARY ***
Total pot $12 | Rake $0.24
Board [8c 8s Ac Js Jh]
Seat 1: Masqb (button) (small blind) showed [7s 7c] and won ($5.88) with two pair, Jacks and Eights
Seat 5: jrisaacnet (big blind) showed [3s 6d] and won ($5.88) with two pair, Jacks and Eights


PokerStars Hand #160970118787:  Hold'em Limit ($3/$6 USD) - 2016/11/05 22:44:51 ET
Table 'Zerbinetta' 6-max Seat #5 is the button
Seat 1: Masqb ($202.65 in chips)
Seat 5: jrisaacnet ($128.06 in chips)
jrisaacnet: posts small blind $1
Masqb: posts big blind $3
*** HOLE CARDS ***
jrisaacnet: raises $3 to $6
Masqb: calls $3
*** FLOP *** [3c Jd Tc]
Masqb: checks
jrisaacnet: bets $3
Masqb: raises $3 to $6
jrisaacnet: raises $3 to $9
Masqb: calls $3
*** TURN *** [3c Jd Tc] [Js]
Masqb: checks
jrisaacnet: bets $6
Masqb: calls $6
*** RIVER *** [3c Jd Tc Js] [7c]
Masqb: checks
jrisaacnet: bets $6
Masqb: folds
Uncalled bet ($6) returned to jrisaacnet
jrisaacnet collected $41.50 from pot
jrisaacnet: doesn't show hand
*** SUMMARY ***
Total pot $42 | Rake $0.50
Board [3c Jd Tc Js 7c]
Seat 1: Masqb (big blind) folded on the River
Seat 5: jrisaacnet (button) (small blind) collected ($41.50)


PokerStars Hand #160970131573:  Hold'em Limit ($3/$6 USD) - 2016/11/05 22:45:22 ET
Table 'Zerbinetta' 6-max Seat #1 is the button
Seat 1: Masqb ($181.65 in chips)
Seat 5: jrisaacnet ($148.56 in chips)
Masqb: posts small blind $1
jrisaacnet: posts big blind $3
*** HOLE CARDS ***
Masqb: raises $3 to $6
jrisaacnet: calls $3
*** FLOP *** [8c 2s 5h]
jrisaacnet: checks
Masqb: bets $3
jrisaacnet: raises $3 to $6
Masqb: calls $3
*** TURN *** [8c 2s 5h] [3h]
jrisaacnet: checks
Masqb: bets $6
jrisaacnet: calls $6
*** RIVER *** [8c 2s 5h 3h] [Td]
jrisaacnet: checks
Masqb: bets $6
jrisaacnet: folds
Uncalled bet ($6) returned to Masqb
Masqb collected $35.50 from pot
Masqb: doesn't show hand
*** SUMMARY ***
Total pot $36 | Rake $0.50
Board [8c 2s 5h 3h Td]
Seat 1: Masqb (button) (small blind) collected ($35.50)
Seat 5: jrisaacnet (big blind) folded on the River


PokerStars Hand #160970147112:  Hold'em Limit ($3/$6 USD) - 2016/11/05 22:46:01 ET
Table 'Zerbinetta' 6-max Seat #5 is the button
Seat 1: Masqb ($199.15 in chips)
Seat 5: jrisaacnet ($130.56 in chips)
jrisaacnet: posts small blind $1
Masqb: posts big blind $3
*** HOLE CARDS ***
jrisaacnet: raises $3 to $6
Masqb: raises $3 to $9
jrisaacnet: calls $3
*** FLOP *** [4d 3c 9d]
Masqb: bets $3
jrisaacnet: calls $3
*** TURN *** [4d 3c 9d] [8d]
Masqb: checks
jrisaacnet: checks
*** RIVER *** [4d 3c 9d 8d] [9h]
Masqb: bets $6
jrisaacnet: folds
Uncalled bet ($6) returned to Masqb
Masqb collected $23.52 from pot
Masqb: doesn't show hand
*** SUMMARY ***
Total pot $24 | Rake $0.48
Board [4d 3c 9d 8d 9h]
Seat 1: Masqb (big blind) collected ($23.52)
Seat 5: jrisaacnet (button) (small blind) folded on the River


PokerStars Hand #160970158653:  Hold'em Limit ($3/$6 USD) - 2016/11/05 22:46:29 ET
Table 'Zerbinetta' 6-max Seat #1 is the button
Seat 1: Masqb ($210.67 in chips)
Seat 5: jrisaacnet ($118.56 in chips)
Masqb: posts small blind $1
jrisaacnet: posts big blind $3
*** HOLE CARDS ***
Masqb: raises $3 to $6
jrisaacnet: raises $3 to $9
Masqb: calls $3
*** FLOP *** [9s Kh 2h]
jrisaacnet: bets $3
Masqb: calls $3
*** TURN *** [9s Kh 2h] [3c]
jrisaacnet: bets $6
Masqb: folds
Uncalled bet ($6) returned to jrisaacnet
jrisaacnet collected $23.52 from pot
jrisaacnet: doesn't show hand
*** SUMMARY ***
Total pot $24 | Rake $0.48
Board [9s Kh 2h 3c]
Seat 1: Masqb (button) (small blind) folded on the Turn
Seat 5: jrisaacnet (big blind) collected ($23.52)


PokerStars Hand #160970167040:  Hold'em Limit ($3/$6 USD) - 2016/11/05 22:46:50 ET
Table 'Zerbinetta' 6-max Seat #5 is the button
Seat 1: Masqb ($198.67 in chips)
Seat 5: jrisaacnet ($130.08 in chips)
jrisaacnet: posts small blind $1
Masqb: posts big blind $3
*** HOLE CARDS ***
jrisaacnet: calls $2
Masqb: checks
*** FLOP *** [8h Qd 5c]
Masqb: checks
jrisaacnet: bets $3
Masqb: calls $3
*** TURN *** [8h Qd 5c] [Ah]
Masqb: checks
jrisaacnet: bets $6
Masqb: calls $6
*** RIVER *** [8h Qd 5c Ah] [Tc]
Masqb: checks
jrisaacnet: bets $6
Masqb: raises $6 to $12
jrisaacnet: calls $6
*** SHOW DOWN ***
Masqb: shows [Ks 9h] (high card Ace)
jrisaacnet: shows [Qc 3d] (a pair of Queens)
jrisaacnet collected $47.50 from pot
*** SUMMARY ***
Total pot $48 | Rake $0.50
Board [8h Qd 5c Ah Tc]
Seat 1: Masqb (big blind) showed [Ks 9h] and lost with high card Ace
Seat 5: jrisaacnet (button) (small blind) showed [Qc 3d] and won ($47.50) with a pair of Queens


PokerStars Hand #160970179600:  Hold'em Limit ($3/$6 USD) - 2016/11/05 22:47:21 ET
Table 'Zerbinetta' 6-max Seat #1 is the button
Seat 1: Masqb ($174.67 in chips)
Seat 5: jrisaacnet ($153.58 in chips)
Masqb: posts small blind $1
jrisaacnet: posts big blind $3
*** HOLE CARDS ***
Masqb: raises $3 to $6
jrisaacnet: calls $3
*** FLOP *** [Jh 6c 4d]
jrisaacnet: checks
Masqb: bets $3
jrisaacnet: calls $3
*** TURN *** [Jh 6c 4d] [Jd]
jrisaacnet: checks
Masqb: checks
*** RIVER *** [Jh 6c 4d Jd] [Tc]
jrisaacnet: bets $6
Masqb: raises $6 to $12
jrisaacnet: calls $6
*** SHOW DOWN ***
Masqb: shows [Td 9s] (two pair, Jacks and Tens)
jrisaacnet: mucks hand
Masqb collected $41.50 from pot
*** SUMMARY ***
Total pot $42 | Rake $0.50
Board [Jh 6c 4d Jd Tc]
Seat 1: Masqb (button) (small blind) showed [Td 9s] and won ($41.50) with two pair, Jacks and Tens
Seat 5: jrisaacnet (big blind) mucked


PokerStars Hand #160970190213:  Hold'em Limit ($3/$6 USD) - 2016/11/05 22:47:47 ET
Table 'Zerbinetta' 6-max Seat #5 is the button
Seat 1: Masqb ($195.17 in chips)
Seat 5: jrisaacnet ($132.58 in chips)
jrisaacnet: posts small blind $1
Masqb: posts big blind $3
*** HOLE CARDS ***
jrisaacnet: raises $3 to $6
Masqb: folds
Uncalled bet ($3) returned to jrisaacnet
jrisaacnet collected $6 from pot
jrisaacnet: doesn't show hand
*** SUMMARY ***
Total pot $6 | Rake $0
Seat 1: Masqb (big blind) folded before Flop
Seat 5: jrisaacnet (button) (small blind) collected ($6)


PokerStars Hand #160970192755:  Hold'em Limit ($3/$6 USD) - 2016/11/05 22:47:54 ET
Table 'Zerbinetta' 6-max Seat #1 is the button
Seat 1: Masqb ($192.17 in chips)
Seat 5: jrisaacnet ($135.58 in chips)
Masqb: posts small blind $1
jrisaacnet: posts big blind $3
*** HOLE CARDS ***
Masqb: raises $3 to $6
jrisaacnet: folds
Uncalled bet ($3) returned to Masqb
Masqb collected $6 from pot
Masqb: doesn't show hand
*** SUMMARY ***
Total pot $6 | Rake $0
Seat 1: Masqb (button) (small blind) collected ($6)
Seat 5: jrisaacnet (big blind) folded before Flop


PokerStars Hand #160970195459:  Hold'em Limit ($3/$6 USD) - 2016/11/05 22:48:00 ET
Table 'Zerbinetta' 6-max Seat #5 is the button
Seat 1: Masqb ($195.17 in chips)
Seat 5: jrisaacnet ($132.58 in chips)
jrisaacnet: posts small blind $1
Masqb: posts big blind $3
*** HOLE CARDS ***
jrisaacnet: calls $2
Masqb: checks
*** FLOP *** [Kd Jd 5s]
Masqb: checks
jrisaacnet: bets $3
Masqb: folds
Uncalled bet ($3) returned to jrisaacnet
jrisaacnet collected $5.88 from pot
jrisaacnet: doesn't show hand
*** SUMMARY ***
Total pot $6 | Rake $0.12
Board [Kd Jd 5s]
Seat 1: Masqb (big blind) folded on the Flop
Seat 5: jrisaacnet (button) (small blind) collected ($5.88)


PokerStars Hand #160970201364:  Hold'em Limit ($3/$6 USD) - 2016/11/05 22:48:15 ET
Table 'Zerbinetta' 6-max Seat #1 is the button
Seat 1: Masqb ($192.17 in chips)
Seat 5: jrisaacnet ($135.46 in chips)
Masqb: posts small blind $1
jrisaacnet: posts big blind $3
*** HOLE CARDS ***
Masqb: folds
Uncalled bet ($2) returned to jrisaacnet
jrisaacnet collected $2 from pot
jrisaacnet: doesn't show hand
*** SUMMARY ***
Total pot $2 | Rake $0
Seat 1: Masqb (button) (small blind) folded before Flop
Seat 5: jrisaacnet (big blind) collected ($2)


PokerStars Hand #160970219855:  Hold'em Limit ($3/$6 USD) - 2016/11/05 22:48:43 ET
Table 'Zerbinetta' 6-max Seat #1 is the button
Seat 1: Masqb ($214.67 in chips)
Seat 5: jrisaacnet ($112.46 in chips)
Masqb: posts small blind $1
jrisaacnet: posts big blind $3
*** HOLE CARDS ***
Masqb: folds
Uncalled bet ($2) returned to jrisaacnet
jrisaacnet collected $2 from pot
jrisaacnet: doesn't show hand
*** SUMMARY ***
Total pot $2 | Rake $0
Seat 1: Masqb (button) (small blind) folded before Flop
Seat 5: jrisaacnet (big blind) collected ($2)


PokerStars Hand #160970210691:  Hold'em Limit ($3/$6 USD) - 2016/11/05 22:48:20 ET
Table 'Zerbinetta' 6-max Seat #5 is the button
Seat 1: Masqb ($191.17 in chips)
Seat 5: jrisaacnet ($136.46 in chips)
jrisaacnet: posts small blind $1
Masqb: posts big blind $3
*** HOLE CARDS ***
jrisaacnet: raises $3 to $6
Masqb: raises $3 to $9
jrisaacnet: calls $3
*** FLOP *** [Ah Tc 5d]
Masqb: bets $3
jrisaacnet: calls $3
*** TURN *** [Ah Tc 5d] [7c]
Masqb: bets $6
jrisaacnet: calls $6
*** RIVER *** [Ah Tc 5d 7c] [Js]
Masqb: bets $6
jrisaacnet: calls $6
*** SHOW DOWN ***
Masqb: shows [Kc As] (a pair of Aces)
jrisaacnet: mucks hand
Masqb collected $47.50 from pot
*** SUMMARY ***
Total pot $48 | Rake $0.50
Board [Ah Tc 5d 7c Js]
Seat 1: Masqb (big blind) showed [Kc As] and won ($47.50) with a pair of Aces
Seat 5: jrisaacnet (button) (small blind) mucked


PokerStars Hand #160970231376:  Hold'em Limit ($3/$6 USD) - 2016/11/05 22:49:11 ET
Table 'Zerbinetta' 6-max Seat #1 is the button
Seat 1: Masqb ($240.17 in chips)
Seat 5: jrisaacnet ($86.46 in chips)
Masqb: posts small blind $1
jrisaacnet: posts big blind $3
*** HOLE CARDS ***
Masqb: raises $3 to $6
jrisaacnet: raises $3 to $9
Masqb: calls $3
*** FLOP *** [5s 2h Th]
jrisaacnet: bets $3
Masqb: calls $3
*** TURN *** [5s 2h Th] [Kc]
jrisaacnet: bets $6
Masqb: calls $6
*** RIVER *** [5s 2h Th Kc] [3s]
jrisaacnet: bets $6
Masqb: raises $6 to $12
jrisaacnet: folds
Uncalled bet ($6) returned to Masqb
Masqb collected $47.50 from pot
Masqb: doesn't show hand
*** SUMMARY ***
Total pot $48 | Rake $0.50
Board [5s 2h Th Kc 3s]
Seat 1: Masqb (button) (small blind) collected ($47.50)
Seat 5: jrisaacnet (big blind) folded on the River


PokerStars Hand #160970221918:  Hold'em Limit ($3/$6 USD) - 2016/11/05 22:48:48 ET
Table 'Zerbinetta' 6-max Seat #5 is the button
Seat 1: Masqb ($213.67 in chips)
Seat 5: jrisaacnet ($113.46 in chips)
jrisaacnet: posts small blind $1
Masqb: posts big blind $3
*** HOLE CARDS ***
jrisaacnet: raises $3 to $6
Masqb: calls $3
*** FLOP *** [8c 4s 9s]
Masqb: checks
jrisaacnet: bets $3
Masqb: calls $3
*** TURN *** [8c 4s 9s] [Js]
Masqb: checks
jrisaacnet: bets $6
Masqb: raises $6 to $12
jrisaacnet: calls $6
*** RIVER *** [8c 4s 9s Js] [6c]
Masqb: bets $6
jrisaacnet: calls $6
*** SHOW DOWN ***
Masqb: shows [7s 5d] (a straight, Five to Nine)
jrisaacnet: mucks hand
Masqb collected $53.50 from pot
*** SUMMARY ***
Total pot $54 | Rake $0.50
Board [8c 4s 9s Js 6c]
Seat 1: Masqb (big blind) showed [7s 5d] and won ($53.50) with a straight, Five to Nine
Seat 5: jrisaacnet (button) (small blind) mucked


PokerStars Hand #160970267193:  Hold'em Limit ($3/$6 USD) - 2016/11/05 22:50:41 ET
Table 'Zerbinetta' 6-max Seat #5 is the button
Seat 1: Masqb ($251.67 in chips)
Seat 5: jrisaacnet ($73.86 in chips)
jrisaacnet: posts small blind $1
Masqb: posts big blind $3
*** HOLE CARDS ***
jrisaacnet: folds
Uncalled bet ($2) returned to Masqb
Masqb collected $2 from pot
Masqb: doesn't show hand
*** SUMMARY ***
Total pot $2 | Rake $0
Seat 1: Masqb (big blind) collected ($2)
Seat 5: jrisaacnet (button) (small blind) folded before Flop


PokerStars Hand #160970264657:  Hold'em Limit ($3/$6 USD) - 2016/11/05 22:50:34 ET
Table 'Zerbinetta' 6-max Seat #1 is the button
Seat 1: Masqb ($248.67 in chips)
Seat 5: jrisaacnet ($76.86 in chips)
Masqb: posts small blind $1
jrisaacnet: posts big blind $3
*** HOLE CARDS ***
Masqb: raises $3 to $6
jrisaacnet: folds
Uncalled bet ($3) returned to Masqb
Masqb collected $6 from pot
Masqb: doesn't show hand
*** SUMMARY ***
Total pot $6 | Rake $0
Seat 1: Masqb (button) (small blind) collected ($6)
Seat 5: jrisaacnet (big blind) folded before Flop


PokerStars Hand #160970244179:  Hold'em Limit ($3/$6 USD) - 2016/11/05 22:49:43 ET
Table 'Zerbinetta' 6-max Seat #5 is the button
Seat 1: Masqb ($263.67 in chips)
Seat 5: jrisaacnet ($62.46 in chips)
jrisaacnet: posts small blind $1
Masqb: posts big blind $3
*** HOLE CARDS ***
jrisaacnet: calls $2
Masqb: checks
*** FLOP *** [5d 7h Js]
Masqb: checks
jrisaacnet: bets $3
Masqb: folds
Uncalled bet ($3) returned to jrisaacnet
jrisaacnet collected $5.88 from pot
jrisaacnet: doesn't show hand
*** SUMMARY ***
Total pot $6 | Rake $0.12
Board [5d 7h Js]
Seat 1: Masqb (big blind) folded on the Flop
Seat 5: jrisaacnet (button) (small blind) collected ($5.88)


PokerStars Hand #160970251074:  Hold'em Limit ($3/$6 USD) - 2016/11/05 22:50:01 ET
Table 'Zerbinetta' 6-max Seat #1 is the button
Seat 1: Masqb ($260.67 in chips)
Seat 5: jrisaacnet ($65.34 in chips)
Masqb: posts small blind $1
jrisaacnet: posts big blind $3
*** HOLE CARDS ***
Masqb: raises $3 to $6
jrisaacnet: calls $3
*** FLOP *** [Kd 8d Tc]
jrisaacnet: bets $3
Masqb: folds
Uncalled bet ($3) returned to jrisaacnet
jrisaacnet collected $11.76 from pot
jrisaacnet: doesn't show hand
*** SUMMARY ***
Total pot $12 | Rake $0.24
Board [Kd 8d Tc]
Seat 1: Masqb (button) (small blind) folded on the Flop
Seat 5: jrisaacnet (big blind) collected ($11.76)


PokerStars Hand #160970256530:  Hold'em Limit ($3/$6 USD) - 2016/11/05 22:50:14 ET
Table 'Zerbinetta' 6-max Seat #5 is the button
Seat 1: Masqb ($254.67 in chips)
Seat 5: jrisaacnet ($71.10 in chips)
jrisaacnet: posts small blind $1
Masqb: posts big blind $3
*** HOLE CARDS ***
jrisaacnet: calls $2
Masqb: raises $3 to $6
jrisaacnet: calls $3
*** FLOP *** [3c Kd Jh]
Masqb: checks
jrisaacnet: bets $3
Masqb: folds
Uncalled bet ($3) returned to jrisaacnet
jrisaacnet collected $11.76 from pot
jrisaacnet: doesn't show hand
*** SUMMARY ***
Total pot $12 | Rake $0.24
Board [3c Kd Jh]
Seat 1: Masqb (big blind) folded on the Flop
Seat 5: jrisaacnet (button) (small blind) collected ($11.76)


PokerStars Hand #160970269598:  Hold'em Limit ($3/$6 USD) - 2016/11/05 22:50:47 ET
Table 'Zerbinetta' 6-max Seat #1 is the button
Seat 1: Masqb ($252.67 in chips)
Seat 5: jrisaacnet ($72.86 in chips)
Masqb: posts small blind $1
jrisaacnet: posts big blind $3
*** HOLE CARDS ***
Masqb: raises $3 to $6
jrisaacnet: raises $3 to $9
Masqb: calls $3
*** FLOP *** [8d 7d Tc]
jrisaacnet: bets $3
Masqb: calls $3
*** TURN *** [8d 7d Tc] [8h]
jrisaacnet: bets $6
Masqb: calls $6
*** RIVER *** [8d 7d Tc 8h] [Td]
jrisaacnet: checks
Masqb: checks
*** SHOW DOWN ***
jrisaacnet: shows [Kd Js] (two pair, Tens and Eights)
Masqb: mucks hand
jrisaacnet collected $35.50 from pot
*** SUMMARY ***
Total pot $36 | Rake $0.50
Board [8d 7d Tc 8h Td]
Seat 1: Masqb (button) (small blind) mucked
Seat 5: jrisaacnet (big blind) showed [Kd Js] and won ($35.50) with two pair, Tens and Eights


PokerStars Hand #160970287660:  Hold'em Limit ($3/$6 USD) - 2016/11/05 22:51:32 ET
Table 'Zerbinetta' 6-max Seat #1 is the button
Seat 1: Masqb ($228.67 in chips)
Seat 5: jrisaacnet ($96.12 in chips)
Masqb: posts small blind $1
jrisaacnet: posts big blind $3
*** HOLE CARDS ***
Masqb: raises $3 to $6
jrisaacnet: folds
Uncalled bet ($3) returned to Masqb
Masqb collected $6 from pot
Masqb: doesn't show hand
*** SUMMARY ***
Total pot $6 | Rake $0
Seat 1: Masqb (button) (small blind) collected ($6)
Seat 5: jrisaacnet (big blind) folded before Flop


PokerStars Hand #160970281895:  Hold'em Limit ($3/$6 USD) - 2016/11/05 22:51:18 ET
Table 'Zerbinetta' 6-max Seat #5 is the button
Seat 1: Masqb ($234.67 in chips)
Seat 5: jrisaacnet ($90.36 in chips)
jrisaacnet: posts small blind $1
Masqb: posts big blind $3
*** HOLE CARDS ***
jrisaacnet: raises $3 to $6
Masqb: calls $3
*** FLOP *** [Tc 8c 5h]
Masqb: checks
jrisaacnet: bets $3
Masqb: folds
Uncalled bet ($3) returned to jrisaacnet
jrisaacnet collected $11.76 from pot
jrisaacnet: doesn't show hand
*** SUMMARY ***
Total pot $12 | Rake $0.24
Board [Tc 8c 5h]
Seat 1: Masqb (big blind) folded on the Flop
Seat 5: jrisaacnet (button) (small blind) collected ($11.76)


PokerStars Hand #160970299195:  Hold'em Limit ($3/$6 USD) - 2016/11/05 22:52:01 ET
Table 'Zerbinetta' 6-max Seat #1 is the button
Seat 1: Masqb ($246.17 in chips)
Seat 5: jrisaacnet ($78.12 in chips)
Masqb: posts small blind $1
jrisaacnet: posts big blind $3
*** HOLE CARDS ***
Masqb: folds
Uncalled bet ($2) returned to jrisaacnet
jrisaacnet collected $2 from pot
jrisaacnet: doesn't show hand
*** SUMMARY ***
Total pot $2 | Rake $0
Seat 1: Masqb (button) (small blind) folded before Flop
Seat 5: jrisaacnet (big blind) collected ($2)


PokerStars Hand #160970290010:  Hold'em Limit ($3/$6 USD) - 2016/11/05 22:51:38 ET
Table 'Zerbinetta' 6-max Seat #5 is the button
Seat 1: Masqb ($231.67 in chips)
Seat 5: jrisaacnet ($93.12 in chips)
jrisaacnet: posts small blind $1
Masqb: posts big blind $3
*** HOLE CARDS ***
jrisaacnet: calls $2
Masqb: checks
*** FLOP *** [3h 2h 4s]
Masqb: bets $3
jrisaacnet: raises $3 to $6
Masqb: calls $3
*** TURN *** [3h 2h 4s] [8d]
Masqb: checks
jrisaacnet: bets $6
Masqb: calls $6
*** RIVER *** [3h 2h 4s 8d] [9d]
Masqb: checks
jrisaacnet: checks
*** SHOW DOWN ***
Masqb: shows [3d Kc] (a pair of Threes)
jrisaacnet: mucks hand
Masqb collected $29.50 from pot
*** SUMMARY ***
Total pot $30 | Rake $0.50
Board [3h 2h 4s 8d 9d]
Seat 1: Masqb (big blind) showed [3d Kc] and won ($29.50) with a pair of Threes
Seat 5: jrisaacnet (button) (small blind) mucked


PokerStars Hand #160970310764:  Hold'em Limit ($3/$6 USD) - 2016/11/05 22:52:31 ET
Table 'Zerbinetta' 6-max Seat #1 is the button
Seat 1: Masqb ($277.67 in chips)
Seat 5: jrisaacnet ($46.12 in chips)
Masqb: posts small blind $1
jrisaacnet: posts big blind $3
*** HOLE CARDS ***
Masqb: raises $3 to $6
jrisaacnet: folds
Uncalled bet ($3) returned to Masqb
Masqb collected $6 from pot
Masqb: doesn't show hand
*** SUMMARY ***
Total pot $6 | Rake $0
Seat 1: Masqb (button) (small blind) collected ($6)
Seat 5: jrisaacnet (big blind) folded before Flop


PokerStars Hand #160970301187:  Hold'em Limit ($3/$6 USD) - 2016/11/05 22:52:06 ET
Table 'Zerbinetta' 6-max Seat #5 is the button
Seat 1: Masqb ($245.17 in chips)
Seat 5: jrisaacnet ($79.12 in chips)
jrisaacnet: posts small blind $1
Masqb: posts big blind $3
*** HOLE CARDS ***
jrisaacnet: raises $3 to $6
Masqb: raises $3 to $9
jrisaacnet: raises $3 to $12
Betting is capped
Masqb: calls $3
*** FLOP *** [3d Jc 6c]
Masqb: checks
jrisaacnet: bets $3
Masqb: calls $3
*** TURN *** [3d Jc 6c] [9s]
Masqb: checks
jrisaacnet: bets $6
Masqb: raises $6 to $12
jrisaacnet: calls $6
*** RIVER *** [3d Jc 6c 9s] [9d]
Masqb: bets $6
jrisaacnet: calls $6
*** SHOW DOWN ***
Masqb: shows [9c Ac] (three of a kind, Nines)
jrisaacnet: mucks hand
Masqb collected $65.50 from pot
*** SUMMARY ***
Total pot $66 | Rake $0.50
Board [3d Jc 6c 9s 9d]
Seat 1: Masqb (big blind) showed [9c Ac] and won ($65.50) with three of a kind, Nines
Seat 5: jrisaacnet (button) (small blind) mucked


PokerStars Hand #160970331485:  Hold'em Limit ($3/$6 USD) - 2016/11/05 22:53:23 ET
Table 'Zerbinetta' 6-max Seat #5 is the button
Seat 1: Masqb ($290.17 in chips)
Seat 5: jrisaacnet ($32.88 in chips)
jrisaacnet: posts small blind $1
Masqb: posts big blind $3
*** HOLE CARDS ***
jrisaacnet: raises $3 to $6
Masqb: calls $3
*** FLOP *** [Js Ad 2c]
Masqb: checks
jrisaacnet: checks
*** TURN *** [Js Ad 2c] [4s]
Masqb: checks
jrisaacnet: checks
*** RIVER *** [Js Ad 2c 4s] [7d]
Masqb: checks
jrisaacnet: checks
*** SHOW DOWN ***
Masqb: shows [Qs 8c] (high card Ace)
jrisaacnet: mucks hand
Masqb collected $11.76 from pot
*** SUMMARY ***
Total pot $12 | Rake $0.24
Board [Js Ad 2c 4s 7d]
Seat 1: Masqb (big blind) showed [Qs 8c] and won ($11.76) with high card Ace
Seat 5: jrisaacnet (button) (small blind) mucked


PokerStars Hand #160970318554:  Hold'em Limit ($3/$6 USD) - 2016/11/05 22:52:50 ET
Table 'Zerbinetta' 6-max Seat #1 is the button
Seat 1: Masqb ($274.67 in chips)
Seat 5: jrisaacnet ($48.88 in chips)
Masqb: posts small blind $1
jrisaacnet: posts big blind $3
*** HOLE CARDS ***
Masqb: folds
Uncalled bet ($2) returned to jrisaacnet
jrisaacnet collected $2 from pot
jrisaacnet: doesn't show hand
*** SUMMARY ***
Total pot $2 | Rake $0
Seat 1: Masqb (button) (small blind) folded before Flop
Seat 5: jrisaacnet (big blind) collected ($2)


PokerStars Hand #160970314258:  Hold'em Limit ($3/$6 USD) - 2016/11/05 22:52:39 ET
Table 'Zerbinetta' 6-max Seat #5 is the button
Seat 1: Masqb ($280.67 in chips)
Seat 5: jrisaacnet ($43.12 in chips)
jrisaacnet: posts small blind $1
Masqb: posts big blind $3
*** HOLE CARDS ***
jrisaacnet: raises $3 to $6
Masqb: calls $3
*** FLOP *** [Jh 9c 5d]
Masqb: checks
jrisaacnet: bets $3
Masqb: folds
Uncalled bet ($3) returned to jrisaacnet
jrisaacnet collected $11.76 from pot
jrisaacnet: doesn't show hand
*** SUMMARY ***
Total pot $12 | Rake $0.24
Board [Jh 9c 5d]
Seat 1: Masqb (big blind) folded on the Flop
Seat 5: jrisaacnet (button) (small blind) collected ($11.76)


PokerStars Hand #160970320420:  Hold'em Limit ($3/$6 USD) - 2016/11/05 22:52:55 ET
Table 'Zerbinetta' 6-max Seat #5 is the button
Seat 1: Masqb ($273.67 in chips)
Seat 5: jrisaacnet ($49.88 in chips)
jrisaacnet: posts small blind $1
Masqb: posts big blind $3
*** HOLE CARDS ***
jrisaacnet: raises $3 to $6
Masqb: calls $3
*** FLOP *** [3h Ts Th]
Masqb: checks
jrisaacnet: checks
*** TURN *** [3h Ts Th] [6s]
Masqb: bets $6
jrisaacnet: raises $6 to $12
Masqb: calls $6
*** RIVER *** [3h Ts Th 6s] [9h]
Masqb: checks
jrisaacnet: checks
*** SHOW DOWN ***
Masqb: shows [9s 5s] (two pair, Tens and Nines)
jrisaacnet: mucks hand
Masqb collected $35.50 from pot
*** SUMMARY ***
Total pot $36 | Rake $0.50
Board [3h Ts Th 6s 9h]
Seat 1: Masqb (big blind) showed [9s 5s] and won ($35.50) with two pair, Tens and Nines
Seat 5: jrisaacnet (button) (small blind) mucked


PokerStars Hand #160970329338:  Hold'em Limit ($3/$6 USD) - 2016/11/05 22:53:18 ET
Table 'Zerbinetta' 6-max Seat #1 is the button
Seat 1: Masqb ($291.17 in chips)
Seat 5: jrisaacnet ($31.88 in chips)
Masqb: posts small blind $1
jrisaacnet: posts big blind $3
*** HOLE CARDS ***
Masqb: folds
Uncalled bet ($2) returned to jrisaacnet
jrisaacnet collected $2 from pot
jrisaacnet: doesn't show hand
*** SUMMARY ***
Total pot $2 | Rake $0
Seat 1: Masqb (button) (small blind) folded before Flop
Seat 5: jrisaacnet (big blind) collected ($2)


PokerStars Hand #160970340448:  Hold'em Limit ($3/$6 USD) - 2016/11/05 22:53:46 ET
Table 'Zerbinetta' 6-max Seat #1 is the button
Seat 1: Masqb ($295.93 in chips)
Seat 5: jrisaacnet ($26.88 in chips)
Masqb: posts small blind $1
jrisaacnet: posts big blind $3
*** HOLE CARDS ***
Masqb: raises $3 to $6
jrisaacnet: raises $3 to $9
Masqb: calls $3
*** FLOP *** [Ad 7h Kd]
jrisaacnet: checks
Masqb: checks
*** TURN *** [Ad 7h Kd] [Jc]
jrisaacnet: checks
Masqb: checks
*** RIVER *** [Ad 7h Kd Jc] [3h]
jrisaacnet: checks
Masqb: checks
*** SHOW DOWN ***
jrisaacnet: shows [8c 8h] (a pair of Eights)
Masqb: mucks hand
jrisaacnet collected $17.64 from pot
*** SUMMARY ***
Total pot $18 | Rake $0.36
Board [Ad 7h Kd Jc 3h]
Seat 1: Masqb (button) (small blind) mucked
Seat 5: jrisaacnet (big blind) showed [8c 8h] and won ($17.64) with a pair of Eights


PokerStars Hand #160970350409:  Hold'em Limit ($3/$6 USD) - 2016/11/05 22:54:11 ET
Table 'Zerbinetta' 6-max Seat #5 is the button
Seat 1: Masqb ($286.93 in chips)
Seat 5: jrisaacnet ($35.52 in chips)
jrisaacnet: posts small blind $1
Masqb: posts big blind $3
*** HOLE CARDS ***
jrisaacnet: calls $2
Masqb: checks
*** FLOP *** [7s 2c 5h]
Masqb: checks
jrisaacnet: checks
*** TURN *** [7s 2c 5h] [9c]
Masqb: bets $6
jrisaacnet: calls $6
*** RIVER *** [7s 2c 5h 9c] [8c]
Masqb: bets $6
jrisaacnet: calls $6
*** SHOW DOWN ***
Masqb: shows [Td 9s] (a pair of Nines)
jrisaacnet: mucks hand
Masqb collected $29.50 from pot
*** SUMMARY ***
Total pot $30 | Rake $0.50
Board [7s 2c 5h 9c 8c]
Seat 1: Masqb (big blind) showed [Td 9s] and won ($29.50) with a pair of Nines
Seat 5: jrisaacnet (button) (small blind) mucked


PokerStars Hand #160970360076:  Hold'em Limit ($3/$6 USD) - 2016/11/05 22:54:36 ET
Table 'Zerbinetta' 6-max Seat #1 is the button
Seat 1: Masqb ($301.43 in chips)
Seat 5: jrisaacnet ($20.52 in chips)
Masqb: posts small blind $1
jrisaacnet: posts big blind $3
*** HOLE CARDS ***
Masqb: raises $3 to $6
jrisaacnet: calls $3
*** FLOP *** [6c 5d 2h]
jrisaacnet: checks
Masqb: bets $3
jrisaacnet: calls $3
*** TURN *** [6c 5d 2h] [3h]
jrisaacnet: bets $6
Masqb: raises $6 to $12
jrisaacnet: folds
Uncalled bet ($6) returned to Masqb
Masqb collected $29.50 from pot
Masqb: doesn't show hand
*** SUMMARY ***
Total pot $30 | Rake $0.50
Board [6c 5d 2h 3h]
Seat 1: Masqb (button) (small blind) collected ($29.50)
Seat 5: jrisaacnet (big blind) folded on the Turn


PokerStars Hand #160970369217:  Hold'em Limit ($3/$6 USD) - 2016/11/05 22:54:59 ET
Table 'Zerbinetta' 6-max Seat #5 is the button
Seat 1: Masqb ($315.93 in chips)
Seat 5: jrisaacnet ($5.52 in chips)
jrisaacnet: posts small blind $1
Masqb: posts big blind $3
*** HOLE CARDS ***
jrisaacnet: raises $2.52 to $5.52 and is all-in
Masqb: calls $2.52
*** FLOP *** [Ac Td 9s]
*** TURN *** [Ac Td 9s] [Kh]
*** RIVER *** [Ac Td 9s Kh] [3c]
*** SHOW DOWN ***
Masqb: shows [8d 3d] (a pair of Threes)
jrisaacnet: shows [4s 4c] (a pair of Fours)
jrisaacnet collected $10.82 from pot
*** SUMMARY ***
Total pot $11.04 | Rake $0.22
Board [Ac Td 9s Kh 3c]
Seat 1: Masqb (big blind) showed [8d 3d] and lost with a pair of Threes
Seat 5: jrisaacnet (button) (small blind) showed [4s 4c] and won ($10.82) with a pair of Fours


PokerStars Hand #160970374320:  Hold'em Limit ($3/$6 USD) - 2016/11/05 22:55:12 ET
Table 'Zerbinetta' 6-max Seat #1 is the button
Seat 1: Masqb ($310.41 in chips)
Seat 5: jrisaacnet ($10.82 in chips)
Masqb: posts small blind $1
jrisaacnet: posts big blind $3
*** HOLE CARDS ***
Masqb: raises $3 to $6
jrisaacnet: folds
Uncalled bet ($3) returned to Masqb
Masqb collected $6 from pot
Masqb: doesn't show hand
*** SUMMARY ***
Total pot $6 | Rake $0
Seat 1: Masqb (button) (small blind) collected ($6)
Seat 5: jrisaacnet (big blind) folded before Flop


PokerStars Hand #160970379031:  Hold'em Limit ($3/$6 USD) - 2016/11/05 22:55:25 ET
Table 'Zerbinetta' 6-max Seat #5 is the button
Seat 1: Masqb ($313.41 in chips)
Seat 5: jrisaacnet ($7.82 in chips)
jrisaacnet: posts small blind $1
Masqb: posts big blind $3
*** HOLE CARDS ***
jrisaacnet: folds
Uncalled bet ($2) returned to Masqb
Masqb collected $2 from pot
Masqb: doesn't show hand
*** SUMMARY ***
Total pot $2 | Rake $0
Seat 1: Masqb (big blind) collected ($2)
Seat 5: jrisaacnet (button) (small blind) folded before Flop


PokerStars Hand #160970381398:  Hold'em Limit ($3/$6 USD) - 2016/11/05 22:55:32 ET
Table 'Zerbinetta' 6-max Seat #1 is the button
Seat 1: Masqb ($314.41 in chips)
Seat 5: jrisaacnet ($6.82 in chips)
Masqb: posts small blind $1
jrisaacnet: posts big blind $3
*** HOLE CARDS ***
Masqb: raises $3 to $6
jrisaacnet: raises $0.82 to $6.82 and is all-in
Masqb: calls $0.82
*** FLOP *** [Th Td Jh]
*** TURN *** [Th Td Jh] [As]
*** RIVER *** [Th Td Jh As] [Jd]
*** SHOW DOWN ***
jrisaacnet: shows [Qd Kd] (a straight, Ten to Ace)
Masqb: shows [Ac Tc] (a full house, Tens full of Aces)
Masqb collected $13.37 from pot
*** SUMMARY ***
Total pot $13.64 | Rake $0.27
Board [Th Td Jh As Jd]
Seat 1: Masqb (button) (small blind) showed [Ac Tc] and won ($13.37) with a full house, Tens full of Aces
Seat 5: jrisaacnet (big blind) showed [Qd Kd] and lost with a straight, Ten to Ace


