PokerStars Hand #146191229445:  Hold'em Limit ($3/$6 USD) - 2015/12/30 16:13:10 ET
Table 'Zerbinetta' 6-max Seat #1 is the button
Seat 1: PelonCabelao ($164.18 in chips)
Seat 5: Tichonov28 ($108 in chips)
PelonCabelao: posts small blind $1
Pandakey: is sitting out
Chessnok: is sitting out
Tichonov28: posts big blind $3
*** HOLE CARDS ***
Pandakey leaves the table
PelonCabelao: raises $3 to $6
Tichonov28: folds
Uncalled bet ($3) returned to PelonCabelao
PelonCabelao collected $6 from pot
PelonCabelao: doesn't show hand
*** SUMMARY ***
Total pot $6 | Rake $0
Seat 1: PelonCabelao (button) (small blind) collected ($6)
Seat 5: Tichonov28 (big blind) folded before Flop


PokerStars Hand #146191236876:  Hold'em Limit ($3/$6 USD) - 2015/12/30 16:13:18 ET
Table 'Zerbinetta' 6-max Seat #5 is the button
Seat 1: PelonCabelao ($167.18 in chips)
Seat 5: Tichonov28 ($105 in chips)
Tichonov28: posts small blind $1
PelonCabelao: posts big blind $3
*** HOLE CARDS ***
Tichonov28: raises $3 to $6
PelonCabelao: raises $3 to $9
Tichonov28: calls $3
*** FLOP *** [4d 6d 9c]
PelonCabelao: bets $3
Tichonov28: calls $3
*** TURN *** [4d 6d 9c] [9s]
PelonCabelao: bets $6
Tichonov28: raises $6 to $12
PelonCabelao: folds
Uncalled bet ($6) returned to Tichonov28
Tichonov28 collected $35.50 from pot
Tichonov28: doesn't show hand
*** SUMMARY ***
Total pot $36 | Rake $0.50
Board [4d 6d 9c 9s]
Seat 1: PelonCabelao (big blind) folded on the Turn
Seat 5: Tichonov28 (button) (small blind) collected ($35.50)


