PokerStars Hand #176592993655:  Hold'em Limit ($3/$6 USD) - 2017/10/07 2:20:04 ET
Table 'Zerlina' 6-max Seat #1 is the button
Seat 1: LifeisagameX ($84 in chips)
Seat 2: robinstacks ($108.98 in chips)
LifeisagameX: posts small blind $1
robinstacks: posts big blind $3
*** HOLE CARDS ***
LifeisagameX: raises $3 to $6
robinstacks: calls $3
*** FLOP *** [Ah 7c 3d]
robinstacks: checks
LifeisagameX: checks
*** TURN *** [Ah 7c 3d] [6h]
robinstacks: bets $6
LifeisagameX: calls $6
*** RIVER *** [Ah 7c 3d 6h] [2c]
robinstacks: bets $6
LifeisagameX: calls $6
*** SHOW DOWN ***
robinstacks: shows [5d Ac] (a pair of Aces)
LifeisagameX: mucks hand
robinstacks collected $35.50 from pot
*** SUMMARY ***
Total pot $36 | Rake $0.50
Board [Ah 7c 3d 6h 2c]
Seat 1: LifeisagameX (button) (small blind) mucked
Seat 2: robinstacks (big blind) showed [5d Ac] and won ($35.50) with a pair of Aces


PokerStars Hand #176593023900:  Hold'em Limit ($3/$6 USD) - 2017/10/07 2:22:03 ET
Table 'Zerlina' 6-max Seat #2 is the button
Seat 1: LifeisagameX ($86.50 in chips)
Seat 2: robinstacks ($123 in chips)
robinstacks: posts small blind $1
LifeisagameX: posts big blind $3
*** HOLE CARDS ***
robinstacks: raises $3 to $6
LifeisagameX: calls $3
*** FLOP *** [9d 2s Td]
LifeisagameX: checks
robinstacks: bets $3
LifeisagameX: folds
Uncalled bet ($3) returned to robinstacks
robinstacks collected $11.76 from pot
*** SUMMARY ***
Total pot $12 | Rake $0.24
Board [9d 2s Td]
Seat 1: LifeisagameX (big blind) folded on the Flop
Seat 2: robinstacks (button) (small blind) collected ($11.76)


PokerStars Hand #176593017299:  Hold'em Limit ($3/$6 USD) - 2017/10/07 2:21:37 ET
Table 'Zerlina' 6-max Seat #1 is the button
Seat 1: LifeisagameX ($98.50 in chips)
Seat 2: robinstacks ($111.48 in chips)
LifeisagameX: posts small blind $1
robinstacks: posts big blind $3
*** HOLE CARDS ***
LifeisagameX: raises $3 to $6
robinstacks: raises $3 to $9
LifeisagameX: calls $3
*** FLOP *** [8d 8c 8h]
robinstacks: bets $3
LifeisagameX: calls $3
*** TURN *** [8d 8c 8h] [Qs]
robinstacks: bets $6
LifeisagameX: folds
Uncalled bet ($6) returned to robinstacks
robinstacks collected $23.52 from pot
*** SUMMARY ***
Total pot $24 | Rake $0.48
Board [8d 8c 8h Qs]
Seat 1: LifeisagameX (button) (small blind) folded on the Turn
Seat 2: robinstacks (big blind) collected ($23.52)


PokerStars Hand #176593006152:  Hold'em Limit ($3/$6 USD) - 2017/10/07 2:20:53 ET
Table 'Zerlina' 6-max Seat #2 is the button
Seat 1: LifeisagameX ($84 in chips)
Seat 2: robinstacks ($126.48 in chips)
robinstacks: posts small blind $1
LifeisagameX: posts big blind $3
*** HOLE CARDS ***
robinstacks: raises $3 to $6
LifeisagameX: calls $3
*** FLOP *** [8c 4s Kd]
LifeisagameX: checks
robinstacks: bets $3
LifeisagameX: calls $3
*** TURN *** [8c 4s Kd] [Td]
LifeisagameX: checks
robinstacks: checks
*** RIVER *** [8c 4s Kd Td] [4d]
LifeisagameX: bets $6
robinstacks: calls $6
*** SHOW DOWN ***
LifeisagameX: shows [2d Ac] (a pair of Fours)
robinstacks: mucks hand
LifeisagameX collected $29.50 from pot
*** SUMMARY ***
Total pot $30 | Rake $0.50
Board [8c 4s Kd Td 4d]
Seat 1: LifeisagameX (big blind) showed [2d Ac] and won ($29.50) with a pair of Fours
Seat 2: robinstacks (button) (small blind) mucked


PokerStars Hand #176593028605:  Hold'em Limit ($3/$6 USD) - 2017/10/07 2:22:21 ET
Table 'Zerlina' 6-max Seat #1 is the button
Seat 1: LifeisagameX ($84 in chips)
Seat 2: robinstacks ($128.76 in chips)
LifeisagameX: posts small blind $1
robinstacks: posts big blind $3
*** HOLE CARDS ***
LifeisagameX: raises $3 to $6
robinstacks: calls $3
*** FLOP *** [Jc 8s 7s]
robinstacks: checks
LifeisagameX: checks
*** TURN *** [Jc 8s 7s] [Js]
robinstacks: bets $6
LifeisagameX: calls $6
*** RIVER *** [Jc 8s 7s Js] [9d]
robinstacks: checks
LifeisagameX: bets $6
robinstacks: calls $6
*** SHOW DOWN ***
LifeisagameX: shows [Td 8c] (a straight, Seven to Jack)
robinstacks: mucks hand
LifeisagameX collected $35.50 from pot
*** SUMMARY ***
Total pot $36 | Rake $0.50
Board [Jc 8s 7s Js 9d]
Seat 1: LifeisagameX (button) (small blind) showed [Td 8c] and won ($35.50) with a straight, Seven to Jack
Seat 2: robinstacks (big blind) mucked


PokerStars Hand #176593036188:  Hold'em Limit ($3/$6 USD) - 2017/10/07 2:22:51 ET
Table 'Zerlina' 6-max Seat #2 is the button
Seat 1: LifeisagameX ($101.50 in chips)
Seat 2: robinstacks ($110.76 in chips)
robinstacks: posts small blind $1
LifeisagameX: posts big blind $3
*** HOLE CARDS ***
robinstacks: raises $3 to $6
LifeisagameX: calls $3
*** FLOP *** [2c Qd Jh]
LifeisagameX: checks
robinstacks: bets $3
LifeisagameX: folds
Uncalled bet ($3) returned to robinstacks
robinstacks collected $11.76 from pot
*** SUMMARY ***
Total pot $12 | Rake $0.24
Board [2c Qd Jh]
Seat 1: LifeisagameX (big blind) folded on the Flop
Seat 2: robinstacks (button) (small blind) collected ($11.76)


PokerStars Hand #176593041505:  Hold'em Limit ($3/$6 USD) - 2017/10/07 2:23:12 ET
Table 'Zerlina' 6-max Seat #1 is the button
Seat 1: LifeisagameX ($95.50 in chips)
Seat 2: robinstacks ($116.52 in chips)
LifeisagameX: posts small blind $1
robinstacks: posts big blind $3
*** HOLE CARDS ***
LifeisagameX: raises $3 to $6
robinstacks: raises $3 to $9
LifeisagameX: calls $3
*** FLOP *** [9h Jh 4h]
robinstacks: bets $3
LifeisagameX: calls $3
*** TURN *** [9h Jh 4h] [Ks]
robinstacks: bets $6
LifeisagameX: folds
Uncalled bet ($6) returned to robinstacks
robinstacks collected $23.52 from pot
*** SUMMARY ***
Total pot $24 | Rake $0.48
Board [9h Jh 4h Ks]
Seat 1: LifeisagameX (button) (small blind) folded on the Turn
Seat 2: robinstacks (big blind) collected ($23.52)


PokerStars Hand #176593063381:  Hold'em Limit ($3/$6 USD) - 2017/10/07 2:24:38 ET
Table 'Zerlina' 6-max Seat #1 is the button
Seat 1: LifeisagameX ($84 in chips)
Seat 2: robinstacks ($145.54 in chips)
LifeisagameX: posts small blind $1
robinstacks: posts big blind $3
*** HOLE CARDS ***
LifeisagameX: raises $3 to $6
robinstacks: raises $3 to $9
LifeisagameX: calls $3
*** FLOP *** [6h Kh 6s]
robinstacks: bets $3
LifeisagameX: calls $3
*** TURN *** [6h Kh 6s] [Qh]
robinstacks: bets $6
LifeisagameX: calls $6
*** RIVER *** [6h Kh 6s Qh] [Jd]
robinstacks: checks
LifeisagameX: bets $6
robinstacks: calls $6
*** SHOW DOWN ***
LifeisagameX: shows [Th Js] (two pair, Jacks and Sixes)
robinstacks: shows [Ks 7s] (two pair, Kings and Sixes)
robinstacks collected $47.50 from pot
*** SUMMARY ***
Total pot $48 | Rake $0.50
Board [6h Kh 6s Qh Jd]
Seat 1: LifeisagameX (button) (small blind) showed [Th Js] and lost with two pair, Jacks and Sixes
Seat 2: robinstacks (big blind) showed [Ks 7s] and won ($47.50) with two pair, Kings and Sixes


PokerStars Hand #176593048954:  Hold'em Limit ($3/$6 USD) - 2017/10/07 2:23:42 ET
Table 'Zerlina' 6-max Seat #2 is the button
Seat 1: LifeisagameX ($84 in chips)
Seat 2: robinstacks ($128.04 in chips)
robinstacks: posts small blind $1
LifeisagameX: posts big blind $3
*** HOLE CARDS ***
robinstacks: raises $3 to $6
LifeisagameX: raises $3 to $9
robinstacks: calls $3
*** FLOP *** [8d 7c 7d]
LifeisagameX: bets $3
robinstacks: calls $3
*** TURN *** [8d 7c 7d] [9c]
LifeisagameX: checks
robinstacks: bets $6
LifeisagameX: calls $6
*** RIVER *** [8d 7c 7d 9c] [3c]
LifeisagameX: checks
robinstacks: bets $6
LifeisagameX: folds
Uncalled bet ($6) returned to robinstacks
robinstacks collected $35.50 from pot
*** SUMMARY ***
Total pot $36 | Rake $0.50
Board [8d 7c 7d 9c 3c]
Seat 1: LifeisagameX (big blind) folded on the River
Seat 2: robinstacks (button) (small blind) collected ($35.50)


PokerStars Hand #176593080561:  Hold'em Limit ($3/$6 USD) - 2017/10/07 2:25:46 ET
Table 'Zerlina' 6-max Seat #1 is the button
Seat 1: LifeisagameX ($89.76 in chips)
Seat 2: robinstacks ($163.04 in chips)
LifeisagameX: posts small blind $1
robinstacks: posts big blind $3
*** HOLE CARDS ***
LifeisagameX: folds
Uncalled bet ($2) returned to robinstacks
robinstacks collected $2 from pot
*** SUMMARY ***
Total pot $2 | Rake $0
Seat 1: LifeisagameX (button) (small blind) folded before Flop
Seat 2: robinstacks (big blind) collected ($2)


PokerStars Hand #176593072846:  Hold'em Limit ($3/$6 USD) - 2017/10/07 2:25:16 ET
Table 'Zerlina' 6-max Seat #2 is the button
Seat 1: LifeisagameX ($84 in chips)
Seat 2: robinstacks ($169.04 in chips)
robinstacks: posts small blind $1
LifeisagameX: posts big blind $3
*** HOLE CARDS ***
robinstacks: raises $3 to $6
LifeisagameX: calls $3
*** FLOP *** [7d 7h 5s]
LifeisagameX: checks
robinstacks: checks
*** TURN *** [7d 7h 5s] [7c]
LifeisagameX: checks
robinstacks: checks
*** RIVER *** [7d 7h 5s 7c] [Ac]
SANKO2009 joins the table at seat #3
LifeisagameX: checks
robinstacks: checks
*** SHOW DOWN ***
LifeisagameX: shows [9d Kc] (three of a kind, Sevens)
robinstacks: mucks hand
LifeisagameX collected $11.76 from pot
*** SUMMARY ***
Total pot $12 | Rake $0.24
Board [7d 7h 5s 7c Ac]
Seat 1: LifeisagameX (big blind) showed [9d Kc] and won ($11.76) with three of a kind, Sevens
Seat 2: robinstacks (button) (small blind) mucked


PokerStars Hand #176593126703:  Hold'em Limit ($3/$6 USD) - 2017/10/07 2:28:41 ET
Table 'Zerlina' 6-max Seat #4 is the button
Seat 2: robinstacks ($295.61 in chips)
Seat 4: Chessnok ($112.50 in chips)
Chessnok: posts small blind $1
robinstacks: posts big blind $3
*** HOLE CARDS ***
Chessnok: raises $3 to $6
robinstacks: calls $3
*** FLOP *** [Kd 3h 2c]
robinstacks: checks
Chessnok: bets $3
robinstacks: raises $3 to $6
Chessnok: calls $3
*** TURN *** [Kd 3h 2c] [Qd]
robinstacks: bets $6
Chessnok: calls $6
*** RIVER *** [Kd 3h 2c Qd] [6h]
robinstacks: bets $6
Chessnok: calls $6
*** SHOW DOWN ***
robinstacks: shows [Qh 2d] (two pair, Queens and Deuces)
Chessnok: mucks hand
robinstacks collected $47.50 from pot
*** SUMMARY ***
Total pot $48 | Rake $0.50
Board [Kd 3h 2c Qd 6h]
Seat 2: robinstacks (big blind) showed [Qh 2d] and won ($47.50) with two pair, Queens and Deuces
Seat 4: Chessnok (button) (small blind) mucked


PokerStars Hand #176593120451:  Hold'em Limit ($3/$6 USD) - 2017/10/07 2:28:18 ET
Table 'Zerlina' 6-max Seat #2 is the button
Seat 2: robinstacks ($325.61 in chips)
Seat 4: Chessnok ($83 in chips)
robinstacks: posts small blind $1
Chessnok: posts big blind $3
*** HOLE CARDS ***
robinstacks: raises $3 to $6
Chessnok: raises $3 to $9
robinstacks: raises $3 to $12
Betting is capped
Chessnok: calls $3
*** FLOP *** [2c 6d 4d]
Chessnok: checks
robinstacks: bets $3
Chessnok: raises $3 to $6
robinstacks: raises $3 to $9
Chessnok: raises $3 to $12
Betting is capped
robinstacks: calls $3
*** TURN *** [2c 6d 4d] [4c]
Chessnok: bets $6
robinstacks: calls $6
*** RIVER *** [2c 6d 4d 4c] [Ac]
Chessnok: checks
robinstacks: checks
*** SHOW DOWN ***
Chessnok: shows [Ts Th] (two pair, Tens and Fours)
robinstacks: mucks hand
Chessnok collected $59.50 from pot
*** SUMMARY ***
Total pot $60 | Rake $0.50
Board [2c 6d 4d 4c Ac]
Seat 2: robinstacks (button) (small blind) mucked
Seat 4: Chessnok (big blind) showed [Ts Th] and won ($59.50) with two pair, Tens and Fours


PokerStars Hand #176593509319:  Hold'em Limit ($3/$6 USD) - 2017/10/07 2:53:05 ET
Table 'Zerlina' 6-max Seat #4 is the button
Seat 3: SANKO2009 ($107.30 in chips)
Seat 4: Chessnok ($60 in chips)
Chessnok: posts small blind $1
uglyghost101: is sitting out
SANKO2009: posts big blind $3
*** HOLE CARDS ***
Chessnok: folds
Uncalled bet ($2) returned to SANKO2009
SANKO2009 collected $2 from pot
SANKO2009: doesn't show hand
*** SUMMARY ***
Total pot $2 | Rake $0
Seat 3: SANKO2009 (big blind) collected ($2)
Seat 4: Chessnok (button) (small blind) folded before Flop


PokerStars Hand #176593514089:  Hold'em Limit ($3/$6 USD) - 2017/10/07 2:53:23 ET
Table 'Zerlina' 6-max Seat #4 is the button
Seat 3: SANKO2009 ($99.30 in chips)
Seat 4: Chessnok ($68.64 in chips)
Chessnok: posts small blind $1
SANKO2009: posts big blind $3
*** HOLE CARDS ***
Chessnok: folds
Uncalled bet ($2) returned to SANKO2009
SANKO2009 collected $2 from pot
SANKO2009: doesn't show hand
*** SUMMARY ***
Total pot $2 | Rake $0
Seat 3: SANKO2009 (big blind) collected ($2)
Seat 4: Chessnok (button) (small blind) folded before Flop


PokerStars Hand #176593510590:  Hold'em Limit ($3/$6 USD) - 2017/10/07 2:53:10 ET
Table 'Zerlina' 6-max Seat #3 is the button
Seat 3: SANKO2009 ($108.30 in chips)
Seat 4: Chessnok ($60 in chips)
SANKO2009: posts small blind $1
Chessnok: posts big blind $3
*** HOLE CARDS ***
SANKO2009: calls $2
Chessnok: raises $3 to $6
SANKO2009: calls $3
*** FLOP *** [8d 8s Kd]
Chessnok: bets $3
SANKO2009: calls $3
*** TURN *** [8d 8s Kd] [Qh]
Chessnok: bets $6
SANKO2009: folds
Uncalled bet ($6) returned to Chessnok
Chessnok collected $17.64 from pot
Chessnok: doesn't show hand
*** SUMMARY ***
Total pot $18 | Rake $0.36
Board [8d 8s Kd Qh]
Seat 3: SANKO2009 (button) (small blind) folded on the Turn
Seat 4: Chessnok (big blind) collected ($17.64)


PokerStars Hand #176593515223:  Hold'em Limit ($3/$6 USD) - 2017/10/07 2:53:27 ET
Table 'Zerlina' 6-max Seat #3 is the button
Seat 3: SANKO2009 ($100.30 in chips)
Seat 4: Chessnok ($67.64 in chips)
SANKO2009: posts small blind $1
Chessnok: posts big blind $3
*** HOLE CARDS ***
SANKO2009: raises $3 to $6
Chessnok: calls $3
*** FLOP *** [6s 6c 7s]
Chessnok: checks
SANKO2009: checks
*** TURN *** [6s 6c 7s] [Ac]
Chessnok: bets $6
uglyghost101 leaves the table
SANKO2009: folds
Uncalled bet ($6) returned to Chessnok
Chessnok collected $11.76 from pot
Chessnok: doesn't show hand
*** SUMMARY ***
Total pot $12 | Rake $0.24
Board [6s 6c 7s Ac]
Seat 3: SANKO2009 (button) (small blind) folded on the Turn
Seat 4: Chessnok (big blind) collected ($11.76)


PokerStars Hand #176593518855:  Hold'em Limit ($3/$6 USD) - 2017/10/07 2:53:41 ET
Table 'Zerlina' 6-max Seat #4 is the button
Seat 3: SANKO2009 ($94.30 in chips)
Seat 4: Chessnok ($73.40 in chips)
Chessnok: posts small blind $1
SANKO2009: posts big blind $3
*** HOLE CARDS ***
Chessnok: raises $3 to $6
SANKO2009: calls $3
*** FLOP *** [As 4s Qc]
SANKO2009: checks
Chessnok: bets $3
SANKO2009: folds
Uncalled bet ($3) returned to Chessnok
Chessnok collected $11.76 from pot
Chessnok: doesn't show hand
*** SUMMARY ***
Total pot $12 | Rake $0.24
Board [As 4s Qc]
Seat 3: SANKO2009 (big blind) folded on the Flop
Seat 4: Chessnok (button) (small blind) collected ($11.76)


PokerStars Hand #176593525616:  Hold'em Limit ($3/$6 USD) - 2017/10/07 2:54:07 ET
Table 'Zerlina' 6-max Seat #3 is the button
Seat 3: SANKO2009 ($95.06 in chips)
Seat 4: Chessnok ($72.16 in chips)
SANKO2009: posts small blind $1
Chessnok: posts big blind $3
*** HOLE CARDS ***
SANKO2009: raises $3 to $6
Chessnok: calls $3
*** FLOP *** [3d Qd 6c]
Chessnok: checks
SANKO2009: bets $3
Chessnok: calls $3
*** TURN *** [3d Qd 6c] [8h]
Chessnok: checks
VolkovDmitri joins the table at seat #5
SANKO2009: bets $6
Chessnok: calls $6
*** RIVER *** [3d Qd 6c 8h] [8s]
xcgxcg2005 joins the table at seat #2
Chessnok: checks
SANKO2009: checks
*** SHOW DOWN ***
Chessnok: shows [Tc 9d] (a pair of Eights)
SANKO2009: shows [5s 6d] (two pair, Eights and Sixes)
SANKO2009 collected $29.50 from pot
*** SUMMARY ***
Total pot $30 | Rake $0.50
Board [3d Qd 6c 8h 8s]
Seat 3: SANKO2009 (button) (small blind) showed [5s 6d] and won ($29.50) with two pair, Eights and Sixes
Seat 4: Chessnok (big blind) showed [Tc 9d] and lost with a pair of Eights


PokerStars Hand #176593524494:  Hold'em Limit ($3/$6 USD) - 2017/10/07 2:54:02 ET
Table 'Zerlina' 6-max Seat #4 is the button
Seat 3: SANKO2009 ($94.06 in chips)
Seat 4: Chessnok ($73.16 in chips)
Chessnok: posts small blind $1
SANKO2009: posts big blind $3
*** HOLE CARDS ***
Chessnok: folds
Uncalled bet ($2) returned to SANKO2009
SANKO2009 collected $2 from pot
SANKO2009: doesn't show hand
*** SUMMARY ***
Total pot $2 | Rake $0
Seat 3: SANKO2009 (big blind) collected ($2)
Seat 4: Chessnok (button) (small blind) folded before Flop


PokerStars Hand #176593521740:  Hold'em Limit ($3/$6 USD) - 2017/10/07 2:53:52 ET
Table 'Zerlina' 6-max Seat #3 is the button
Seat 3: SANKO2009 ($88.30 in chips)
Seat 4: Chessnok ($79.16 in chips)
SANKO2009: posts small blind $1
Chessnok: posts big blind $3
*** HOLE CARDS ***
SANKO2009: raises $3 to $6
Chessnok: calls $3
*** FLOP *** [5s 7d 2c]
Chessnok: checks
SANKO2009: bets $3
Chessnok: folds
Uncalled bet ($3) returned to SANKO2009
SANKO2009 collected $11.76 from pot
SANKO2009: doesn't show hand
*** SUMMARY ***
Total pot $12 | Rake $0.24
Board [5s 7d 2c]
Seat 3: SANKO2009 (button) (small blind) collected ($11.76)
Seat 4: Chessnok (big blind) folded on the Flop


PokerStars Hand #176594675718:  Hold'em Limit ($3/$6 USD) - 2017/10/07 4:03:18 ET
Table 'Zerlina' 6-max Seat #6 is the button
Seat 1: jumaji007 ($291.81 in chips)
Seat 6: uglyghost101 ($242.39 in chips)
uglyghost101: posts small blind $1
jumaji007: posts big blind $3
*** HOLE CARDS ***
uglyghost101: folds
Uncalled bet ($2) returned to jumaji007
jumaji007 collected $2 from pot
jumaji007: doesn't show hand
*** SUMMARY ***
Total pot $2 | Rake $0
Seat 1: jumaji007 (big blind) collected ($2)
Seat 6: uglyghost101 (button) (small blind) folded before Flop


PokerStars Hand #176594668893:  Hold'em Limit ($3/$6 USD) - 2017/10/07 4:02:55 ET
Table 'Zerlina' 6-max Seat #1 is the button
Seat 1: jumaji007 ($312.81 in chips)
Seat 6: uglyghost101 ($221.89 in chips)
jumaji007: posts small blind $1
uglyghost101: posts big blind $3
*** HOLE CARDS ***
jumaji007: raises $3 to $6
uglyghost101: raises $3 to $9
jumaji007: raises $3 to $12
Betting is capped
uglyghost101: calls $3
*** FLOP *** [8h Qh 6c]
uglyghost101: bets $3
jumaji007: calls $3
*** TURN *** [8h Qh 6c] [3h]
uglyghost101: bets $6
jumaji007: calls $6
*** RIVER *** [8h Qh 6c 3h] [2s]
uglyghost101: bets $6
jumaji007: folds
Uncalled bet ($6) returned to uglyghost101
uglyghost101 collected $41.50 from pot
uglyghost101: doesn't show hand
*** SUMMARY ***
Total pot $42 | Rake $0.50
Board [8h Qh 6c 3h 2s]
Seat 1: jumaji007 (button) (small blind) folded on the River
Seat 6: uglyghost101 (big blind) collected ($41.50)


PokerStars Hand #176594677334:  Hold'em Limit ($3/$6 USD) - 2017/10/07 4:03:23 ET
Table 'Zerlina' 6-max Seat #1 is the button
Seat 1: jumaji007 ($292.81 in chips)
Seat 6: uglyghost101 ($241.39 in chips)
jumaji007: posts small blind $1
uglyghost101: posts big blind $3
*** HOLE CARDS ***
jumaji007: raises $3 to $6
uglyghost101: folds
Uncalled bet ($3) returned to jumaji007
jumaji007 collected $6 from pot
jumaji007: doesn't show hand
*** SUMMARY ***
Total pot $6 | Rake $0
Seat 1: jumaji007 (button) (small blind) collected ($6)
Seat 6: uglyghost101 (big blind) folded before Flop


PokerStars Hand #176594686812:  Hold'em Limit ($3/$6 USD) - 2017/10/07 4:03:54 ET
Table 'Zerlina' 6-max Seat #6 is the button
Seat 1: jumaji007 ($306.33 in chips)
Seat 6: uglyghost101 ($227.39 in chips)
uglyghost101: posts small blind $1
jumaji007: posts big blind $3
*** HOLE CARDS ***
uglyghost101: folds
Uncalled bet ($2) returned to jumaji007
jumaji007 collected $2 from pot
jumaji007: doesn't show hand
*** SUMMARY ***
Total pot $2 | Rake $0
Seat 1: jumaji007 (big blind) collected ($2)
Seat 6: uglyghost101 (button) (small blind) folded before Flop


PokerStars Hand #176594697161:  Hold'em Limit ($3/$6 USD) - 2017/10/07 4:04:28 ET
Table 'Zerlina' 6-max Seat #6 is the button
Seat 1: jumaji007 ($289.33 in chips)
Seat 6: uglyghost101 ($243.89 in chips)
uglyghost101: posts small blind $1
jumaji007: posts big blind $3
*** HOLE CARDS ***
uglyghost101: folds
Uncalled bet ($2) returned to jumaji007
jumaji007 collected $2 from pot
jumaji007: doesn't show hand
*** SUMMARY ***
Total pot $2 | Rake $0
Seat 1: jumaji007 (big blind) collected ($2)
Seat 6: uglyghost101 (button) (small blind) folded before Flop


PokerStars Hand #176594688824:  Hold'em Limit ($3/$6 USD) - 2017/10/07 4:04:00 ET
Table 'Zerlina' 6-max Seat #1 is the button
Seat 1: jumaji007 ($307.33 in chips)
Seat 6: uglyghost101 ($226.39 in chips)
jumaji007: posts small blind $1
uglyghost101: posts big blind $3
*** HOLE CARDS ***
jumaji007: calls $2
uglyghost101: raises $3 to $6
jumaji007: calls $3
*** FLOP *** [Jc 5d Td]
uglyghost101: bets $3
jumaji007: raises $3 to $6
apx0surry9 joins the table at seat #2
uglyghost101: calls $3
*** TURN *** [Jc 5d Td] [9h]
uglyghost101: checks
jumaji007: bets $6
uglyghost101: calls $6
*** RIVER *** [Jc 5d Td 9h] [Kd]
uglyghost101: bets $6
jumaji007: folds
Uncalled bet ($6) returned to uglyghost101
uglyghost101 collected $35.50 from pot
uglyghost101: doesn't show hand
*** SUMMARY ***
Total pot $36 | Rake $0.50
Board [Jc 5d Td 9h Kd]
Seat 1: jumaji007 (button) (small blind) folded on the River
Seat 6: uglyghost101 (big blind) collected ($35.50)


PokerStars Hand #176594680033:  Hold'em Limit ($3/$6 USD) - 2017/10/07 4:03:32 ET
Table 'Zerlina' 6-max Seat #6 is the button
Seat 1: jumaji007 ($295.81 in chips)
Seat 6: uglyghost101 ($238.39 in chips)
uglyghost101: posts small blind $1
jumaji007: posts big blind $3
*** HOLE CARDS ***
uglyghost101: raises $3 to $6
jumaji007: calls $3
*** FLOP *** [8s 5s 3h]
jumaji007: checks
uglyghost101: bets $3
jumaji007: raises $3 to $6
uglyghost101: calls $3
*** TURN *** [8s 5s 3h] [2c]
jumaji007: bets $6
uglyghost101: folds
Uncalled bet ($6) returned to jumaji007
jumaji007 collected $23.52 from pot
jumaji007: doesn't show hand
*** SUMMARY ***
Total pot $24 | Rake $0.48
Board [8s 5s 3h 2c]
Seat 1: jumaji007 (big blind) collected ($23.52)
Seat 6: uglyghost101 (button) (small blind) folded on the Turn


PokerStars Hand #176594685191:  Hold'em Limit ($3/$6 USD) - 2017/10/07 4:03:49 ET
Table 'Zerlina' 6-max Seat #1 is the button
Seat 1: jumaji007 ($307.33 in chips)
Seat 6: uglyghost101 ($226.39 in chips)
jumaji007: posts small blind $1
uglyghost101: posts big blind $3
*** HOLE CARDS ***
jumaji007: folds
Uncalled bet ($2) returned to uglyghost101
uglyghost101 collected $2 from pot
uglyghost101: doesn't show hand
*** SUMMARY ***
Total pot $2 | Rake $0
Seat 1: jumaji007 (button) (small blind) folded before Flop
Seat 6: uglyghost101 (big blind) collected ($2)


PokerStars Hand #176597916852:  Hold'em Limit ($3/$6 USD) - 2017/10/07 6:34:53 ET
Table 'Zerlina' 6-max Seat #1 is the button
Seat 1: Muntafu ($120 in chips)
Seat 4: Agrotait ($66 in chips)
Muntafu: posts small blind $1
Agrotait: posts big blind $3
*** HOLE CARDS ***
Muntafu: folds
Uncalled bet ($2) returned to Agrotait
Agrotait collected $2 from pot
Agrotait: doesn't show hand
*** SUMMARY ***
Total pot $2 | Rake $0
Seat 1: Muntafu (button) (small blind) folded before Flop
Seat 4: Agrotait (big blind) collected ($2)


PokerStars Hand #176597924250:  Hold'em Limit ($3/$6 USD) - 2017/10/07 6:35:11 ET
Table 'Zerlina' 6-max Seat #4 is the button
Seat 1: Muntafu ($119 in chips)
Seat 4: Agrotait ($67 in chips)
Agrotait: posts small blind $1
Muntafu: posts big blind $3
*** HOLE CARDS ***
Agrotait: raises $3 to $6
Muntafu: raises $3 to $9
Agrotait: calls $3
*** FLOP *** [7c 6s Ad]
Muntafu: bets $3
Agrotait: calls $3
*** TURN *** [7c 6s Ad] [3s]
Muntafu: bets $6
Agrotait: calls $6
*** RIVER *** [7c 6s Ad 3s] [9d]
Muntafu: checks
Agrotait: checks
*** SHOW DOWN ***
Muntafu: shows [5c 3c] (a pair of Threes)
Agrotait: shows [7d 8c] (a pair of Sevens)
Agrotait collected $35.50 from pot
*** SUMMARY ***
Total pot $36 | Rake $0.50
Board [7c 6s Ad 3s 9d]
Seat 1: Muntafu (big blind) showed [5c 3c] and lost with a pair of Threes
Seat 4: Agrotait (button) (small blind) showed [7d 8c] and won ($35.50) with a pair of Sevens


PokerStars Hand #176597938826:  Hold'em Limit ($3/$6 USD) - 2017/10/07 6:35:47 ET
Table 'Zerlina' 6-max Seat #1 is the button
Seat 1: Muntafu ($101 in chips)
Seat 4: Agrotait ($84.50 in chips)
Muntafu: posts small blind $1
Agrotait: posts big blind $3
*** HOLE CARDS ***
Muntafu: raises $3 to $6
Agrotait: calls $3
*** FLOP *** [Js Td Jd]
Agrotait: checks
Muntafu: bets $3
Agrotait: calls $3
*** TURN *** [Js Td Jd] [Ts]
Agrotait: checks
Muntafu: checks
*** RIVER *** [Js Td Jd Ts] [4h]
Muntafu said, "u win"
Agrotait: checks
Muntafu: checks
*** SHOW DOWN ***
Agrotait: shows [Qd 7h] (two pair, Jacks and Tens)
Muntafu: mucks hand
Agrotait collected $17.64 from pot
*** SUMMARY ***
Total pot $18 | Rake $0.36
Board [Js Td Jd Ts 4h]
Seat 1: Muntafu (button) (small blind) mucked
Seat 4: Agrotait (big blind) showed [Qd 7h] and won ($17.64) with two pair, Jacks and Tens


PokerStars Hand #176597961712:  Hold'em Limit ($3/$6 USD) - 2017/10/07 6:36:43 ET
Table 'Zerlina' 6-max Seat #4 is the button
Seat 1: Muntafu ($92 in chips)
Seat 4: Agrotait ($93.14 in chips)
Agrotait: posts small blind $1
Muntafu: posts big blind $3
*** HOLE CARDS ***
Agrotait: raises $3 to $6
Muntafu: calls $3
*** FLOP *** [2c Kd 4d]
Muntafu: checks
Agrotait: bets $3
Muntafu said, "u cant be as bad as u are u still win when stars decide"
Muntafu: folds
Uncalled bet ($3) returned to Agrotait
Agrotait collected $11.76 from pot
Agrotait: doesn't show hand
*** SUMMARY ***
Total pot $12 | Rake $0.24
Board [2c Kd 4d]
Seat 1: Muntafu (big blind) folded on the Flop
Seat 4: Agrotait (button) (small blind) collected ($11.76)


PokerStars Hand #176597973132:  Hold'em Limit ($3/$6 USD) - 2017/10/07 6:37:10 ET
Table 'Zerlina' 6-max Seat #1 is the button
Seat 1: Muntafu ($86 in chips)
Seat 4: Agrotait ($98.90 in chips)
Muntafu: posts small blind $1
Agrotait: posts big blind $3
*** HOLE CARDS ***
Muntafu: raises $3 to $6
Agrotait: calls $3
*** FLOP *** [6c 3h 5c]
Agrotait: checks
Muntafu: bets $3
Agrotait: calls $3
*** TURN *** [6c 3h 5c] [Ah]
Agrotait: checks
Muntafu: bets $6
Agrotait: calls $6
*** RIVER *** [6c 3h 5c Ah] [3d]
Agrotait: checks
Muntafu: bets $6
Agrotait: calls $6
*** SHOW DOWN ***
Muntafu: shows [Ac 6h] (two pair, Aces and Sixes)
Agrotait: mucks hand
Muntafu collected $41.50 from pot
*** SUMMARY ***
Total pot $42 | Rake $0.50
Board [6c 3h 5c Ah 3d]
Seat 1: Muntafu (button) (small blind) showed [Ac 6h] and won ($41.50) with two pair, Aces and Sixes
Seat 4: Agrotait (big blind) mucked


PokerStars Hand #176597989593:  Hold'em Limit ($3/$6 USD) - 2017/10/07 6:37:50 ET
Table 'Zerlina' 6-max Seat #4 is the button
Seat 1: Muntafu ($106.50 in chips)
Seat 4: Agrotait ($77.90 in chips)
Agrotait: posts small blind $1
Muntafu: posts big blind $3
*** HOLE CARDS ***
Agrotait: raises $3 to $6
Muntafu: calls $3
*** FLOP *** [7h Ad Jc]
Muntafu: checks
Agrotait: bets $3
Muntafu: calls $3
*** TURN *** [7h Ad Jc] [4c]
Muntafu: checks
Agrotait: bets $6
Muntafu: calls $6
*** RIVER *** [7h Ad Jc 4c] [7c]
Muntafu: checks
Agrotait: checks
*** SHOW DOWN ***
Muntafu: shows [Td Kc] (a pair of Sevens)
Agrotait: shows [Qh Jh] (two pair, Jacks and Sevens)
Agrotait collected $29.50 from pot
*** SUMMARY ***
Total pot $30 | Rake $0.50
Board [7h Ad Jc 4c 7c]
Seat 1: Muntafu (big blind) showed [Td Kc] and lost with a pair of Sevens
Seat 4: Agrotait (button) (small blind) showed [Qh Jh] and won ($29.50) with two pair, Jacks and Sevens


PokerStars Hand #176597999792:  Hold'em Limit ($3/$6 USD) - 2017/10/07 6:38:15 ET
Table 'Zerlina' 6-max Seat #1 is the button
Seat 1: Muntafu ($91.50 in chips)
Seat 4: Agrotait ($92.40 in chips)
Muntafu: posts small blind $1
Agrotait: posts big blind $3
*** HOLE CARDS ***
Muntafu: raises $3 to $6
Agrotait: calls $3
*** FLOP *** [9c Kd Jh]
Agrotait: checks
Muntafu: bets $3
Agrotait: folds
Uncalled bet ($3) returned to Muntafu
Muntafu collected $11.76 from pot
Muntafu: doesn't show hand
*** SUMMARY ***
Total pot $12 | Rake $0.24
Board [9c Kd Jh]
Seat 1: Muntafu (button) (small blind) collected ($11.76)
Seat 4: Agrotait (big blind) folded on the Flop


PokerStars Hand #176598026293:  Hold'em Limit ($3/$6 USD) - 2017/10/07 6:39:19 ET
Table 'Zerlina' 6-max Seat #1 is the button
Seat 1: Muntafu ($111.76 in chips)
Seat 4: Agrotait ($71.40 in chips)
Muntafu: posts small blind $1
Agrotait: posts big blind $3
*** HOLE CARDS ***
Muntafu: raises $3 to $6
Agrotait: calls $3
*** FLOP *** [Qc 9d 6d]
Agrotait: checks
Muntafu: bets $3
Agrotait: calls $3
*** TURN *** [Qc 9d 6d] [Td]
Agrotait: checks
Muntafu: checks
*** RIVER *** [Qc 9d 6d Td] [6s]
Agrotait: bets $6
Muntafu: calls $6
*** SHOW DOWN ***
Agrotait: shows [7d Ts] (two pair, Tens and Sixes)
Muntafu: shows [Kc Ks] (two pair, Kings and Sixes)
Muntafu collected $29.50 from pot
*** SUMMARY ***
Total pot $30 | Rake $0.50
Board [Qc 9d 6d Td 6s]
Seat 1: Muntafu (button) (small blind) showed [Kc Ks] and won ($29.50) with two pair, Kings and Sixes
Seat 4: Agrotait (big blind) showed [7d Ts] and lost with two pair, Tens and Sixes


PokerStars Hand #176598046528:  Hold'em Limit ($3/$6 USD) - 2017/10/07 6:40:08 ET
Table 'Zerlina' 6-max Seat #4 is the button
Seat 1: Muntafu ($126.26 in chips)
Seat 4: Agrotait ($56.40 in chips)
Agrotait: posts small blind $1
Muntafu: posts big blind $3
*** HOLE CARDS ***
Agrotait: folds
Uncalled bet ($2) returned to Muntafu
Muntafu collected $2 from pot
Muntafu: doesn't show hand
*** SUMMARY ***
Total pot $2 | Rake $0
Seat 1: Muntafu (big blind) collected ($2)
Seat 4: Agrotait (button) (small blind) folded before Flop


PokerStars Hand #176598521820:  Hold'em Limit ($3/$6 USD) - 2017/10/07 6:59:28 ET
Table 'Zerlina' 6-max Seat #2 is the button
Seat 2: nedo1414 ($75 in chips)
Seat 4: Agrotait ($110.50 in chips)
nedo1414: posts small blind $1
Agrotait: posts big blind $3
*** HOLE CARDS ***
nedo1414: folds
Uncalled bet ($2) returned to Agrotait
Agrotait collected $2 from pot
Agrotait: doesn't show hand
*** SUMMARY ***
Total pot $2 | Rake $0
Seat 2: nedo1414 (button) (small blind) folded before Flop
Seat 4: Agrotait (big blind) collected ($2)


PokerStars Hand #176598523704:  Hold'em Limit ($3/$6 USD) - 2017/10/07 6:59:33 ET
Table 'Zerlina' 6-max Seat #4 is the button
Seat 2: nedo1414 ($74 in chips)
Seat 4: Agrotait ($111.50 in chips)
Agrotait: posts small blind $1
nedo1414: posts big blind $3
*** HOLE CARDS ***
Agrotait: raises $3 to $6
nedo1414: raises $3 to $9
Agrotait: calls $3
*** FLOP *** [2s 3s 8c]
nedo1414: bets $3
Agrotait: raises $3 to $6
nedo1414: raises $3 to $9
Agrotait: calls $3
*** TURN *** [2s 3s 8c] [6c]
nedo1414: bets $6
Agrotait: calls $6
*** RIVER *** [2s 3s 8c 6c] [8d]
nedo1414: checks
Agrotait: bets $6
nedo1414: calls $6
*** SHOW DOWN ***
Agrotait: shows [3d Kd] (two pair, Eights and Threes)
nedo1414: shows [9c 9d] (two pair, Nines and Eights)
nedo1414 collected $59.50 from pot
*** SUMMARY ***
Total pot $60 | Rake $0.50
Board [2s 3s 8c 6c 8d]
Seat 2: nedo1414 (big blind) showed [9c 9d] and won ($59.50) with two pair, Nines and Eights
Seat 4: Agrotait (button) (small blind) showed [3d Kd] and lost with two pair, Eights and Threes


PokerStars Hand #176598558867:  Hold'em Limit ($3/$6 USD) - 2017/10/07 7:01:01 ET
Table 'Zerlina' 6-max Seat #2 is the button
Seat 2: nedo1414 ($100.14 in chips)
Seat 4: Agrotait ($84.02 in chips)
nedo1414: posts small blind $1
Agrotait: posts big blind $3
*** HOLE CARDS ***
nedo1414: raises $3 to $6
Agrotait: folds
Uncalled bet ($3) returned to nedo1414
nedo1414 collected $6 from pot
nedo1414: doesn't show hand
*** SUMMARY ***
Total pot $6 | Rake $0
Seat 2: nedo1414 (button) (small blind) collected ($6)
Seat 4: Agrotait (big blind) folded before Flop


PokerStars Hand #176598552721:  Hold'em Limit ($3/$6 USD) - 2017/10/07 7:00:46 ET
Table 'Zerlina' 6-max Seat #4 is the button
Seat 2: nedo1414 ($91.50 in chips)
Seat 4: Agrotait ($93.02 in chips)
Agrotait: posts small blind $1
nedo1414: posts big blind $3
*** HOLE CARDS ***
Agrotait: raises $3 to $6
nedo1414: raises $3 to $9
Agrotait: calls $3
*** FLOP *** [Qh 2h As]
nedo1414: bets $3
Agrotait: folds
Uncalled bet ($3) returned to nedo1414
nedo1414 collected $17.64 from pot
nedo1414: doesn't show hand
*** SUMMARY ***
Total pot $18 | Rake $0.36
Board [Qh 2h As]
Seat 2: nedo1414 (big blind) collected ($17.64)
Seat 4: Agrotait (button) (small blind) folded on the Flop


PokerStars Hand #176598538676:  Hold'em Limit ($3/$6 USD) - 2017/10/07 7:00:11 ET
Table 'Zerlina' 6-max Seat #2 is the button
Seat 2: nedo1414 ($103.50 in chips)
Seat 4: Agrotait ($81.50 in chips)
nedo1414: posts small blind $1
Agrotait: posts big blind $3
*** HOLE CARDS ***
nedo1414: raises $3 to $6
Agrotait: raises $3 to $9
nedo1414: calls $3
*** FLOP *** [4c 3h 2c]
Agrotait: bets $3
nedo1414: calls $3
*** TURN *** [4c 3h 2c] [9c]
Agrotait: bets $6
nedo1414: folds
Uncalled bet ($6) returned to Agrotait
Agrotait collected $23.52 from pot
Agrotait: doesn't show hand
*** SUMMARY ***
Total pot $24 | Rake $0.48
Board [4c 3h 2c 9c]
Seat 2: nedo1414 (button) (small blind) folded on the Turn
Seat 4: Agrotait (big blind) collected ($23.52)


