PokerStars Hand #158940484575:  Hold'em Limit ($3/$6 USD) - 2016/09/22 10:14:20 ET
Table 'Zerlina' 6-max Seat #6 is the button
Seat 1: TbIP-TbIP 88 ($72 in chips)
Seat 6: HAOYUN88888 ($134.40 in chips)
HAOYUN88888: posts small blind $1
TbIP-TbIP 88: posts big blind $3
*** HOLE CARDS ***
HAOYUN88888: folds
Uncalled bet ($2) returned to TbIP-TbIP 88
TbIP-TbIP 88 collected $2 from pot
TbIP-TbIP 88: doesn't show hand
*** SUMMARY ***
Total pot $2 | Rake $0
Seat 1: TbIP-TbIP 88 (big blind) collected ($2)
Seat 6: HAOYUN88888 (button) (small blind) folded before Flop


PokerStars Hand #158940473898:  Hold'em Limit ($3/$6 USD) - 2016/09/22 10:14:01 ET
Table 'Zerlina' 6-max Seat #1 is the button
Seat 1: TbIP-TbIP 88 ($72 in chips)
Seat 6: HAOYUN88888 ($125.76 in chips)
TbIP-TbIP 88: posts small blind $1
HAOYUN88888: posts big blind $3
*** HOLE CARDS ***
TbIP-TbIP 88: raises $3 to $6
HAOYUN88888: calls $3
*** FLOP *** [Th Qc 5c]
HAOYUN88888: checks
TbIP-TbIP 88: bets $3
HAOYUN88888: raises $3 to $6
TbIP-TbIP 88: folds
Uncalled bet ($3) returned to HAOYUN88888
HAOYUN88888 collected $17.64 from pot
HAOYUN88888: doesn't show hand
*** SUMMARY ***
Total pot $18 | Rake $0.36
Board [Th Qc 5c]
Seat 1: TbIP-TbIP 88 (button) (small blind) folded on the Flop
Seat 6: HAOYUN88888 (big blind) collected ($17.64)


PokerStars Hand #158940456490:  Hold'em Limit ($3/$6 USD) - 2016/09/22 10:13:31 ET
Table 'Zerlina' 6-max Seat #6 is the button
Seat 1: TbIP-TbIP 88 ($72 in chips)
Seat 6: HAOYUN88888 ($120 in chips)
HAOYUN88888: posts small blind $1
TbIP-TbIP 88: posts big blind $3
*** HOLE CARDS ***
HAOYUN88888: raises $3 to $6
TbIP-TbIP 88: calls $3
*** FLOP *** [6d 3h Tc]
TbIP-TbIP 88: checks
HAOYUN88888: bets $3
TbIP-TbIP 88: folds
Uncalled bet ($3) returned to HAOYUN88888
HAOYUN88888 collected $11.76 from pot
HAOYUN88888: doesn't show hand
*** SUMMARY ***
Total pot $12 | Rake $0.24
Board [6d 3h Tc]
Seat 1: TbIP-TbIP 88 (big blind) folded on the Flop
Seat 6: HAOYUN88888 (button) (small blind) collected ($11.76)


PokerStars Hand #158940534268:  Hold'em Limit ($3/$6 USD) - 2016/09/22 10:15:46 ET
Table 'Zerlina' 6-max Seat #1 is the button
Seat 1: TbIP-TbIP 88 ($78.76 in chips)
Seat 6: HAOYUN88888 ($134.86 in chips)
TbIP-TbIP 88: posts small blind $1
HAOYUN88888: posts big blind $3
*** HOLE CARDS ***
TbIP-TbIP 88: folds
Uncalled bet ($2) returned to HAOYUN88888
HAOYUN88888 collected $2 from pot
HAOYUN88888: doesn't show hand
*** SUMMARY ***
Total pot $2 | Rake $0
Seat 1: TbIP-TbIP 88 (button) (small blind) folded before Flop
Seat 6: HAOYUN88888 (big blind) collected ($2)


PokerStars Hand #158940513011:  Hold'em Limit ($3/$6 USD) - 2016/09/22 10:15:09 ET
Table 'Zerlina' 6-max Seat #6 is the button
Seat 1: TbIP-TbIP 88 ($72 in chips)
Seat 6: HAOYUN88888 ($142.04 in chips)
HAOYUN88888: posts small blind $1
TbIP-TbIP 88: posts big blind $3
*** HOLE CARDS ***
HAOYUN88888: raises $3 to $6
TbIP-TbIP 88: calls $3
*** FLOP *** [Td 3h Ah]
TbIP-TbIP 88: checks
HAOYUN88888: bets $3
TbIP-TbIP 88: calls $3
*** TURN *** [Td 3h Ah] [3d]
TbIP-TbIP 88: checks
HAOYUN88888: checks
*** RIVER *** [Td 3h Ah 3d] [Jh]
TbIP-TbIP 88: checks
HAOYUN88888: checks
*** SHOW DOWN ***
TbIP-TbIP 88: shows [Kh 5d] (a pair of Threes)
HAOYUN88888: shows [Kd 8s] (a pair of Threes)
TbIP-TbIP 88 collected $8.82 from pot
HAOYUN88888 collected $8.82 from pot
*** SUMMARY ***
Total pot $18 | Rake $0.36
Board [Td 3h Ah 3d Jh]
Seat 1: TbIP-TbIP 88 (big blind) showed [Kh 5d] and won ($8.82) with a pair of Threes
Seat 6: HAOYUN88888 (button) (small blind) showed [Kd 8s] and won ($8.82) with a pair of Threes


PokerStars Hand #158940487752:  Hold'em Limit ($3/$6 USD) - 2016/09/22 10:14:26 ET
Table 'Zerlina' 6-max Seat #1 is the button
Seat 1: TbIP-TbIP 88 ($73 in chips)
Seat 6: HAOYUN88888 ($133.40 in chips)
TbIP-TbIP 88: posts small blind $1
HAOYUN88888: posts big blind $3
*** HOLE CARDS ***
TbIP-TbIP 88: raises $3 to $6
HAOYUN88888: calls $3
*** FLOP *** [Kc 6c 7c]
HAOYUN88888: checks
TbIP-TbIP 88: bets $3
HAOYUN88888: calls $3
*** TURN *** [Kc 6c 7c] [3h]
HAOYUN88888: checks
TbIP-TbIP 88: checks
*** RIVER *** [Kc 6c 7c 3h] [Ah]
HAOYUN88888: checks
TbIP-TbIP 88: checks
*** SHOW DOWN ***
HAOYUN88888: shows [7s Td] (a pair of Sevens)
TbIP-TbIP 88: mucks hand
HAOYUN88888 collected $17.64 from pot
*** SUMMARY ***
Total pot $18 | Rake $0.36
Board [Kc 6c 7c 3h Ah]
Seat 1: TbIP-TbIP 88 (button) (small blind) mucked
Seat 6: HAOYUN88888 (big blind) showed [7s Td] and won ($17.64) with a pair of Sevens


PokerStars Hand #158940531483:  Hold'em Limit ($3/$6 USD) - 2016/09/22 10:15:41 ET
Table 'Zerlina' 6-max Seat #6 is the button
Seat 1: TbIP-TbIP 88 ($77.76 in chips)
Seat 6: HAOYUN88888 ($135.86 in chips)
HAOYUN88888: posts small blind $1
TbIP-TbIP 88: posts big blind $3
*** HOLE CARDS ***
HAOYUN88888: folds
Uncalled bet ($2) returned to TbIP-TbIP 88
TbIP-TbIP 88 collected $2 from pot
TbIP-TbIP 88: doesn't show hand
*** SUMMARY ***
Total pot $2 | Rake $0
Seat 1: TbIP-TbIP 88 (big blind) collected ($2)
Seat 6: HAOYUN88888 (button) (small blind) folded before Flop


PokerStars Hand #158940524760:  Hold'em Limit ($3/$6 USD) - 2016/09/22 10:15:30 ET
Table 'Zerlina' 6-max Seat #1 is the button
Seat 1: TbIP-TbIP 88 ($72 in chips)
Seat 6: HAOYUN88888 ($141.86 in chips)
TbIP-TbIP 88: posts small blind $1
HAOYUN88888: posts big blind $3
*** HOLE CARDS ***
TbIP-TbIP 88: raises $3 to $6
HAOYUN88888: calls $3
*** FLOP *** [4s Ah 3d]
HAOYUN88888: checks
TbIP-TbIP 88: bets $3
HAOYUN88888: folds
Uncalled bet ($3) returned to TbIP-TbIP 88
TbIP-TbIP 88 collected $11.76 from pot
TbIP-TbIP 88: doesn't show hand
*** SUMMARY ***
Total pot $12 | Rake $0.24
Board [4s Ah 3d]
Seat 1: TbIP-TbIP 88 (button) (small blind) collected ($11.76)
Seat 6: HAOYUN88888 (big blind) folded on the Flop


PokerStars Hand #158940574205:  Hold'em Limit ($3/$6 USD) - 2016/09/22 10:16:54 ET
Table 'Zerlina' 6-max Seat #6 is the button
Seat 1: TbIP-TbIP 88 ($86.50 in chips)
Seat 6: HAOYUN88888 ($141.36 in chips)
HAOYUN88888: posts small blind $1
TbIP-TbIP 88: posts big blind $3
*** HOLE CARDS ***
HAOYUN88888: folds
Uncalled bet ($2) returned to TbIP-TbIP 88
TbIP-TbIP 88 collected $2 from pot
TbIP-TbIP 88: doesn't show hand
*** SUMMARY ***
Total pot $2 | Rake $0
Seat 1: TbIP-TbIP 88 (big blind) collected ($2)
Seat 6: HAOYUN88888 (button) (small blind) folded before Flop


PokerStars Hand #158940563091:  Hold'em Limit ($3/$6 USD) - 2016/09/22 10:16:36 ET
Table 'Zerlina' 6-max Seat #1 is the button
Seat 1: TbIP-TbIP 88 ($72 in chips)
Seat 6: HAOYUN88888 ($156.36 in chips)
TbIP-TbIP 88: posts small blind $1
HAOYUN88888: posts big blind $3
*** HOLE CARDS ***
TbIP-TbIP 88: raises $3 to $6
HAOYUN88888: calls $3
*** FLOP *** [3c 4c 6c]
HAOYUN88888: bets $3
TbIP-TbIP 88: calls $3
*** TURN *** [3c 4c 6c] [Qh]
HAOYUN88888: checks
TbIP-TbIP 88: checks
*** RIVER *** [3c 4c 6c Qh] [Tc]
HAOYUN88888: checks
TbIP-TbIP 88: bets $6
HAOYUN88888: calls $6
*** SHOW DOWN ***
TbIP-TbIP 88: shows [7c Kd] (a flush, Ten high)
HAOYUN88888: mucks hand
TbIP-TbIP 88 collected $29.50 from pot
*** SUMMARY ***
Total pot $30 | Rake $0.50
Board [3c 4c 6c Qh Tc]
Seat 1: TbIP-TbIP 88 (button) (small blind) showed [7c Kd] and won ($29.50) with a flush, Ten high
Seat 6: HAOYUN88888 (big blind) mucked


PokerStars Hand #158940601697:  Hold'em Limit ($3/$6 USD) - 2016/09/22 10:17:42 ET
Table 'Zerlina' 6-max Seat #6 is the button
Seat 1: TbIP-TbIP 88 ($117 in chips)
Seat 6: HAOYUN88888 ($110.36 in chips)
HAOYUN88888: posts small blind $1
TbIP-TbIP 88: posts big blind $3
*** HOLE CARDS ***
HAOYUN88888: folds
Uncalled bet ($2) returned to TbIP-TbIP 88
TbIP-TbIP 88 collected $2 from pot
TbIP-TbIP 88: doesn't show hand
*** SUMMARY ***
Total pot $2 | Rake $0
Seat 1: TbIP-TbIP 88 (big blind) collected ($2)
Seat 6: HAOYUN88888 (button) (small blind) folded before Flop


PokerStars Hand #158940576753:  Hold'em Limit ($3/$6 USD) - 2016/09/22 10:16:59 ET
Table 'Zerlina' 6-max Seat #1 is the button
Seat 1: TbIP-TbIP 88 ($87.50 in chips)
Seat 6: HAOYUN88888 ($140.36 in chips)
TbIP-TbIP 88: posts small blind $1
HAOYUN88888: posts big blind $3
*** HOLE CARDS ***
TbIP-TbIP 88: raises $3 to $6
HAOYUN88888: raises $3 to $9
TbIP-TbIP 88: calls $3
*** FLOP *** [3h 4d 9h]
HAOYUN88888: bets $3
TbIP-TbIP 88: raises $3 to $6
HAOYUN88888: raises $3 to $9
TbIP-TbIP 88: calls $3
*** TURN *** [3h 4d 9h] [5d]
HAOYUN88888: bets $6
TbIP-TbIP 88: calls $6
*** RIVER *** [3h 4d 9h 5d] [Js]
HAOYUN88888: checks
TbIP-TbIP 88: bets $6
HAOYUN88888: calls $6
*** SHOW DOWN ***
TbIP-TbIP 88: shows [9d Jc] (two pair, Jacks and Nines)
HAOYUN88888: mucks hand
TbIP-TbIP 88 collected $59.50 from pot
*** SUMMARY ***
Total pot $60 | Rake $0.50
Board [3h 4d 9h 5d Js]
Seat 1: TbIP-TbIP 88 (button) (small blind) showed [9d Jc] and won ($59.50) with two pair, Jacks and Nines
Seat 6: HAOYUN88888 (big blind) mucked


PokerStars Hand #158940604469:  Hold'em Limit ($3/$6 USD) - 2016/09/22 10:17:47 ET
Table 'Zerlina' 6-max Seat #1 is the button
Seat 1: TbIP-TbIP 88 ($118 in chips)
Seat 6: HAOYUN88888 ($109.36 in chips)
TbIP-TbIP 88: posts small blind $1
HAOYUN88888: posts big blind $3
*** HOLE CARDS ***
TbIP-TbIP 88: folds
Uncalled bet ($2) returned to HAOYUN88888
HAOYUN88888 collected $2 from pot
HAOYUN88888: doesn't show hand
*** SUMMARY ***
Total pot $2 | Rake $0
Seat 1: TbIP-TbIP 88 (button) (small blind) folded before Flop
Seat 6: HAOYUN88888 (big blind) collected ($2)


PokerStars Hand #158940610294:  Hold'em Limit ($3/$6 USD) - 2016/09/22 10:17:57 ET
Table 'Zerlina' 6-max Seat #1 is the button
Seat 1: TbIP-TbIP 88 ($118 in chips)
Seat 6: HAOYUN88888 ($109.36 in chips)
TbIP-TbIP 88: posts small blind $1
HAOYUN88888: posts big blind $3
*** HOLE CARDS ***
TbIP-TbIP 88: raises $3 to $6
HAOYUN88888: calls $3
*** FLOP *** [6d Td 8h]
HAOYUN88888: checks
TbIP-TbIP 88: checks
*** TURN *** [6d Td 8h] [5s]
HAOYUN88888: bets $6
TbIP-TbIP 88: calls $6
*** RIVER *** [6d Td 8h 5s] [Qd]
HAOYUN88888: bets $6
supersjakie joins the table at seat #2
TbIP-TbIP 88: folds
Uncalled bet ($6) returned to HAOYUN88888
HAOYUN88888 collected $23.52 from pot
HAOYUN88888: doesn't show hand
*** SUMMARY ***
Total pot $24 | Rake $0.48
Board [6d Td 8h 5s Qd]
Seat 1: TbIP-TbIP 88 (button) (small blind) folded on the River
Seat 6: HAOYUN88888 (big blind) collected ($23.52)


PokerStars Hand #158940625086:  Hold'em Limit ($3/$6 USD) - 2016/09/22 10:18:23 ET
Table 'Zerlina' 6-max Seat #6 is the button
Seat 1: TbIP-TbIP 88 ($106 in chips)
Seat 6: HAOYUN88888 ($120.88 in chips)
HAOYUN88888: posts small blind $1
TbIP-TbIP 88: posts big blind $3
*** HOLE CARDS ***
HAOYUN88888: raises $3 to $6
TbIP-TbIP 88: calls $3
*** FLOP *** [Kc Qd Qc]
TbIP-TbIP 88: checks
HAOYUN88888: bets $3
TbIP-TbIP 88: folds
Uncalled bet ($3) returned to HAOYUN88888
HAOYUN88888 collected $11.76 from pot
HAOYUN88888: doesn't show hand
*** SUMMARY ***
Total pot $12 | Rake $0.24
Board [Kc Qd Qc]
Seat 1: TbIP-TbIP 88 (big blind) folded on the Flop
Seat 6: HAOYUN88888 (button) (small blind) collected ($11.76)


