PokerStars Hand #162358115401:  Hold'em Limit ($3/$6 USD) - 2016/12/03 15:01:44 ET
Table 'Zimmerwald' 10-max Seat #1 is the button
Seat 1: jiwa76 ($140.02 in chips)
Seat 10: LifeisagameX ($84 in chips)
jiwa76: posts small blind $1
LifeisagameX: posts big blind $3
*** HOLE CARDS ***
jiwa76: folds
Uncalled bet ($2) returned to LifeisagameX
LifeisagameX collected $2 from pot
LifeisagameX: doesn't show hand
*** SUMMARY ***
Total pot $2 | Rake $0
Seat 1: jiwa76 (button) (small blind) folded before Flop
Seat 10: LifeisagameX (big blind) collected ($2)


PokerStars Hand #162358082215:  Hold'em Limit ($3/$6 USD) - 2016/12/03 15:01:06 ET
Table 'Zimmerwald' 10-max Seat #10 is the button
Seat 1: jiwa76 ($113.52 in chips)
Seat 10: LifeisagameX ($89.50 in chips)
LifeisagameX: posts small blind $1
jiwa76: posts big blind $3
*** HOLE CARDS ***
LifeisagameX: raises $3 to $6
jiwa76: calls $3
*** FLOP *** [Ks 9c 6h]
jiwa76: checks
LifeisagameX: bets $3
jiwa76: calls $3
*** TURN *** [Ks 9c 6h] [8d]
jiwa76: checks
LifeisagameX: bets $6
jiwa76: raises $6 to $12
LifeisagameX: calls $6
*** RIVER *** [Ks 9c 6h 8d] [5h]
jiwa76: bets $6
LifeisagameX: calls $6
*** SHOW DOWN ***
jiwa76: shows [7h Th] (a straight, Six to Ten)
LifeisagameX: mucks hand
jiwa76 collected $53.50 from pot
*** SUMMARY ***
Total pot $54 | Rake $0.50
Board [Ks 9c 6h 8d 5h]
Seat 1: jiwa76 (big blind) showed [7h Th] and won ($53.50) with a straight, Six to Ten
Seat 10: LifeisagameX (button) (small blind) mucked


PokerStars Hand #162358121821:  Hold'em Limit ($3/$6 USD) - 2016/12/03 15:01:50 ET
Table 'Zimmerwald' 10-max Seat #10 is the button
Seat 1: jiwa76 ($139.02 in chips)
Seat 10: LifeisagameX ($85 in chips)
LifeisagameX: posts small blind $1
jiwa76: posts big blind $3
*** HOLE CARDS ***
LifeisagameX: raises $3 to $6
jiwa76: calls $3
*** FLOP *** [7c 8d 6c]
jiwa76: checks
LifeisagameX: checks
*** TURN *** [7c 8d 6c] [6h]
jiwa76: checks
LifeisagameX: bets $6
jiwa76: calls $6
*** RIVER *** [7c 8d 6c 6h] [3c]
jiwa76: checks
LifeisagameX: bets $6
jiwa76: calls $6
*** SHOW DOWN ***
LifeisagameX: shows [7s 5c] (two pair, Sevens and Sixes)
jiwa76: mucks hand
LifeisagameX collected $35.50 from pot
*** SUMMARY ***
Total pot $36 | Rake $0.50
Board [7c 8d 6c 6h 3c]
Seat 1: jiwa76 (big blind) mucked
Seat 10: LifeisagameX (button) (small blind) showed [7s 5c] and won ($35.50) with two pair, Sevens and Sixes


PokerStars Hand #162358152126:  Hold'em Limit ($3/$6 USD) - 2016/12/03 15:02:23 ET
Table 'Zimmerwald' 10-max Seat #1 is the button
Seat 1: jiwa76 ($121.02 in chips)
Seat 10: LifeisagameX ($102.50 in chips)
jiwa76: posts small blind $1
LifeisagameX: posts big blind $3
*** HOLE CARDS ***
jiwa76: raises $3 to $6
LifeisagameX: calls $3
*** FLOP *** [7c 3c 2h]
gkas71 joins the table at seat #5
LifeisagameX: checks
jiwa76: checks
*** TURN *** [7c 3c 2h] [2c]
LifeisagameX: bets $6
jiwa76: folds
Uncalled bet ($6) returned to LifeisagameX
jiwa76 leaves the table
LifeisagameX collected $11.76 from pot
LifeisagameX: doesn't show hand
*** SUMMARY ***
Total pot $12 | Rake $0.24
Board [7c 3c 2h 2c]
Seat 1: jiwa76 (button) (small blind) folded on the Turn
Seat 10: LifeisagameX (big blind) collected ($11.76)


PokerStars Hand #162358179787:  Hold'em Limit ($3/$6 USD) - 2016/12/03 15:02:53 ET
Table 'Zimmerwald' 10-max Seat #10 is the button
Seat 5: gkas71 ($120 in chips)
Seat 10: LifeisagameX ($108.26 in chips)
LifeisagameX: posts small blind $1
gkas71: posts big blind $3
*** HOLE CARDS ***
LifeisagameX: raises $3 to $6
gkas71: raises $3 to $9
LifeisagameX: calls $3
*** FLOP *** [Ks 8c 4h]
gkas71: bets $3
LifeisagameX: calls $3
*** TURN *** [Ks 8c 4h] [5c]
gkas71: bets $6
LifeisagameX: calls $6
*** RIVER *** [Ks 8c 4h 5c] [8s]
gkas71: bets $6
LifeisagameX: calls $6
*** SHOW DOWN ***
gkas71: shows [Js Ah] (a pair of Eights)
LifeisagameX: shows [Kh 3c] (two pair, Kings and Eights)
LifeisagameX collected $47.50 from pot
*** SUMMARY ***
Total pot $48 | Rake $0.50
Board [Ks 8c 4h 5c 8s]
Seat 5: gkas71 (big blind) showed [Js Ah] and lost with a pair of Eights
Seat 10: LifeisagameX (button) (small blind) showed [Kh 3c] and won ($47.50) with two pair, Kings and Eights


PokerStars Hand #162358206842:  Hold'em Limit ($3/$6 USD) - 2016/12/03 15:03:21 ET
Table 'Zimmerwald' 10-max Seat #5 is the button
Seat 5: gkas71 ($96 in chips)
Seat 10: LifeisagameX ($131.76 in chips)
gkas71: posts small blind $1
LifeisagameX: posts big blind $3
*** HOLE CARDS ***
gkas71: raises $3 to $6
LifeisagameX: raises $3 to $9
gkas71: calls $3
*** FLOP *** [2h 5h 7d]
LifeisagameX: bets $3
gkas71: calls $3
*** TURN *** [2h 5h 7d] [9c]
LifeisagameX: checks
gkas71: checks
*** RIVER *** [2h 5h 7d 9c] [9d]
LifeisagameX: bets $6
gkas71: calls $6
*** SHOW DOWN ***
LifeisagameX: shows [3s 3d] (two pair, Nines and Threes)
gkas71: mucks hand
LifeisagameX collected $35.50 from pot
*** SUMMARY ***
Total pot $36 | Rake $0.50
Board [2h 5h 7d 9c 9d]
Seat 5: gkas71 (button) (small blind) mucked
Seat 10: LifeisagameX (big blind) showed [3s 3d] and won ($35.50) with two pair, Nines and Threes


PokerStars Hand #162358270279:  Hold'em Limit ($3/$6 USD) - 2016/12/03 15:04:27 ET
Table 'Zimmerwald' 10-max Seat #5 is the button
Seat 5: gkas71 ($75 in chips)
Seat 10: LifeisagameX ($152.26 in chips)
gkas71: posts small blind $1
LifeisagameX: posts big blind $3
*** HOLE CARDS ***
gkas71: raises $3 to $6
LifeisagameX: calls $3
*** FLOP *** [Js Qc 2c]
LifeisagameX: checks
gkas71: bets $3
LifeisagameX: raises $3 to $6
gkas71: folds
Uncalled bet ($3) returned to LifeisagameX
LifeisagameX collected $17.64 from pot
*** SUMMARY ***
Total pot $18 | Rake $0.36
Board [Js Qc 2c]
Seat 5: gkas71 (button) (small blind) folded on the Flop
Seat 10: LifeisagameX (big blind) collected ($17.64)


PokerStars Hand #162358259599:  Hold'em Limit ($3/$6 USD) - 2016/12/03 15:04:16 ET
Table 'Zimmerwald' 10-max Seat #10 is the button
Seat 5: gkas71 ($78 in chips)
Seat 10: LifeisagameX ($149.26 in chips)
LifeisagameX: posts small blind $1
gkas71: posts big blind $3
*** HOLE CARDS ***
LifeisagameX: raises $3 to $6
gkas71: folds
Uncalled bet ($3) returned to LifeisagameX
LifeisagameX collected $6 from pot
LifeisagameX: doesn't show hand
*** SUMMARY ***
Total pot $6 | Rake $0
Seat 5: gkas71 (big blind) folded before Flop
Seat 10: LifeisagameX (button) (small blind) collected ($6)


PokerStars Hand #162358307245:  Hold'em Limit ($3/$6 USD) - 2016/12/03 15:05:05 ET
Table 'Zimmerwald' 10-max Seat #10 is the button
Seat 5: gkas71 ($66 in chips)
Seat 10: LifeisagameX ($160.90 in chips)
LifeisagameX: posts small blind $1
gkas71: posts big blind $3
*** HOLE CARDS ***
LifeisagameX: raises $3 to $6
gkas71: folds
Uncalled bet ($3) returned to LifeisagameX
gkas71 leaves the table
LifeisagameX collected $6 from pot
LifeisagameX: doesn't show hand
*** SUMMARY ***
Total pot $6 | Rake $0
Seat 5: gkas71 (big blind) folded before Flop
Seat 10: LifeisagameX (button) (small blind) collected ($6)


PokerStars Hand #162359521777:  Hold'em Limit ($3/$6 USD) - 2016/12/03 15:25:06 ET
Table 'Zimmerwald' 10-max Seat #5 is the button
Seat 5: bulgarianDOG ($77.17 in chips)
Seat 10: LifeisagameX ($163.90 in chips)
bulgarianDOG: posts small blind $1
LifeisagameX: posts big blind $3
*** HOLE CARDS ***
bulgarianDOG: folds
Uncalled bet ($2) returned to LifeisagameX
LifeisagameX collected $2 from pot
LifeisagameX: doesn't show hand
*** SUMMARY ***
Total pot $2 | Rake $0
Seat 5: bulgarianDOG (button) (small blind) folded before Flop
Seat 10: LifeisagameX (big blind) collected ($2)


PokerStars Hand #162359540835:  Hold'em Limit ($3/$6 USD) - 2016/12/03 15:25:24 ET
Table 'Zimmerwald' 10-max Seat #10 is the button
Seat 5: bulgarianDOG ($76.17 in chips)
Seat 10: LifeisagameX ($164.90 in chips)
LifeisagameX: posts small blind $1
bulgarianDOG: posts big blind $3
*** HOLE CARDS ***
LifeisagameX: raises $3 to $6
bulgarianDOG: folds
Uncalled bet ($3) returned to LifeisagameX
LifeisagameX collected $6 from pot
LifeisagameX: doesn't show hand
*** SUMMARY ***
Total pot $6 | Rake $0
Seat 5: bulgarianDOG (big blind) folded before Flop
Seat 10: LifeisagameX (button) (small blind) collected ($6)


PokerStars Hand #162359557834:  Hold'em Limit ($3/$6 USD) - 2016/12/03 15:25:41 ET
Table 'Zimmerwald' 10-max Seat #5 is the button
Seat 5: bulgarianDOG ($73.17 in chips)
Seat 10: LifeisagameX ($167.90 in chips)
bulgarianDOG: posts small blind $1
LifeisagameX: posts big blind $3
*** HOLE CARDS ***
bulgarianDOG: raises $3 to $6
LifeisagameX: raises $3 to $9
bulgarianDOG: calls $3
*** FLOP *** [8c Kh Qh]
LifeisagameX: bets $3
bulgarianDOG: calls $3
*** TURN *** [8c Kh Qh] [Ts]
LifeisagameX: checks
bulgarianDOG: bets $6
LifeisagameX: raises $6 to $12
bulgarianDOG: calls $6
*** RIVER *** [8c Kh Qh Ts] [9h]
LifeisagameX: bets $6
bulgarianDOG: raises $6 to $12
LifeisagameX: calls $6
*** SHOW DOWN ***
bulgarianDOG: shows [Jc 6c] (a straight, Nine to King)
LifeisagameX: shows [Ad Jd] (a straight, Ten to Ace)
LifeisagameX collected $71.50 from pot
*** SUMMARY ***
Total pot $72 | Rake $0.50
Board [8c Kh Qh Ts 9h]
Seat 5: bulgarianDOG (button) (small blind) showed [Jc 6c] and lost with a straight, Nine to King
Seat 10: LifeisagameX (big blind) showed [Ad Jd] and won ($71.50) with a straight, Ten to Ace


PokerStars Hand #162359628734:  Hold'em Limit ($3/$6 USD) - 2016/12/03 15:26:51 ET
Table 'Zimmerwald' 10-max Seat #10 is the button
Seat 5: bulgarianDOG ($37.17 in chips)
Seat 10: LifeisagameX ($203.40 in chips)
LifeisagameX: posts small blind $1
bulgarianDOG: posts big blind $3
*** HOLE CARDS ***
LifeisagameX: raises $3 to $6
bulgarianDOG: calls $3
*** FLOP *** [5c Td Qd]
vestimokrec joins the table at seat #6
bulgarianDOG: checks
LifeisagameX: checks
*** TURN *** [5c Td Qd] [3d]
bulgarianDOG: bets $6
LifeisagameX: calls $6
*** RIVER *** [5c Td Qd 3d] [2c]
bulgarianDOG: bets $6
LifeisagameX: calls $6
*** SHOW DOWN ***
bulgarianDOG: shows [Ts 5h] (two pair, Tens and Fives)
LifeisagameX: mucks hand
bulgarianDOG collected $35.50 from pot
*** SUMMARY ***
Total pot $36 | Rake $0.50
Board [5c Td Qd 3d 2c]
Seat 5: bulgarianDOG (big blind) showed [Ts 5h] and won ($35.50) with two pair, Tens and Fives
Seat 10: LifeisagameX (button) (small blind) mucked


PokerStars Hand #162359778398:  Hold'em Limit ($3/$6 USD) - 2016/12/03 15:29:21 ET
Table 'Zimmerwald' 10-max Seat #5 is the button
Seat 5: bulgarianDOG ($49.35 in chips)
Seat 6: vestimokrec ($129.38 in chips)
bulgarianDOG: posts small blind $1
vestimokrec: posts big blind $3
*** HOLE CARDS ***
bulgarianDOG: raises $3 to $6
vestimokrec: calls $3
*** FLOP *** [Qh 5h 7s]
vestimokrec: bets $3
bulgarianDOG: calls $3
*** TURN *** [Qh 5h 7s] [9d]
vestimokrec: bets $6
bulgarianDOG: folds
Uncalled bet ($6) returned to vestimokrec
vestimokrec collected $17.64 from pot
vestimokrec: doesn't show hand
*** SUMMARY ***
Total pot $18 | Rake $0.36
Board [Qh 5h 7s 9d]
Seat 5: bulgarianDOG (button) (small blind) folded on the Turn
Seat 6: vestimokrec (big blind) collected ($17.64)


PokerStars Hand #162359792978:  Hold'em Limit ($3/$6 USD) - 2016/12/03 15:29:36 ET
Table 'Zimmerwald' 10-max Seat #6 is the button
Seat 5: bulgarianDOG ($40.35 in chips)
Seat 6: vestimokrec ($138.02 in chips)
vestimokrec: posts small blind $1
bulgarianDOG: posts big blind $3
*** HOLE CARDS ***
vestimokrec: raises $3 to $6
bulgarianDOG: raises $3 to $9
vestimokrec: calls $3
*** FLOP *** [Th 3h 5d]
bulgarianDOG: bets $3
vestimokrec: calls $3
*** TURN *** [Th 3h 5d] [Kd]
bulgarianDOG: bets $6
vestimokrec: calls $6
*** RIVER *** [Th 3h 5d Kd] [9c]
bulgarianDOG: bets $6
vestimokrec: raises $6 to $12
bulgarianDOG: calls $6
*** SHOW DOWN ***
vestimokrec: shows [Kh Td] (two pair, Kings and Tens)
bulgarianDOG: mucks hand
vestimokrec collected $59.50 from pot
*** SUMMARY ***
Total pot $60 | Rake $0.50
Board [Th 3h 5d Kd 9c]
Seat 5: bulgarianDOG (big blind) mucked
Seat 6: vestimokrec (button) (small blind) showed [Kh Td] and won ($59.50) with two pair, Kings and Tens


