PokerStars Hand #167384453821:  Hold'em Limit ($3/$6 USD) - 2017/03/10 10:38:25 ET
Table 'Zimmerwald' 10-max Seat #10 is the button
Seat 5: Deutschzak ($76.96 in chips)
Seat 10: AzureCaper ($120.79 in chips)
AzureCaper: posts small blind $1
ABATAPP: is sitting out
Deutschzak: posts big blind $3
*** HOLE CARDS ***
AzureCaper: raises $3 to $6
Deutschzak: raises $3 to $9
AzureCaper: calls $3
*** FLOP *** [2d 7d Th]
Deutschzak: bets $3
AzureCaper: calls $3
*** TURN *** [2d 7d Th] [Tc]
Deutschzak: bets $6
ABATAPP leaves the table
AzureCaper: folds
Uncalled bet ($6) returned to Deutschzak
Deutschzak collected $23.52 from pot
Deutschzak: doesn't show hand
*** SUMMARY ***
Total pot $24 | Rake $0.48
Board [2d 7d Th Tc]
Seat 5: Deutschzak (big blind) collected ($23.52)
Seat 10: AzureCaper (button) (small blind) folded on the Turn


PokerStars Hand #167384475034:  Hold'em Limit ($3/$6 USD) - 2017/03/10 10:38:58 ET
Table 'Zimmerwald' 10-max Seat #6 is the button
Seat 6: ABATAPP ($120 in chips)
Seat 7: B_loJkl ($150 in chips)
ABATAPP: posts small blind $1
B_loJkl: posts big blind $3
*** HOLE CARDS ***
ABATAPP: raises $3 to $6
B_loJkl: calls $3
*** FLOP *** [Kc Qc 5d]
B_loJkl: checks
ABATAPP: bets $3
B_loJkl: calls $3
*** TURN *** [Kc Qc 5d] [6d]
B_loJkl: checks
ABATAPP: checks
*** RIVER *** [Kc Qc 5d 6d] [6c]
B_loJkl: bets $6
ABATAPP: calls $6
*** SHOW DOWN ***
B_loJkl: shows [8s Kh] (two pair, Kings and Sixes)
ABATAPP: shows [Kd 8c] (two pair, Kings and Sixes)
B_loJkl collected $14.75 from pot
ABATAPP collected $14.75 from pot
*** SUMMARY ***
Total pot $30 | Rake $0.50
Board [Kc Qc 5d 6d 6c]
Seat 6: ABATAPP (button) (small blind) showed [Kd 8c] and won ($14.75) with two pair, Kings and Sixes
Seat 7: B_loJkl (big blind) showed [8s Kh] and won ($14.75) with two pair, Kings and Sixes


PokerStars Hand #167394626318:  Hold'em Limit ($3/$6 USD) - 2017/03/10 14:27:47 ET
Table 'Zimmerwald' 10-max Seat #10 is the button
Seat 6: MarcoSilva98 ($151.88 in chips)
Seat 10: MTails ($120 in chips)
Chessnok joins the table at seat #7
MTails: posts small blind $1
MarcoSilva98: posts big blind $3
*** HOLE CARDS ***
MTails: raises $3 to $6
MarcoSilva98: raises $3 to $9
MTails: calls $3
*** FLOP *** [2c Qh 3d]
MarcoSilva98: bets $3
MTails: calls $3
*** TURN *** [2c Qh 3d] [Kc]
MarcoSilva98: bets $6
MTails: calls $6
*** RIVER *** [2c Qh 3d Kc] [5s]
MarcoSilva98: checks
MTails: bets $6
MarcoSilva98: calls $6
*** SHOW DOWN ***
MTails: shows [2h Tc] (a pair of Deuces)
MarcoSilva98: mucks hand
MTails collected $47.50 from pot
*** SUMMARY ***
Total pot $48 | Rake $0.50
Board [2c Qh 3d Kc 5s]
Seat 6: MarcoSilva98 (big blind) mucked
Seat 10: MTails (button) (small blind) showed [2h Tc] and won ($47.50) with a pair of Deuces


PokerStars Hand #167394663831:  Hold'em Limit ($3/$6 USD) - 2017/03/10 14:28:33 ET
Table 'Zimmerwald' 10-max Seat #7 is the button
Seat 6: MarcoSilva98 ($158.99 in chips)
Seat 7: Chessnok ($117 in chips)
Chessnok: posts small blind $1
MTails: is sitting out
MarcoSilva98: posts big blind $3
*** HOLE CARDS ***
Chessnok: raises $3 to $6
MTails leaves the table
MarcoSilva98: calls $3
*** FLOP *** [4d 8h 8d]
MarcoSilva98: checks
Chessnok: bets $3
MarcoSilva98: raises $3 to $6
Chessnok: calls $3
*** TURN *** [4d 8h 8d] [9s]
MarcoSilva98: bets $6
Chessnok: calls $6
*** RIVER *** [4d 8h 8d 9s] [6h]
MarcoSilva98: bets $6
Chessnok: calls $6
*** SHOW DOWN ***
MarcoSilva98: shows [4h 5c] (two pair, Eights and Fours)
Chessnok: shows [6d Qs] (two pair, Eights and Sixes)
Chessnok collected $47.50 from pot
*** SUMMARY ***
Total pot $48 | Rake $0.50
Board [4d 8h 8d 9s 6h]
Seat 6: MarcoSilva98 (big blind) showed [4h 5c] and lost with two pair, Eights and Fours
Seat 7: Chessnok (button) (small blind) showed [6d Qs] and won ($47.50) with two pair, Eights and Sixes


PokerStars Hand #167394681706:  Hold'em Limit ($3/$6 USD) - 2017/03/10 14:28:55 ET
Table 'Zimmerwald' 10-max Seat #6 is the button
Seat 6: MarcoSilva98 ($134.99 in chips)
Seat 7: Chessnok ($140.50 in chips)
MarcoSilva98: posts small blind $1
Chessnok: posts big blind $3
*** HOLE CARDS ***
MarcoSilva98: raises $3 to $6
Chessnok: calls $3
*** FLOP *** [7s 7d 4s]
Chessnok: checks
MarcoSilva98: bets $3
Chessnok: calls $3
*** TURN *** [7s 7d 4s] [Tc]
Chessnok: checks
MarcoSilva98: bets $6
Chessnok: folds
Uncalled bet ($6) returned to MarcoSilva98
MarcoSilva98 collected $17.64 from pot
MarcoSilva98: doesn't show hand
*** SUMMARY ***
Total pot $18 | Rake $0.36
Board [7s 7d 4s Tc]
Seat 6: MarcoSilva98 (button) (small blind) collected ($17.64)
Seat 7: Chessnok (big blind) folded on the Turn


PokerStars Hand #167394704722:  Hold'em Limit ($3/$6 USD) - 2017/03/10 14:29:23 ET
Table 'Zimmerwald' 10-max Seat #7 is the button
Seat 6: MarcoSilva98 ($143.63 in chips)
Seat 7: Chessnok ($131.50 in chips)
Chessnok: posts small blind $1
MarcoSilva98: posts big blind $3
*** HOLE CARDS ***
Chessnok: folds
Uncalled bet ($2) returned to MarcoSilva98
MarcoSilva98 collected $2 from pot
MarcoSilva98: doesn't show hand
*** SUMMARY ***
Total pot $2 | Rake $0
Seat 6: MarcoSilva98 (big blind) collected ($2)
Seat 7: Chessnok (button) (small blind) folded before Flop


PokerStars Hand #167394700022:  Hold'em Limit ($3/$6 USD) - 2017/03/10 14:29:17 ET
Table 'Zimmerwald' 10-max Seat #6 is the button
Seat 6: MarcoSilva98 ($140.63 in chips)
Seat 7: Chessnok ($134.50 in chips)
MarcoSilva98: posts small blind $1
Chessnok: posts big blind $3
*** HOLE CARDS ***
MarcoSilva98: raises $3 to $6
Chessnok: folds
Uncalled bet ($3) returned to MarcoSilva98
MarcoSilva98 collected $6 from pot
MarcoSilva98: doesn't show hand
*** SUMMARY ***
Total pot $6 | Rake $0
Seat 6: MarcoSilva98 (button) (small blind) collected ($6)
Seat 7: Chessnok (big blind) folded before Flop


PokerStars Hand #167394693548:  Hold'em Limit ($3/$6 USD) - 2017/03/10 14:29:09 ET
Table 'Zimmerwald' 10-max Seat #7 is the button
Seat 6: MarcoSilva98 ($143.63 in chips)
Seat 7: Chessnok ($131.50 in chips)
Chessnok: posts small blind $1
MarcoSilva98: posts big blind $3
*** HOLE CARDS ***
Chessnok: raises $3 to $6
MarcoSilva98: folds
Uncalled bet ($3) returned to Chessnok
Chessnok collected $6 from pot
Chessnok: doesn't show hand
*** SUMMARY ***
Total pot $6 | Rake $0
Seat 6: MarcoSilva98 (big blind) folded before Flop
Seat 7: Chessnok (button) (small blind) collected ($6)


PokerStars Hand #167394740176:  Hold'em Limit ($3/$6 USD) - 2017/03/10 14:30:06 ET
Table 'Zimmerwald' 10-max Seat #7 is the button
Seat 6: MarcoSilva98 ($117.63 in chips)
Seat 7: Chessnok ($156.42 in chips)
Chessnok: posts small blind $1
MarcoSilva98: posts big blind $3
*** HOLE CARDS ***
Chessnok: folds
Uncalled bet ($2) returned to MarcoSilva98
MarcoSilva98 collected $2 from pot
MarcoSilva98: doesn't show hand
*** SUMMARY ***
Total pot $2 | Rake $0
Seat 6: MarcoSilva98 (big blind) collected ($2)
Seat 7: Chessnok (button) (small blind) folded before Flop


PokerStars Hand #167394727832:  Hold'em Limit ($3/$6 USD) - 2017/03/10 14:29:51 ET
Table 'Zimmerwald' 10-max Seat #6 is the button
Seat 6: MarcoSilva98 ($129.63 in chips)
Seat 7: Chessnok ($144.90 in chips)
MarcoSilva98: posts small blind $1
Chessnok: posts big blind $3
*** HOLE CARDS ***
MarcoSilva98: raises $3 to $6
Chessnok: calls $3
*** FLOP *** [Qd Js 3c]
Chessnok: checks
MarcoSilva98: bets $3
Chessnok: raises $3 to $6
MarcoSilva98: calls $3
*** TURN *** [Qd Js 3c] [2c]
Chessnok: bets $6
MarcoSilva98: folds
Uncalled bet ($6) returned to Chessnok
Chessnok collected $23.52 from pot
Chessnok: doesn't show hand
*** SUMMARY ***
Total pot $24 | Rake $0.48
Board [Qd Js 3c 2c]
Seat 6: MarcoSilva98 (button) (small blind) folded on the Turn
Seat 7: Chessnok (big blind) collected ($23.52)


PokerStars Hand #167394716738:  Hold'em Limit ($3/$6 USD) - 2017/03/10 14:29:37 ET
Table 'Zimmerwald' 10-max Seat #7 is the button
Seat 6: MarcoSilva98 ($135.63 in chips)
Seat 7: Chessnok ($139.14 in chips)
Chessnok: posts small blind $1
MarcoSilva98: posts big blind $3
*** HOLE CARDS ***
Chessnok: raises $3 to $6
MarcoSilva98: calls $3
*** FLOP *** [Kd Tc 6h]
MarcoSilva98: checks
Chessnok: bets $3
MarcoSilva98: folds
Uncalled bet ($3) returned to Chessnok
Chessnok collected $11.76 from pot
Chessnok: doesn't show hand
*** SUMMARY ***
Total pot $12 | Rake $0.24
Board [Kd Tc 6h]
Seat 6: MarcoSilva98 (big blind) folded on the Flop
Seat 7: Chessnok (button) (small blind) collected ($11.76)


PokerStars Hand #167394778492:  Hold'em Limit ($3/$6 USD) - 2017/03/10 14:30:52 ET
Table 'Zimmerwald' 10-max Seat #6 is the button
Seat 6: MarcoSilva98 ($124.14 in chips)
Seat 7: Chessnok ($149.17 in chips)
MarcoSilva98: posts small blind $1
Chessnok: posts big blind $3
*** HOLE CARDS ***
MarcoSilva98: raises $3 to $6
Chessnok: raises $3 to $9
MarcoSilva98: calls $3
*** FLOP *** [Ac 8h Kc]
Chessnok: bets $3
MarcoSilva98: calls $3
*** TURN *** [Ac 8h Kc] [8s]
Chessnok: bets $6
MarcoSilva98: calls $6
*** RIVER *** [Ac 8h Kc 8s] [8d]
Chessnok: bets $6
MarcoSilva98: calls $6
*** SHOW DOWN ***
Chessnok: shows [7h Kh] (a full house, Eights full of Kings)
MarcoSilva98: shows [Jc Ad] (a full house, Eights full of Aces)
MarcoSilva98 collected $47.50 from pot
*** SUMMARY ***
Total pot $48 | Rake $0.50
Board [Ac 8h Kc 8s 8d]
Seat 6: MarcoSilva98 (button) (small blind) showed [Jc Ad] and won ($47.50) with a full house, Eights full of Aces
Seat 7: Chessnok (big blind) showed [7h Kh] and lost with a full house, Eights full of Kings


PokerStars Hand #167394789208:  Hold'em Limit ($3/$6 USD) - 2017/03/10 14:31:05 ET
Table 'Zimmerwald' 10-max Seat #7 is the button
Seat 6: MarcoSilva98 ($147.64 in chips)
Seat 7: Chessnok ($125.17 in chips)
Chessnok: posts small blind $1
MarcoSilva98: posts big blind $3
*** HOLE CARDS ***
Chessnok: raises $3 to $6
MarcoSilva98: raises $3 to $9
Chessnok: calls $3
*** FLOP *** [2s As Tc]
MarcoSilva98: bets $3
Chessnok: folds
Uncalled bet ($3) returned to MarcoSilva98
MarcoSilva98 collected $17.64 from pot
MarcoSilva98: doesn't show hand
*** SUMMARY ***
Total pot $18 | Rake $0.36
Board [2s As Tc]
Seat 6: MarcoSilva98 (big blind) collected ($17.64)
Seat 7: Chessnok (button) (small blind) folded on the Flop


PokerStars Hand #167394762901:  Hold'em Limit ($3/$6 USD) - 2017/03/10 14:30:33 ET
Table 'Zimmerwald' 10-max Seat #7 is the button
Seat 6: MarcoSilva98 ($124.39 in chips)
Seat 7: Chessnok ($149.42 in chips)
Chessnok: posts small blind $1
MarcoSilva98: posts big blind $3
*** HOLE CARDS ***
Chessnok: raises $3 to $6
MarcoSilva98: calls $3
*** FLOP *** [Qd 7c 7d]
MarcoSilva98: checks
Chessnok: bets $3
MarcoSilva98: raises $3 to $6
Chessnok: calls $3
*** TURN *** [Qd 7c 7d] [7h]
MarcoSilva98: bets $6
Chessnok: calls $6
*** RIVER *** [Qd 7c 7d 7h] [Qc]
MarcoSilva98: bets $6
Chessnok: calls $6
*** SHOW DOWN ***
MarcoSilva98: shows [6h 5d] (a full house, Sevens full of Queens)
Chessnok: shows [Ah 2c] (a full house, Sevens full of Queens)
MarcoSilva98 collected $23.75 from pot
Chessnok collected $23.75 from pot
*** SUMMARY ***
Total pot $48 | Rake $0.50
Board [Qd 7c 7d 7h Qc]
Seat 6: MarcoSilva98 (big blind) showed [6h 5d] and won ($23.75) with a full house, Sevens full of Queens
Seat 7: Chessnok (button) (small blind) showed [Ah 2c] and won ($23.75) with a full house, Sevens full of Queens


PokerStars Hand #167394830733:  Hold'em Limit ($3/$6 USD) - 2017/03/10 14:31:55 ET
Table 'Zimmerwald' 10-max Seat #7 is the button
Seat 6: MarcoSilva98 ($137.78 in chips)
Seat 7: Chessnok ($133.43 in chips)
Chessnok: posts small blind $1
MarcoSilva98: posts big blind $3
*** HOLE CARDS ***
Chessnok: folds
Uncalled bet ($2) returned to MarcoSilva98
MarcoSilva98 collected $2 from pot
MarcoSilva98: doesn't show hand
*** SUMMARY ***
Total pot $2 | Rake $0
Seat 6: MarcoSilva98 (big blind) collected ($2)
Seat 7: Chessnok (button) (small blind) folded before Flop


PokerStars Hand #167394819639:  Hold'em Limit ($3/$6 USD) - 2017/03/10 14:31:41 ET
Table 'Zimmerwald' 10-max Seat #6 is the button
Seat 6: MarcoSilva98 ($114.28 in chips)
Seat 7: Chessnok ($157.43 in chips)
MarcoSilva98: posts small blind $1
Chessnok: posts big blind $3
*** HOLE CARDS ***
MarcoSilva98: raises $3 to $6
Chessnok: calls $3
*** FLOP *** [7c Ac 3d]
Chessnok: checks
MarcoSilva98: bets $3
Chessnok: raises $3 to $6
MarcoSilva98: calls $3
*** TURN *** [7c Ac 3d] [9d]
Chessnok: bets $6
MarcoSilva98: calls $6
*** RIVER *** [7c Ac 3d 9d] [3s]
Chessnok: bets $6
MarcoSilva98: calls $6
*** SHOW DOWN ***
Chessnok: shows [Qs 7h] (two pair, Sevens and Threes)
MarcoSilva98: shows [Jd Jh] (two pair, Jacks and Threes)
MarcoSilva98 collected $47.50 from pot
*** SUMMARY ***
Total pot $48 | Rake $0.50
Board [7c Ac 3d 9d 3s]
Seat 6: MarcoSilva98 (button) (small blind) showed [Jd Jh] and won ($47.50) with two pair, Jacks and Threes
Seat 7: Chessnok (big blind) showed [Qs 7h] and lost with two pair, Sevens and Threes


PokerStars Hand #167394811821:  Hold'em Limit ($3/$6 USD) - 2017/03/10 14:31:32 ET
Table 'Zimmerwald' 10-max Seat #7 is the button
Seat 6: MarcoSilva98 ($120.28 in chips)
Seat 7: Chessnok ($151.67 in chips)
Chessnok: posts small blind $1
MarcoSilva98: posts big blind $3
*** HOLE CARDS ***
Chessnok: raises $3 to $6
MarcoSilva98: calls $3
*** FLOP *** [Ad Ah Ts]
MarcoSilva98: checks
Chessnok: bets $3
MarcoSilva98: folds
Uncalled bet ($3) returned to Chessnok
Chessnok collected $11.76 from pot
Chessnok: doesn't show hand
*** SUMMARY ***
Total pot $12 | Rake $0.24
Board [Ad Ah Ts]
Seat 6: MarcoSilva98 (big blind) folded on the Flop
Seat 7: Chessnok (button) (small blind) collected ($11.76)


PokerStars Hand #167394796632:  Hold'em Limit ($3/$6 USD) - 2017/03/10 14:31:14 ET
Table 'Zimmerwald' 10-max Seat #6 is the button
Seat 6: MarcoSilva98 ($156.28 in chips)
Seat 7: Chessnok ($116.17 in chips)
MarcoSilva98: posts small blind $1
Chessnok: posts big blind $3
*** HOLE CARDS ***
MarcoSilva98: raises $3 to $6
Chessnok: calls $3
*** FLOP *** [3d 9d 2s]
Chessnok: checks
MarcoSilva98: bets $3
Chessnok: raises $3 to $6
MarcoSilva98: calls $3
*** TURN *** [3d 9d 2s] [As]
Chessnok: bets $6
MarcoSilva98: calls $6
*** RIVER *** [3d 9d 2s As] [3c]
Chessnok: bets $6
MarcoSilva98: raises $6 to $12
Chessnok: raises $6 to $18
MarcoSilva98: calls $6
*** SHOW DOWN ***
Chessnok: shows [5c 4d] (a straight, Ace to Five)
MarcoSilva98: mucks hand
Chessnok collected $71.50 from pot
*** SUMMARY ***
Total pot $72 | Rake $0.50
Board [3d 9d 2s As 3c]
Seat 6: MarcoSilva98 (button) (small blind) mucked
Seat 7: Chessnok (big blind) showed [5c 4d] and won ($71.50) with a straight, Ace to Five


PokerStars Hand #167394834344:  Hold'em Limit ($3/$6 USD) - 2017/03/10 14:31:59 ET
Table 'Zimmerwald' 10-max Seat #6 is the button
Seat 6: MarcoSilva98 ($138.78 in chips)
Seat 7: Chessnok ($132.43 in chips)
MarcoSilva98: posts small blind $1
Chessnok: posts big blind $3
*** HOLE CARDS ***
MarcoSilva98: raises $3 to $6
Chessnok: calls $3
*** FLOP *** [9d 8s Jh]
Chessnok: checks
MarcoSilva98: bets $3
Chessnok: calls $3
*** TURN *** [9d 8s Jh] [8h]
Chessnok: checks
MarcoSilva98: bets $6
Chessnok: calls $6
*** RIVER *** [9d 8s Jh 8h] [4d]
Chessnok: checks
MarcoSilva98: checks
*** SHOW DOWN ***
Chessnok: shows [6c Kd] (a pair of Eights)
MarcoSilva98: mucks hand
Chessnok collected $29.50 from pot
*** SUMMARY ***
Total pot $30 | Rake $0.50
Board [9d 8s Jh 8h 4d]
Seat 6: MarcoSilva98 (button) (small blind) mucked
Seat 7: Chessnok (big blind) showed [6c Kd] and won ($29.50) with a pair of Eights


PokerStars Hand #167394882713:  Hold'em Limit ($3/$6 USD) - 2017/03/10 14:32:57 ET
Table 'Zimmerwald' 10-max Seat #7 is the button
Seat 6: MarcoSilva98 ($126.53 in chips)
Seat 7: Chessnok ($143.68 in chips)
Chessnok: posts small blind $1
MarcoSilva98: posts big blind $3
*** HOLE CARDS ***
Chessnok: raises $3 to $6
MarcoSilva98: calls $3
*** FLOP *** [7d 6c 2d]
MarcoSilva98: checks
Chessnok: checks
*** TURN *** [7d 6c 2d] [Ad]
MarcoSilva98: bets $6
Chessnok: raises $6 to $12
MarcoSilva98: calls $6
*** RIVER *** [7d 6c 2d Ad] [4h]
MarcoSilva98: checks
Chessnok: checks
*** SHOW DOWN ***
MarcoSilva98: shows [2s Td] (a pair of Deuces)
Chessnok: mucks hand
MarcoSilva98 collected $35.50 from pot
*** SUMMARY ***
Total pot $36 | Rake $0.50
Board [7d 6c 2d Ad 4h]
Seat 6: MarcoSilva98 (big blind) showed [2s Td] and won ($35.50) with a pair of Deuces
Seat 7: Chessnok (button) (small blind) mucked


PokerStars Hand #167394847945:  Hold'em Limit ($3/$6 USD) - 2017/03/10 14:32:16 ET
Table 'Zimmerwald' 10-max Seat #7 is the button
Seat 6: MarcoSilva98 ($123.78 in chips)
Seat 7: Chessnok ($146.93 in chips)
Chessnok: posts small blind $1
MarcoSilva98: posts big blind $3
*** HOLE CARDS ***
Chessnok: raises $3 to $6
MarcoSilva98: calls $3
*** FLOP *** [Qd 8s 2d]
MarcoSilva98: checks
Chessnok: bets $3
MarcoSilva98: raises $3 to $6
Chessnok: calls $3
*** TURN *** [Qd 8s 2d] [Ad]
MarcoSilva98: bets $6
Chessnok: calls $6
*** RIVER *** [Qd 8s 2d Ad] [Kc]
MarcoSilva98: checks
Chessnok: checks
*** SHOW DOWN ***
MarcoSilva98: shows [8h 3s] (a pair of Eights)
Chessnok: shows [8d Jc] (a pair of Eights)
MarcoSilva98 collected $17.75 from pot
Chessnok collected $17.75 from pot
*** SUMMARY ***
Total pot $36 | Rake $0.50
Board [Qd 8s 2d Ad Kc]
Seat 6: MarcoSilva98 (big blind) showed [8h 3s] and won ($17.75) with a pair of Eights
Seat 7: Chessnok (button) (small blind) showed [8d Jc] and won ($17.75) with a pair of Eights


PokerStars Hand #167394877596:  Hold'em Limit ($3/$6 USD) - 2017/03/10 14:32:51 ET
Table 'Zimmerwald' 10-max Seat #6 is the button
Seat 6: MarcoSilva98 ($123.53 in chips)
Seat 7: Chessnok ($146.68 in chips)
MarcoSilva98: posts small blind $1
Chessnok: posts big blind $3
*** HOLE CARDS ***
MarcoSilva98: raises $3 to $6
Chessnok: folds
Uncalled bet ($3) returned to MarcoSilva98
MarcoSilva98 collected $6 from pot
MarcoSilva98: doesn't show hand
*** SUMMARY ***
Total pot $6 | Rake $0
Seat 6: MarcoSilva98 (button) (small blind) collected ($6)
Seat 7: Chessnok (big blind) folded before Flop


PokerStars Hand #167394900861:  Hold'em Limit ($3/$6 USD) - 2017/03/10 14:33:20 ET
Table 'Zimmerwald' 10-max Seat #6 is the button
Seat 6: MarcoSilva98 ($144.03 in chips)
Seat 7: Chessnok ($125.68 in chips)
MarcoSilva98: posts small blind $1
Chessnok: posts big blind $3
*** HOLE CARDS ***
MarcoSilva98: raises $3 to $6
Chessnok: calls $3
*** FLOP *** [Kd 8d As]
Chessnok: checks
MarcoSilva98: bets $3
Chessnok: raises $3 to $6
MarcoSilva98: calls $3
*** TURN *** [Kd 8d As] [4h]
Chessnok: checks
MarcoSilva98: bets $6
Chessnok: calls $6
*** RIVER *** [Kd 8d As 4h] [6s]
Chessnok: checks
MarcoSilva98: checks
*** SHOW DOWN ***
Chessnok: shows [8h 9c] (a pair of Eights)
MarcoSilva98: mucks hand
Chessnok collected $35.50 from pot
*** SUMMARY ***
Total pot $36 | Rake $0.50
Board [Kd 8d As 4h 6s]
Seat 6: MarcoSilva98 (button) (small blind) mucked
Seat 7: Chessnok (big blind) showed [8h 9c] and won ($35.50) with a pair of Eights


PokerStars Hand #167394914147:  Hold'em Limit ($3/$6 USD) - 2017/03/10 14:33:36 ET
Table 'Zimmerwald' 10-max Seat #7 is the button
Seat 6: MarcoSilva98 ($126.03 in chips)
Seat 7: Chessnok ($143.18 in chips)
Chessnok: posts small blind $1
MarcoSilva98: posts big blind $3
*** HOLE CARDS ***
Chessnok: raises $3 to $6
MarcoSilva98: calls $3
*** FLOP *** [Kh 4h 2c]
MarcoSilva98: checks
Chessnok: bets $3
MarcoSilva98: raises $3 to $6
Chessnok: calls $3
*** TURN *** [Kh 4h 2c] [Kd]
MarcoSilva98: bets $6
Chessnok: raises $6 to $12
MarcoSilva98: folds
Uncalled bet ($6) returned to Chessnok
Chessnok collected $35.50 from pot
Chessnok: doesn't show hand
*** SUMMARY ***
Total pot $36 | Rake $0.50
Board [Kh 4h 2c Kd]
Seat 6: MarcoSilva98 (big blind) folded on the Turn
Seat 7: Chessnok (button) (small blind) collected ($35.50)


PokerStars Hand #167394946619:  Hold'em Limit ($3/$6 USD) - 2017/03/10 14:34:15 ET
Table 'Zimmerwald' 10-max Seat #6 is the button
Seat 6: MarcoSilva98 ($66.03 in chips)
Seat 7: Chessnok ($201.70 in chips)
MarcoSilva98: posts small blind $1
Chessnok: posts big blind $3
*** HOLE CARDS ***
MarcoSilva98: raises $3 to $6
Chessnok: raises $3 to $9
MarcoSilva98: calls $3
*** FLOP *** [7c 7d 3s]
Chessnok: bets $3
MarcoSilva98: calls $3
*** TURN *** [7c 7d 3s] [Kd]
Chessnok: bets $6
MarcoSilva98: calls $6
*** RIVER *** [7c 7d 3s Kd] [8d]
Chessnok: bets $6
MarcoSilva98: calls $6
*** SHOW DOWN ***
Chessnok: shows [Qs Qd] (two pair, Queens and Sevens)
MarcoSilva98: mucks hand
Chessnok collected $47.50 from pot
*** SUMMARY ***
Total pot $48 | Rake $0.50
Board [7c 7d 3s Kd 8d]
Seat 6: MarcoSilva98 (button) (small blind) mucked
Seat 7: Chessnok (big blind) showed [Qs Qd] and won ($47.50) with two pair, Queens and Sevens


PokerStars Hand #167394933936:  Hold'em Limit ($3/$6 USD) - 2017/03/10 14:33:59 ET
Table 'Zimmerwald' 10-max Seat #7 is the button
Seat 6: MarcoSilva98 ($96.03 in chips)
Seat 7: Chessnok ($172.20 in chips)
Chessnok: posts small blind $1
MarcoSilva98: posts big blind $3
*** HOLE CARDS ***
Chessnok: raises $3 to $6
MarcoSilva98: raises $3 to $9
Chessnok: calls $3
*** FLOP *** [Jh 6h Qc]
MarcoSilva98: bets $3
Chessnok: calls $3
*** TURN *** [Jh 6h Qc] [5s]
MarcoSilva98: bets $6
Chessnok: raises $6 to $12
MarcoSilva98: calls $6
*** RIVER *** [Jh 6h Qc 5s] [2c]
MarcoSilva98: checks
Chessnok: bets $6
MarcoSilva98: calls $6
*** SHOW DOWN ***
Chessnok: shows [Jc Qs] (two pair, Queens and Jacks)
MarcoSilva98: mucks hand
Chessnok collected $59.50 from pot
*** SUMMARY ***
Total pot $60 | Rake $0.50
Board [Jh 6h Qc 5s 2c]
Seat 6: MarcoSilva98 (big blind) mucked
Seat 7: Chessnok (button) (small blind) showed [Jc Qs] and won ($59.50) with two pair, Queens and Jacks


PokerStars Hand #167394924959:  Hold'em Limit ($3/$6 USD) - 2017/03/10 14:33:49 ET
Table 'Zimmerwald' 10-max Seat #6 is the button
Seat 6: MarcoSilva98 ($108.03 in chips)
Seat 7: Chessnok ($160.68 in chips)
MarcoSilva98: posts small blind $1
Chessnok: posts big blind $3
*** HOLE CARDS ***
MarcoSilva98: raises $3 to $6
Chessnok: raises $3 to $9
MarcoSilva98: calls $3
*** FLOP *** [5c Ts Qd]
Chessnok: bets $3
MarcoSilva98: calls $3
*** TURN *** [5c Ts Qd] [Jh]
Chessnok: bets $6
MarcoSilva98: folds
Uncalled bet ($6) returned to Chessnok
Chessnok collected $23.52 from pot
Chessnok: doesn't show hand
*** SUMMARY ***
Total pot $24 | Rake $0.48
Board [5c Ts Qd Jh]
Seat 6: MarcoSilva98 (button) (small blind) folded on the Turn
Seat 7: Chessnok (big blind) collected ($23.52)


PokerStars Hand #167394982060:  Hold'em Limit ($3/$6 USD) - 2017/03/10 14:34:57 ET
Table 'Zimmerwald' 10-max Seat #7 is the button
Seat 6: MarcoSilva98 ($56.53 in chips)
Seat 7: Chessnok ($209.72 in chips)
Chessnok: posts small blind $1
MarcoSilva98: posts big blind $3
*** HOLE CARDS ***
Chessnok: raises $3 to $6
MarcoSilva98: calls $3
*** FLOP *** [Jh 2d 7d]
MarcoSilva98: checks
Chessnok: bets $3
MarcoSilva98: calls $3
*** TURN *** [Jh 2d 7d] [6s]
MarcoSilva98: checks
Chessnok: bets $6
MarcoSilva98: calls $6
*** RIVER *** [Jh 2d 7d 6s] [Ts]
MarcoSilva98: checks
Chessnok: bets $6
MarcoSilva98: folds
Uncalled bet ($6) returned to Chessnok
Chessnok collected $29.50 from pot
Chessnok: doesn't show hand
*** SUMMARY ***
Total pot $30 | Rake $0.50
Board [Jh 2d 7d 6s Ts]
Seat 6: MarcoSilva98 (big blind) folded on the River
Seat 7: Chessnok (button) (small blind) collected ($29.50)


PokerStars Hand #167394959032:  Hold'em Limit ($3/$6 USD) - 2017/03/10 14:34:30 ET
Table 'Zimmerwald' 10-max Seat #7 is the button
Seat 6: MarcoSilva98 ($42.03 in chips)
Seat 7: Chessnok ($225.20 in chips)
Chessnok: posts small blind $1
MarcoSilva98: posts big blind $3
*** HOLE CARDS ***
Chessnok: raises $3 to $6
MarcoSilva98: calls $3
*** FLOP *** [3s Td 3d]
MarcoSilva98: checks
Chessnok: bets $3
MarcoSilva98: calls $3
*** TURN *** [3s Td 3d] [6c]
MarcoSilva98: checks
Chessnok: bets $6
MarcoSilva98: raises $6 to $12
Chessnok: calls $6
*** RIVER *** [3s Td 3d 6c] [7c]
MarcoSilva98: bets $6
Chessnok: calls $6
*** SHOW DOWN ***
MarcoSilva98: shows [2s Ts] (two pair, Tens and Threes)
Chessnok: mucks hand
MarcoSilva98 collected $53.50 from pot
*** SUMMARY ***
Total pot $54 | Rake $0.50
Board [3s Td 3d 6c 7c]
Seat 6: MarcoSilva98 (big blind) showed [2s Ts] and won ($53.50) with two pair, Tens and Threes
Seat 7: Chessnok (button) (small blind) mucked


PokerStars Hand #167394972043:  Hold'em Limit ($3/$6 USD) - 2017/03/10 14:34:45 ET
Table 'Zimmerwald' 10-max Seat #6 is the button
Seat 6: MarcoSilva98 ($68.53 in chips)
Seat 7: Chessnok ($198.20 in chips)
MarcoSilva98: posts small blind $1
Chessnok: posts big blind $3
*** HOLE CARDS ***
MarcoSilva98: raises $3 to $6
Chessnok: calls $3
*** FLOP *** [5c 5d As]
Chessnok: checks
MarcoSilva98: bets $3
Chessnok: raises $3 to $6
MarcoSilva98: calls $3
*** TURN *** [5c 5d As] [9h]
Chessnok: bets $6
MarcoSilva98: folds
Uncalled bet ($6) returned to Chessnok
Chessnok collected $23.52 from pot
Chessnok: doesn't show hand
*** SUMMARY ***
Total pot $24 | Rake $0.48
Board [5c 5d As 9h]
Seat 6: MarcoSilva98 (button) (small blind) folded on the Turn
Seat 7: Chessnok (big blind) collected ($23.52)


PokerStars Hand #167395042433:  Hold'em Limit ($3/$6 USD) - 2017/03/10 14:36:10 ET
Table 'Zimmerwald' 10-max Seat #6 is the button
Seat 6: MarcoSilva98 ($99.05 in chips)
Seat 7: Chessnok ($165.22 in chips)
MarcoSilva98: posts small blind $1
Chessnok: posts big blind $3
*** HOLE CARDS ***
MarcoSilva98: raises $3 to $6
Chessnok: folds
Uncalled bet ($3) returned to MarcoSilva98
MarcoSilva98 collected $6 from pot
MarcoSilva98: doesn't show hand
*** SUMMARY ***
Total pot $6 | Rake $0
Seat 6: MarcoSilva98 (button) (small blind) collected ($6)
Seat 7: Chessnok (big blind) folded before Flop


PokerStars Hand #167395047944:  Hold'em Limit ($3/$6 USD) - 2017/03/10 14:36:16 ET
Table 'Zimmerwald' 10-max Seat #7 is the button
Seat 6: MarcoSilva98 ($102.05 in chips)
Seat 7: Chessnok ($162.22 in chips)
Chessnok: posts small blind $1
MarcoSilva98: posts big blind $3
*** HOLE CARDS ***
Chessnok: raises $3 to $6
MarcoSilva98: raises $3 to $9
Chessnok: calls $3
*** FLOP *** [Ad 8h 9c]
MarcoSilva98: bets $3
Chessnok: calls $3
*** TURN *** [Ad 8h 9c] [Js]
MarcoSilva98: bets $6
Chessnok: raises $6 to $12
MarcoSilva98: calls $6
*** RIVER *** [Ad 8h 9c Js] [2h]
MarcoSilva98: checks
Chessnok: bets $6
MarcoSilva98: calls $6
*** SHOW DOWN ***
Chessnok: shows [Ah Td] (a pair of Aces)
MarcoSilva98: mucks hand
Chessnok collected $59.50 from pot
*** SUMMARY ***
Total pot $60 | Rake $0.50
Board [Ad 8h 9c Js 2h]
Seat 6: MarcoSilva98 (big blind) mucked
Seat 7: Chessnok (button) (small blind) showed [Ah Td] and won ($59.50) with a pair of Aces


PokerStars Hand #167395032161:  Hold'em Limit ($3/$6 USD) - 2017/03/10 14:35:58 ET
Table 'Zimmerwald' 10-max Seat #7 is the button
Seat 6: MarcoSilva98 ($87.53 in chips)
Seat 7: Chessnok ($177.22 in chips)
Chessnok: posts small blind $1
MarcoSilva98: posts big blind $3
*** HOLE CARDS ***
Chessnok: raises $3 to $6
MarcoSilva98: raises $3 to $9
Chessnok: calls $3
*** FLOP *** [Qc Qs Qd]
MarcoSilva98: bets $3
Chessnok: calls $3
*** TURN *** [Qc Qs Qd] [Ad]
MarcoSilva98: bets $6
Chessnok: folds
Uncalled bet ($6) returned to MarcoSilva98
MarcoSilva98 collected $23.52 from pot
MarcoSilva98: doesn't show hand
*** SUMMARY ***
Total pot $24 | Rake $0.48
Board [Qc Qs Qd Ad]
Seat 6: MarcoSilva98 (big blind) collected ($23.52)
Seat 7: Chessnok (button) (small blind) folded on the Turn


PokerStars Hand #167395027496:  Hold'em Limit ($3/$6 USD) - 2017/03/10 14:35:52 ET
Table 'Zimmerwald' 10-max Seat #6 is the button
Seat 6: MarcoSilva98 ($88.53 in chips)
Seat 7: Chessnok ($176.22 in chips)
MarcoSilva98: posts small blind $1
Chessnok: posts big blind $3
*** HOLE CARDS ***
MarcoSilva98: folds
Uncalled bet ($2) returned to Chessnok
Chessnok collected $2 from pot
Chessnok: doesn't show hand
*** SUMMARY ***
Total pot $2 | Rake $0
Seat 6: MarcoSilva98 (button) (small blind) folded before Flop
Seat 7: Chessnok (big blind) collected ($2)


PokerStars Hand #167395013195:  Hold'em Limit ($3/$6 USD) - 2017/03/10 14:35:35 ET
Table 'Zimmerwald' 10-max Seat #7 is the button
Seat 6: MarcoSilva98 ($65.03 in chips)
Seat 7: Chessnok ($200.22 in chips)
Chessnok: posts small blind $1
MarcoSilva98: posts big blind $3
*** HOLE CARDS ***
Chessnok: raises $3 to $6
MarcoSilva98: calls $3
*** FLOP *** [8s 8c 9c]
MarcoSilva98: checks
Chessnok: bets $3
MarcoSilva98: raises $3 to $6
Chessnok: calls $3
*** TURN *** [8s 8c 9c] [2h]
MarcoSilva98: bets $6
Chessnok: calls $6
*** RIVER *** [8s 8c 9c 2h] [5d]
MarcoSilva98: bets $6
Chessnok: calls $6
*** SHOW DOWN ***
MarcoSilva98: shows [2s Th] (two pair, Eights and Deuces)
Chessnok: mucks hand
MarcoSilva98 collected $47.50 from pot
*** SUMMARY ***
Total pot $48 | Rake $0.50
Board [8s 8c 9c 2h 5d]
Seat 6: MarcoSilva98 (big blind) showed [2s Th] and won ($47.50) with two pair, Eights and Deuces
Seat 7: Chessnok (button) (small blind) mucked


PokerStars Hand #167394999510:  Hold'em Limit ($3/$6 USD) - 2017/03/10 14:35:18 ET
Table 'Zimmerwald' 10-max Seat #6 is the button
Seat 6: MarcoSilva98 ($41.53 in chips)
Seat 7: Chessnok ($224.22 in chips)
MarcoSilva98: posts small blind $1
Chessnok: posts big blind $3
*** HOLE CARDS ***
MarcoSilva98: raises $3 to $6
Chessnok: calls $3
*** FLOP *** [Ah 3c 7s]
Chessnok: checks
MarcoSilva98: bets $3
Chessnok: raises $3 to $6
MarcoSilva98: calls $3
*** TURN *** [Ah 3c 7s] [6d]
Chessnok: bets $6
MarcoSilva98: calls $6
*** RIVER *** [Ah 3c 7s 6d] [6s]
Chessnok: bets $6
MarcoSilva98: calls $6
*** SHOW DOWN ***
Chessnok: shows [7d Qh] (two pair, Sevens and Sixes)
MarcoSilva98: shows [4c Ac] (two pair, Aces and Sixes)
MarcoSilva98 collected $47.50 from pot
*** SUMMARY ***
Total pot $48 | Rake $0.50
Board [Ah 3c 7s 6d 6s]
Seat 6: MarcoSilva98 (button) (small blind) showed [4c Ac] and won ($47.50) with two pair, Aces and Sixes
Seat 7: Chessnok (big blind) showed [7d Qh] and lost with two pair, Sevens and Sixes


PokerStars Hand #167395096762:  Hold'em Limit ($3/$6 USD) - 2017/03/10 14:37:15 ET
Table 'Zimmerwald' 10-max Seat #6 is the button
Seat 6: MarcoSilva98 ($24.05 in chips)
Seat 7: Chessnok ($238.72 in chips)
MarcoSilva98: posts small blind $1
Chessnok: posts big blind $3
*** HOLE CARDS ***
MarcoSilva98: raises $3 to $6
Chessnok: folds
Uncalled bet ($3) returned to MarcoSilva98
MarcoSilva98 collected $6 from pot
MarcoSilva98: doesn't show hand
*** SUMMARY ***
Total pot $6 | Rake $0
Seat 6: MarcoSilva98 (button) (small blind) collected ($6)
Seat 7: Chessnok (big blind) folded before Flop


PokerStars Hand #167395077854:  Hold'em Limit ($3/$6 USD) - 2017/03/10 14:36:52 ET
Table 'Zimmerwald' 10-max Seat #7 is the button
Seat 6: MarcoSilva98 ($48.05 in chips)
Seat 7: Chessnok ($215.22 in chips)
Chessnok: posts small blind $1
MarcoSilva98: posts big blind $3
*** HOLE CARDS ***
Chessnok: raises $3 to $6
MarcoSilva98: calls $3
*** FLOP *** [Qc 3c 5s]
MarcoSilva98: checks
Chessnok: bets $3
MarcoSilva98: raises $3 to $6
Chessnok: calls $3
*** TURN *** [Qc 3c 5s] [2h]
MarcoSilva98: bets $6
Chessnok: calls $6
*** RIVER *** [Qc 3c 5s 2h] [Ts]
MarcoSilva98: bets $6
Chessnok: calls $6
*** SHOW DOWN ***
MarcoSilva98: shows [8d 3h] (a pair of Threes)
Chessnok: shows [Jd 5c] (a pair of Fives)
Chessnok collected $47.50 from pot
*** SUMMARY ***
Total pot $48 | Rake $0.50
Board [Qc 3c 5s 2h Ts]
Seat 6: MarcoSilva98 (big blind) showed [8d 3h] and lost with a pair of Threes
Seat 7: Chessnok (button) (small blind) showed [Jd 5c] and won ($47.50) with a pair of Fives


PokerStars Hand #167395060128:  Hold'em Limit ($3/$6 USD) - 2017/03/10 14:36:31 ET
Table 'Zimmerwald' 10-max Seat #6 is the button
Seat 6: MarcoSilva98 ($72.05 in chips)
Seat 7: Chessnok ($191.72 in chips)
MarcoSilva98: posts small blind $1
Chessnok: posts big blind $3
*** HOLE CARDS ***
MarcoSilva98: raises $3 to $6
Chessnok: raises $3 to $9
MarcoSilva98: calls $3
*** FLOP *** [Qh 3s Ks]
Chessnok: bets $3
MarcoSilva98: calls $3
*** TURN *** [Qh 3s Ks] [8h]
Chessnok: bets $6
MarcoSilva98: calls $6
*** RIVER *** [Qh 3s Ks 8h] [5s]
Chessnok: bets $6
MarcoSilva98: calls $6
*** SHOW DOWN ***
Chessnok: shows [Ah Kd] (a pair of Kings)
MarcoSilva98: mucks hand
Chessnok collected $47.50 from pot
*** SUMMARY ***
Total pot $48 | Rake $0.50
Board [Qh 3s Ks 8h 5s]
Seat 6: MarcoSilva98 (button) (small blind) mucked
Seat 7: Chessnok (big blind) showed [Ah Kd] and won ($47.50) with a pair of Kings


PokerStars Hand #167395103060:  Hold'em Limit ($3/$6 USD) - 2017/03/10 14:37:23 ET
Table 'Zimmerwald' 10-max Seat #7 is the button
Seat 6: MarcoSilva98 ($27.05 in chips)
Seat 7: Chessnok ($235.72 in chips)
Chessnok: posts small blind $1
MarcoSilva98: posts big blind $3
*** HOLE CARDS ***
Chessnok: raises $3 to $6
MarcoSilva98: calls $3
*** FLOP *** [5c Jc 3d]
MarcoSilva98: checks
Chessnok: bets $3
MarcoSilva98: calls $3
*** TURN *** [5c Jc 3d] [As]
MarcoSilva98: checks
Chessnok: bets $6
MarcoSilva98: raises $6 to $12
Chessnok: calls $6
*** RIVER *** [5c Jc 3d As] [3s]
MarcoSilva98: bets $6
Chessnok: calls $6
*** SHOW DOWN ***
MarcoSilva98: shows [2s Ah] (two pair, Aces and Threes)
Chessnok: mucks hand
MarcoSilva98 collected $53.50 from pot
*** SUMMARY ***
Total pot $54 | Rake $0.50
Board [5c Jc 3d As 3s]
Seat 6: MarcoSilva98 (big blind) showed [2s Ah] and won ($53.50) with two pair, Aces and Threes
Seat 7: Chessnok (button) (small blind) mucked


PokerStars Hand #167395147143:  Hold'em Limit ($3/$6 USD) - 2017/03/10 14:38:15 ET
Table 'Zimmerwald' 10-max Seat #6 is the button
Seat 6: MarcoSilva98 ($47.05 in chips)
Seat 7: Chessnok ($214.22 in chips)
MarcoSilva98: posts small blind $1
Chessnok: posts big blind $3
*** HOLE CARDS ***
MarcoSilva98: raises $3 to $6
Chessnok: folds
Uncalled bet ($3) returned to MarcoSilva98
MarcoSilva98 collected $6 from pot
MarcoSilva98: doesn't show hand
*** SUMMARY ***
Total pot $6 | Rake $0
Seat 6: MarcoSilva98 (button) (small blind) collected ($6)
Seat 7: Chessnok (big blind) folded before Flop


PokerStars Hand #167395131034:  Hold'em Limit ($3/$6 USD) - 2017/03/10 14:37:56 ET
Table 'Zimmerwald' 10-max Seat #7 is the button
Seat 6: MarcoSilva98 ($68.05 in chips)
Seat 7: Chessnok ($193.72 in chips)
Chessnok: posts small blind $1
MarcoSilva98: posts big blind $3
*** HOLE CARDS ***
Chessnok: raises $3 to $6
MarcoSilva98: calls $3
*** FLOP *** [Qh Td 3h]
MarcoSilva98: checks
Chessnok: bets $3
MarcoSilva98: calls $3
*** TURN *** [Qh Td 3h] [Kc]
MarcoSilva98: checks
Chessnok: bets $6
MarcoSilva98: calls $6
*** RIVER *** [Qh Td 3h Kc] [3s]
MarcoSilva98: checks
Chessnok: bets $6
MarcoSilva98: calls $6
*** SHOW DOWN ***
Chessnok: shows [Kd Jh] (two pair, Kings and Threes)
MarcoSilva98: mucks hand
Chessnok collected $41.50 from pot
*** SUMMARY ***
Total pot $42 | Rake $0.50
Board [Qh Td 3h Kc 3s]
Seat 6: MarcoSilva98 (big blind) mucked
Seat 7: Chessnok (button) (small blind) showed [Kd Jh] and won ($41.50) with two pair, Kings and Threes


PokerStars Hand #167395116751:  Hold'em Limit ($3/$6 USD) - 2017/03/10 14:37:39 ET
Table 'Zimmerwald' 10-max Seat #6 is the button
Seat 6: MarcoSilva98 ($53.55 in chips)
Seat 7: Chessnok ($208.72 in chips)
MarcoSilva98: posts small blind $1
Chessnok: posts big blind $3
*** HOLE CARDS ***
MarcoSilva98: raises $3 to $6
Chessnok: calls $3
*** FLOP *** [5d 5s 3d]
Chessnok: checks
MarcoSilva98: bets $3
Chessnok: calls $3
*** TURN *** [5d 5s 3d] [8h]
Chessnok: checks
MarcoSilva98: bets $6
Chessnok: calls $6
*** RIVER *** [5d 5s 3d 8h] [Qc]
Chessnok: checks
MarcoSilva98: checks
*** SHOW DOWN ***
Chessnok: shows [4d Td] (a pair of Fives)
MarcoSilva98: shows [Kh 6s] (a pair of Fives - King kicker)
MarcoSilva98 collected $29.50 from pot
*** SUMMARY ***
Total pot $30 | Rake $0.50
Board [5d 5s 3d 8h Qc]
Seat 6: MarcoSilva98 (button) (small blind) showed [Kh 6s] and won ($29.50) with a pair of Fives
Seat 7: Chessnok (big blind) showed [4d Td] and lost with a pair of Fives


PokerStars Hand #167395152357:  Hold'em Limit ($3/$6 USD) - 2017/03/10 14:38:22 ET
Table 'Zimmerwald' 10-max Seat #7 is the button
Seat 6: MarcoSilva98 ($50.05 in chips)
Seat 7: Chessnok ($211.22 in chips)
Chessnok: posts small blind $1
MarcoSilva98: posts big blind $3
*** HOLE CARDS ***
Chessnok: raises $3 to $6
MarcoSilva98: raises $3 to $9
Chessnok: calls $3
*** FLOP *** [Td 7c 4s]
MarcoSilva98: bets $3
Chessnok: calls $3
*** TURN *** [Td 7c 4s] [As]
MarcoSilva98: bets $6
Chessnok: raises $6 to $12
MarcoSilva98: calls $6
*** RIVER *** [Td 7c 4s As] [Ts]
MarcoSilva98: checks
Chessnok: bets $6
MarcoSilva98: raises $6 to $12
Chessnok: calls $6
*** SHOW DOWN ***
MarcoSilva98: shows [Ks Js] (a flush, Ace high)
Chessnok: mucks hand
MarcoSilva98 collected $71.50 from pot
*** SUMMARY ***
Total pot $72 | Rake $0.50
Board [Td 7c 4s As Ts]
Seat 6: MarcoSilva98 (big blind) showed [Ks Js] and won ($71.50) with a flush, Ace high
Seat 7: Chessnok (button) (small blind) mucked


PokerStars Hand #167395168528:  Hold'em Limit ($3/$6 USD) - 2017/03/10 14:38:41 ET
Table 'Zimmerwald' 10-max Seat #6 is the button
Seat 6: MarcoSilva98 ($85.55 in chips)
Seat 7: Chessnok ($175.22 in chips)
MarcoSilva98: posts small blind $1
Chessnok: posts big blind $3
*** HOLE CARDS ***
MarcoSilva98: raises $3 to $6
Chessnok: calls $3
*** FLOP *** [2d Qc 6d]
Chessnok: checks
MarcoSilva98: bets $3
Chessnok: calls $3
*** TURN *** [2d Qc 6d] [3c]
Chessnok: checks
MarcoSilva98: checks
*** RIVER *** [2d Qc 6d 3c] [7c]
Chessnok: bets $6
MarcoSilva98: calls $6
*** SHOW DOWN ***
Chessnok: shows [8s Jc] (high card Queen)
MarcoSilva98: shows [7s 9h] (a pair of Sevens)
MarcoSilva98 collected $29.50 from pot
*** SUMMARY ***
Total pot $30 | Rake $0.50
Board [2d Qc 6d 3c 7c]
Seat 6: MarcoSilva98 (button) (small blind) showed [7s 9h] and won ($29.50) with a pair of Sevens
Seat 7: Chessnok (big blind) showed [8s Jc] and lost with high card Queen


PokerStars Hand #167395191396:  Hold'em Limit ($3/$6 USD) - 2017/03/10 14:39:08 ET
Table 'Zimmerwald' 10-max Seat #6 is the button
Seat 6: MarcoSilva98 ($94.05 in chips)
Seat 7: Chessnok ($165.98 in chips)
MarcoSilva98: posts small blind $1
Chessnok: posts big blind $3
*** HOLE CARDS ***
MarcoSilva98: folds
Uncalled bet ($2) returned to Chessnok
Chessnok collected $2 from pot
Chessnok: doesn't show hand
*** SUMMARY ***
Total pot $2 | Rake $0
Seat 6: MarcoSilva98 (button) (small blind) folded before Flop
Seat 7: Chessnok (big blind) collected ($2)


PokerStars Hand #167395182613:  Hold'em Limit ($3/$6 USD) - 2017/03/10 14:38:58 ET
Table 'Zimmerwald' 10-max Seat #7 is the button
Seat 6: MarcoSilva98 ($100.05 in chips)
Seat 7: Chessnok ($160.22 in chips)
Chessnok: posts small blind $1
MarcoSilva98: posts big blind $3
*** HOLE CARDS ***
Chessnok: raises $3 to $6
MarcoSilva98: calls $3
*** FLOP *** [8h 2d Kh]
MarcoSilva98: checks
Chessnok: bets $3
MarcoSilva98: folds
Uncalled bet ($3) returned to Chessnok
Chessnok collected $11.76 from pot
Chessnok: doesn't show hand
*** SUMMARY ***
Total pot $12 | Rake $0.24
Board [8h 2d Kh]
Seat 6: MarcoSilva98 (big blind) folded on the Flop
Seat 7: Chessnok (button) (small blind) collected ($11.76)


PokerStars Hand #167395203116:  Hold'em Limit ($3/$6 USD) - 2017/03/10 14:39:23 ET
Table 'Zimmerwald' 10-max Seat #6 is the button
Seat 6: MarcoSilva98 ($87.05 in chips)
Seat 7: Chessnok ($172.74 in chips)
MarcoSilva98: posts small blind $1
Chessnok: posts big blind $3
*** HOLE CARDS ***
MarcoSilva98: folds
Uncalled bet ($2) returned to Chessnok
Chessnok collected $2 from pot
Chessnok: doesn't show hand
*** SUMMARY ***
Total pot $2 | Rake $0
Seat 6: MarcoSilva98 (button) (small blind) folded before Flop
Seat 7: Chessnok (big blind) collected ($2)


PokerStars Hand #167395195655:  Hold'em Limit ($3/$6 USD) - 2017/03/10 14:39:13 ET
Table 'Zimmerwald' 10-max Seat #7 is the button
Seat 6: MarcoSilva98 ($93.05 in chips)
Seat 7: Chessnok ($166.98 in chips)
Chessnok: posts small blind $1
MarcoSilva98: posts big blind $3
*** HOLE CARDS ***
Chessnok: raises $3 to $6
MarcoSilva98: calls $3
*** FLOP *** [6d Ac Kc]
MarcoSilva98: checks
Chessnok: bets $3
MarcoSilva98: folds
Uncalled bet ($3) returned to Chessnok
Chessnok collected $11.76 from pot
Chessnok: doesn't show hand
*** SUMMARY ***
Total pot $12 | Rake $0.24
Board [6d Ac Kc]
Seat 6: MarcoSilva98 (big blind) folded on the Flop
Seat 7: Chessnok (button) (small blind) collected ($11.76)


PokerStars Hand #167395250645:  Hold'em Limit ($3/$6 USD) - 2017/03/10 14:40:19 ET
Table 'Zimmerwald' 10-max Seat #6 is the button
Seat 6: MarcoSilva98 ($94.30 in chips)
Seat 7: Chessnok ($163.99 in chips)
MarcoSilva98: posts small blind $1
Chessnok: posts big blind $3
*** HOLE CARDS ***
MarcoSilva98: raises $3 to $6
Chessnok: calls $3
*** FLOP *** [Qd Qh 2d]
Chessnok: checks
MarcoSilva98: bets $3
Chessnok: calls $3
*** TURN *** [Qd Qh 2d] [5d]
Chessnok: checks
MarcoSilva98: bets $6
Chessnok: folds
Uncalled bet ($6) returned to MarcoSilva98
MarcoSilva98 collected $17.64 from pot
MarcoSilva98: doesn't show hand
*** SUMMARY ***
Total pot $18 | Rake $0.36
Board [Qd Qh 2d 5d]
Seat 6: MarcoSilva98 (button) (small blind) collected ($17.64)
Seat 7: Chessnok (big blind) folded on the Turn


PokerStars Hand #167395225850:  Hold'em Limit ($3/$6 USD) - 2017/03/10 14:39:50 ET
Table 'Zimmerwald' 10-max Seat #6 is the button
Seat 6: MarcoSilva98 ($68.05 in chips)
Seat 7: Chessnok ($191.24 in chips)
MarcoSilva98: posts small blind $1
Chessnok: posts big blind $3
*** HOLE CARDS ***
MarcoSilva98: raises $3 to $6
Chessnok: calls $3
*** FLOP *** [6s 8s 5d]
Chessnok: checks
MarcoSilva98: bets $3
Chessnok: raises $3 to $6
MarcoSilva98: raises $3 to $9
Chessnok: calls $3
*** TURN *** [6s 8s 5d] [2c]
Chessnok: checks
MarcoSilva98: bets $6
Chessnok: calls $6
*** RIVER *** [6s 8s 5d 2c] [3d]
Chessnok: checks
MarcoSilva98: bets $6
Chessnok: calls $6
*** SHOW DOWN ***
MarcoSilva98: shows [2h 8h] (two pair, Eights and Deuces)
Chessnok: mucks hand
MarcoSilva98 collected $53.50 from pot
*** SUMMARY ***
Total pot $54 | Rake $0.50
Board [6s 8s 5d 2c 3d]
Seat 6: MarcoSilva98 (button) (small blind) showed [2h 8h] and won ($53.50) with two pair, Eights and Deuces
Seat 7: Chessnok (big blind) mucked


PokerStars Hand #167395239467:  Hold'em Limit ($3/$6 USD) - 2017/03/10 14:40:06 ET
Table 'Zimmerwald' 10-max Seat #7 is the button
Seat 6: MarcoSilva98 ($94.55 in chips)
Seat 7: Chessnok ($164.24 in chips)
Chessnok: posts small blind $1
MarcoSilva98: posts big blind $3
*** HOLE CARDS ***
Chessnok: raises $3 to $6
MarcoSilva98: raises $3 to $9
Chessnok: calls $3
*** FLOP *** [3d 9c 9s]
MarcoSilva98: bets $3
Chessnok: calls $3
*** TURN *** [3d 9c 9s] [3s]
MarcoSilva98: bets $6
Chessnok: raises $6 to $12
MarcoSilva98: calls $6
*** RIVER *** [3d 9c 9s 3s] [9h]
MarcoSilva98: checks
Chessnok: checks
*** SHOW DOWN ***
MarcoSilva98: shows [Tc Qh] (a full house, Nines full of Threes)
Chessnok: shows [Ac 5h] (a full house, Nines full of Threes)
MarcoSilva98 collected $23.75 from pot
Chessnok collected $23.75 from pot
*** SUMMARY ***
Total pot $48 | Rake $0.50
Board [3d 9c 9s 3s 9h]
Seat 6: MarcoSilva98 (big blind) showed [Tc Qh] and won ($23.75) with a full house, Nines full of Threes
Seat 7: Chessnok (button) (small blind) showed [Ac 5h] and won ($23.75) with a full house, Nines full of Threes


PokerStars Hand #167395207343:  Hold'em Limit ($3/$6 USD) - 2017/03/10 14:39:28 ET
Table 'Zimmerwald' 10-max Seat #7 is the button
Seat 6: MarcoSilva98 ($86.05 in chips)
Seat 7: Chessnok ($173.74 in chips)
Chessnok: posts small blind $1
MarcoSilva98: posts big blind $3
*** HOLE CARDS ***
Chessnok: raises $3 to $6
MarcoSilva98: raises $3 to $9
Chessnok: calls $3
*** FLOP *** [4h Ah 3c]
MarcoSilva98: bets $3
Chessnok: calls $3
*** TURN *** [4h Ah 3c] [2d]
MarcoSilva98: bets $6
Chessnok: calls $6
*** RIVER *** [4h Ah 3c 2d] [2c]
MarcoSilva98: checks
Chessnok: bets $6
MarcoSilva98: folds
Uncalled bet ($6) returned to Chessnok
Chessnok collected $35.50 from pot
Chessnok: doesn't show hand
*** SUMMARY ***
Total pot $36 | Rake $0.50
Board [4h Ah 3c 2d 2c]
Seat 6: MarcoSilva98 (big blind) folded on the River
Seat 7: Chessnok (button) (small blind) collected ($35.50)


PokerStars Hand #167395271373:  Hold'em Limit ($3/$6 USD) - 2017/03/10 14:40:44 ET
Table 'Zimmerwald' 10-max Seat #6 is the button
Seat 6: MarcoSilva98 ($102.69 in chips)
Seat 7: Chessnok ($154.74 in chips)
MarcoSilva98: posts small blind $1
Chessnok: posts big blind $3
*** HOLE CARDS ***
MarcoSilva98: raises $3 to $6
Chessnok: calls $3
*** FLOP *** [Jh Js 2h]
Chessnok: checks
MarcoSilva98: bets $3
Chessnok: raises $3 to $6
MarcoSilva98: folds
Uncalled bet ($3) returned to Chessnok
Chessnok collected $17.64 from pot
Chessnok: doesn't show hand
*** SUMMARY ***
Total pot $18 | Rake $0.36
Board [Jh Js 2h]
Seat 6: MarcoSilva98 (button) (small blind) folded on the Flop
Seat 7: Chessnok (big blind) collected ($17.64)


PokerStars Hand #167395261012:  Hold'em Limit ($3/$6 USD) - 2017/03/10 14:40:32 ET
Table 'Zimmerwald' 10-max Seat #7 is the button
Seat 6: MarcoSilva98 ($102.94 in chips)
Seat 7: Chessnok ($154.99 in chips)
Chessnok: posts small blind $1
MarcoSilva98: posts big blind $3
*** HOLE CARDS ***
Chessnok: raises $3 to $6
MarcoSilva98: calls $3
*** FLOP *** [5d 7d 4h]
MarcoSilva98: checks
Chessnok: bets $3
MarcoSilva98: raises $3 to $6
Chessnok: calls $3
*** TURN *** [5d 7d 4h] [8c]
MarcoSilva98: bets $6
Chessnok: calls $6
*** RIVER *** [5d 7d 4h 8c] [6c]
MarcoSilva98: bets $6
Chessnok: calls $6
*** SHOW DOWN ***
MarcoSilva98: shows [Jd 5c] (a straight, Four to Eight)
Chessnok: shows [8d Kd] (a straight, Four to Eight)
MarcoSilva98 collected $23.75 from pot
Chessnok collected $23.75 from pot
*** SUMMARY ***
Total pot $48 | Rake $0.50
Board [5d 7d 4h 8c 6c]
Seat 6: MarcoSilva98 (big blind) showed [Jd 5c] and won ($23.75) with a straight, Four to Eight
Seat 7: Chessnok (button) (small blind) showed [8d Kd] and won ($23.75) with a straight, Four to Eight


PokerStars Hand #167395298001:  Hold'em Limit ($3/$6 USD) - 2017/03/10 14:41:16 ET
Table 'Zimmerwald' 10-max Seat #7 is the button
Seat 6: MarcoSilva98 ($63.69 in chips)
Seat 7: Chessnok ($192.64 in chips)
Chessnok: posts small blind $1
MarcoSilva98: posts big blind $3
*** HOLE CARDS ***
Chessnok: folds
Uncalled bet ($2) returned to MarcoSilva98
MarcoSilva98 collected $2 from pot
MarcoSilva98: doesn't show hand
*** SUMMARY ***
Total pot $2 | Rake $0
Seat 6: MarcoSilva98 (big blind) collected ($2)
Seat 7: Chessnok (button) (small blind) folded before Flop


PokerStars Hand #167395287412:  Hold'em Limit ($3/$6 USD) - 2017/03/10 14:41:03 ET
Table 'Zimmerwald' 10-max Seat #6 is the button
Seat 6: MarcoSilva98 ($87.69 in chips)
Seat 7: Chessnok ($169.14 in chips)
MarcoSilva98: posts small blind $1
Chessnok: posts big blind $3
*** HOLE CARDS ***
MarcoSilva98: raises $3 to $6
Chessnok: raises $3 to $9
MarcoSilva98: calls $3
*** FLOP *** [7h Jd 6c]
Chessnok: bets $3
MarcoSilva98: calls $3
*** TURN *** [7h Jd 6c] [5s]
Chessnok: bets $6
MarcoSilva98: calls $6
*** RIVER *** [7h Jd 6c 5s] [8c]
Chessnok: bets $6
MarcoSilva98: calls $6
*** SHOW DOWN ***
Chessnok: shows [Ah Ac] (a pair of Aces)
MarcoSilva98: mucks hand
Chessnok collected $47.50 from pot
*** SUMMARY ***
Total pot $48 | Rake $0.50
Board [7h Jd 6c 5s 8c]
Seat 6: MarcoSilva98 (button) (small blind) mucked
Seat 7: Chessnok (big blind) showed [Ah Ac] and won ($47.50) with a pair of Aces


PokerStars Hand #167395279258:  Hold'em Limit ($3/$6 USD) - 2017/03/10 14:40:54 ET
Table 'Zimmerwald' 10-max Seat #7 is the button
Seat 6: MarcoSilva98 ($93.69 in chips)
Seat 7: Chessnok ($163.38 in chips)
Chessnok: posts small blind $1
MarcoSilva98: posts big blind $3
*** HOLE CARDS ***
Chessnok: raises $3 to $6
MarcoSilva98: calls $3
*** FLOP *** [4h 5c Kd]
MarcoSilva98: checks
Chessnok: bets $3
MarcoSilva98: folds
Uncalled bet ($3) returned to Chessnok
Chessnok collected $11.76 from pot
Chessnok: doesn't show hand
*** SUMMARY ***
Total pot $12 | Rake $0.24
Board [4h 5c Kd]
Seat 6: MarcoSilva98 (big blind) folded on the Flop
Seat 7: Chessnok (button) (small blind) collected ($11.76)


PokerStars Hand #167395301967:  Hold'em Limit ($3/$6 USD) - 2017/03/10 14:41:20 ET
Table 'Zimmerwald' 10-max Seat #6 is the button
Seat 6: MarcoSilva98 ($64.69 in chips)
Seat 7: Chessnok ($191.64 in chips)
MarcoSilva98: posts small blind $1
Chessnok: posts big blind $3
*** HOLE CARDS ***
MarcoSilva98: raises $3 to $6
Chessnok: calls $3
*** FLOP *** [7d 8s 2h]
Chessnok: checks
MarcoSilva98: bets $3
Chessnok: raises $3 to $6
MarcoSilva98: calls $3
*** TURN *** [7d 8s 2h] [Kc]
Chessnok: checks
MarcoSilva98: checks
*** RIVER *** [7d 8s 2h Kc] [5s]
Chessnok: bets $6
MarcoSilva98: calls $6
*** SHOW DOWN ***
Chessnok: shows [7s Qc] (a pair of Sevens)
MarcoSilva98: mucks hand
Chessnok collected $35.50 from pot
*** SUMMARY ***
Total pot $36 | Rake $0.50
Board [7d 8s 2h Kc 5s]
Seat 6: MarcoSilva98 (button) (small blind) mucked
Seat 7: Chessnok (big blind) showed [7s Qc] and won ($35.50) with a pair of Sevens


PokerStars Hand #167395318908:  Hold'em Limit ($3/$6 USD) - 2017/03/10 14:41:41 ET
Table 'Zimmerwald' 10-max Seat #6 is the button
Seat 6: MarcoSilva98 ($47.69 in chips)
Seat 7: Chessnok ($208.14 in chips)
MarcoSilva98: posts small blind $1
Chessnok: posts big blind $3
*** HOLE CARDS ***
MarcoSilva98: raises $3 to $6
Chessnok: raises $3 to $9
MarcoSilva98: raises $3 to $12
Betting is capped
Chessnok: calls $3
*** FLOP *** [Ts 2c 3h]
Chessnok: checks
MarcoSilva98: bets $3
Chessnok: calls $3
*** TURN *** [Ts 2c 3h] [Kd]
Chessnok: checks
MarcoSilva98: bets $6
Chessnok: raises $6 to $12
MarcoSilva98: calls $6
*** RIVER *** [Ts 2c 3h Kd] [4s]
Chessnok: bets $6
MarcoSilva98: calls $6
*** SHOW DOWN ***
Chessnok: shows [Kh 4h] (two pair, Kings and Fours)
MarcoSilva98: mucks hand
Chessnok collected $65.50 from pot
*** SUMMARY ***
Total pot $66 | Rake $0.50
Board [Ts 2c 3h Kd 4s]
Seat 6: MarcoSilva98 (button) (small blind) mucked
Seat 7: Chessnok (big blind) showed [Kh 4h] and won ($65.50) with two pair, Kings and Fours


PokerStars Hand #167395313495:  Hold'em Limit ($3/$6 USD) - 2017/03/10 14:41:34 ET
Table 'Zimmerwald' 10-max Seat #7 is the button
Seat 6: MarcoSilva98 ($46.69 in chips)
Seat 7: Chessnok ($209.14 in chips)
Chessnok: posts small blind $1
MarcoSilva98: posts big blind $3
*** HOLE CARDS ***
Chessnok: folds
Uncalled bet ($2) returned to MarcoSilva98
MarcoSilva98 collected $2 from pot
MarcoSilva98: doesn't show hand
*** SUMMARY ***
Total pot $2 | Rake $0
Seat 6: MarcoSilva98 (big blind) collected ($2)
Seat 7: Chessnok (button) (small blind) folded before Flop


PokerStars Hand #167395332388:  Hold'em Limit ($3/$6 USD) - 2017/03/10 14:41:57 ET
Table 'Zimmerwald' 10-max Seat #7 is the button
Seat 6: MarcoSilva98 ($14.69 in chips)
Seat 7: Chessnok ($240.64 in chips)
Chessnok: posts small blind $1
MarcoSilva98: posts big blind $3
*** HOLE CARDS ***
Chessnok: raises $3 to $6
MarcoSilva98: calls $3
*** FLOP *** [5h 9c 4d]
MarcoSilva98: checks
Chessnok: bets $3
MarcoSilva98: raises $3 to $6
Chessnok: raises $3 to $9
MarcoSilva98: calls $2.69 and is all-in
Uncalled bet ($0.31) returned to Chessnok
*** TURN *** [5h 9c 4d] [Ac]
*** RIVER *** [5h 9c 4d Ac] [8h]
*** SHOW DOWN ***
MarcoSilva98: shows [3h 6d] (high card Ace)
Chessnok: shows [5s 7d] (a pair of Fives)
Chessnok collected $28.88 from pot
*** SUMMARY ***
Total pot $29.38 | Rake $0.50
Board [5h 9c 4d Ac 8h]
Seat 6: MarcoSilva98 (big blind) showed [3h 6d] and lost with high card Ace
Seat 7: Chessnok (button) (small blind) showed [5s 7d] and won ($28.88) with a pair of Fives


