PokerStars Hand #175315198705:  Hold'em Limit ($3/$6 USD) - 2017/09/07 3:43:07 ET
Table 'Zimmerwald' 6-max Seat #1 is the button
Seat 1: doomrecon ($60 in chips)
Seat 2: Whatze Phuck ($177 in chips)
doomrecon: posts small blind $1
Whatze Phuck: posts big blind $3
*** HOLE CARDS ***
doomrecon: calls $2
Whatze Phuck: checks
*** FLOP *** [6h 2c Qc]
Whatze Phuck: checks
doomrecon: checks
*** TURN *** [6h 2c Qc] [Ks]
Whatze Phuck: checks
doomrecon: bets $6
Whatze Phuck: calls $6
*** RIVER *** [6h 2c Qc Ks] [5c]
Whatze Phuck: checks
doomrecon: bets $6
Whatze Phuck: folds
Uncalled bet ($6) returned to doomrecon
doomrecon collected $17.64 from pot
*** SUMMARY ***
Total pot $18 | Rake $0.36
Board [6h 2c Qc Ks 5c]
Seat 1: doomrecon (button) (small blind) collected ($17.64)
Seat 2: Whatze Phuck (big blind) folded on the River


PokerStars Hand #175317384117:  Hold'em Limit ($3/$6 USD) - 2017/09/07 5:40:09 ET
Table 'Zimmerwald' 6-max Seat #1 is the button
Seat 1: manly70 ($210.18 in chips)
Seat 6: Psynto ($86.19 in chips)
manly70: posts small blind $1
krytalex: is sitting out
Psynto: posts big blind $3
*** HOLE CARDS ***
manly70: calls $2
Psynto: raises $3 to $6
manly70: calls $3
*** FLOP *** [7h Ah Td]
Psynto: bets $3
manly70: calls $3
*** TURN *** [7h Ah Td] [Ts]
Psynto: bets $6
manly70: calls $6
*** RIVER *** [7h Ah Td Ts] [3d]
Psynto: bets $6
manly70: calls $6
*** SHOW DOWN ***
Psynto: shows [Ac Qc] (two pair, Aces and Tens)
manly70: mucks hand
Psynto collected $41.50 from pot
*** SUMMARY ***
Total pot $42 | Rake $0.50
Board [7h Ah Td Ts 3d]
Seat 1: manly70 (button) (small blind) mucked
Seat 6: Psynto (big blind) showed [Ac Qc] and won ($41.50) with two pair, Aces and Tens


PokerStars Hand #175317398174:  Hold'em Limit ($3/$6 USD) - 2017/09/07 5:40:48 ET
Table 'Zimmerwald' 6-max Seat #1 is the button
Seat 1: manly70 ($180.18 in chips)
Seat 6: Psynto ($115.33 in chips)
manly70: posts small blind $1
Psynto: posts big blind $3
*** HOLE CARDS ***
manly70: folds
Uncalled bet ($2) returned to Psynto
Psynto collected $2 from pot
Psynto: doesn't show hand
*** SUMMARY ***
Total pot $2 | Rake $0
Seat 1: manly70 (button) (small blind) folded before Flop
Seat 6: Psynto (big blind) collected ($2)


PokerStars Hand #175317400258:  Hold'em Limit ($3/$6 USD) - 2017/09/07 5:40:54 ET
Table 'Zimmerwald' 6-max Seat #6 is the button
Seat 1: manly70 ($179.18 in chips)
Seat 6: Psynto ($116.33 in chips)
Psynto: posts small blind $1
manly70: posts big blind $3
*** HOLE CARDS ***
Psynto: raises $3 to $6
manly70: calls $3
*** FLOP *** [9h 8c 7c]
manly70: checks
Psynto: bets $3
manly70: calls $3
*** TURN *** [9h 8c 7c] [5c]
manly70: checks
Psynto: checks
*** RIVER *** [9h 8c 7c 5c] [3s]
krytalex leaves the table
manly70: checks
Psynto: checks
*** SHOW DOWN ***
manly70: shows [3h Ad] (a pair of Threes)
Psynto: mucks hand
manly70 collected $17.64 from pot
*** SUMMARY ***
Total pot $18 | Rake $0.36
Board [9h 8c 7c 5c 3s]
Seat 1: manly70 (big blind) showed [3h Ad] and won ($17.64) with a pair of Threes
Seat 6: Psynto (button) (small blind) mucked


PokerStars Hand #175317415379:  Hold'em Limit ($3/$6 USD) - 2017/09/07 5:41:36 ET
Table 'Zimmerwald' 6-max Seat #1 is the button
Seat 1: manly70 ($213.96 in chips)
Seat 6: Psynto ($80.33 in chips)
manly70: posts small blind $1
Psynto: posts big blind $3
*** HOLE CARDS ***
manly70: raises $3 to $6
Psynto: calls $3
*** FLOP *** [4h 5c Js]
Psynto: checks
manly70: checks
*** TURN *** [4h 5c Js] [Jh]
Psynto: bets $6
manly70: calls $6
*** RIVER *** [4h 5c Js Jh] [Jd]
Psynto: checks
manly70: checks
*** SHOW DOWN ***
Psynto: shows [6c Qc] (three of a kind, Jacks)
manly70: shows [Kh As] (three of a kind, Jacks - Ace kicker)
manly70 collected $23.52 from pot
*** SUMMARY ***
Total pot $24 | Rake $0.48
Board [4h 5c Js Jh Jd]
Seat 1: manly70 (button) (small blind) showed [Kh As] and won ($23.52) with three of a kind, Jacks
Seat 6: Psynto (big blind) showed [6c Qc] and lost with three of a kind, Jacks


PokerStars Hand #175317428140:  Hold'em Limit ($3/$6 USD) - 2017/09/07 5:42:11 ET
Table 'Zimmerwald' 6-max Seat #1 is the button
Seat 1: manly70 ($245.98 in chips)
Seat 6: Psynto ($72 in chips)
manly70: posts small blind $1
Psynto: posts big blind $3
*** HOLE CARDS ***
manly70: raises $3 to $6
Psynto: calls $3
*** FLOP *** [6c Ac Ad]
Psynto: checks
manly70: bets $3
Psynto: folds
Uncalled bet ($3) returned to manly70
manly70 collected $11.76 from pot
*** SUMMARY ***
Total pot $12 | Rake $0.24
Board [6c Ac Ad]
Seat 1: manly70 (button) (small blind) collected ($11.76)
Seat 6: Psynto (big blind) folded on the Flop


PokerStars Hand #175317420620:  Hold'em Limit ($3/$6 USD) - 2017/09/07 5:41:51 ET
Table 'Zimmerwald' 6-max Seat #6 is the button
Seat 1: manly70 ($225.48 in chips)
Seat 6: Psynto ($72 in chips)
Psynto: posts small blind $1
manly70: posts big blind $3
*** HOLE CARDS ***
Psynto: raises $3 to $6
manly70: calls $3
*** FLOP *** [Ks Jh Jc]
manly70: checks
Psynto: bets $3
manly70: calls $3
*** TURN *** [Ks Jh Jc] [7s]
manly70: checks
Psynto: bets $6
manly70: calls $6
*** RIVER *** [Ks Jh Jc 7s] [Kd]
manly70: checks
Psynto: bets $6
manly70: calls $6
*** SHOW DOWN ***
Psynto: shows [8d 4h] (two pair, Kings and Jacks)
manly70: shows [Th Ah] (two pair, Kings and Jacks - Ace kicker)
manly70 collected $41.50 from pot
*** SUMMARY ***
Total pot $42 | Rake $0.50
Board [Ks Jh Jc 7s Kd]
Seat 1: manly70 (big blind) showed [Th Ah] and won ($41.50) with two pair, Kings and Jacks
Seat 6: Psynto (button) (small blind) showed [8d 4h] and lost with two pair, Kings and Jacks


