PokerStars Hand #154808553041:  Hold'em Limit ($3/$6 USD) - 2016/06/16 10:44:05 ET
Table 'Zimmerwald' 6-max Seat #6 is the button
Seat 4: cecildk ($73.52 in chips)
Seat 6: Mordnilap ($87.50 in chips)
Mordnilap: posts small blind $1
cecildk: posts big blind $3
*** HOLE CARDS ***
Mordnilap: folds
Uncalled bet ($2) returned to cecildk
cecildk collected $2 from pot
cecildk: doesn't show hand
*** SUMMARY ***
Total pot $2 | Rake $0
Seat 4: cecildk (big blind) collected ($2)
Seat 6: Mordnilap (button) (small blind) folded before Flop


PokerStars Hand #154808550462:  Hold'em Limit ($3/$6 USD) - 2016/06/16 10:44:00 ET
Table 'Zimmerwald' 6-max Seat #4 is the button
Seat 4: cecildk ($74.52 in chips)
Seat 6: Mordnilap ($86.50 in chips)
cecildk: posts small blind $1
Mordnilap: posts big blind $3
*** HOLE CARDS ***
cecildk: folds
Uncalled bet ($2) returned to Mordnilap
Mordnilap collected $2 from pot
Mordnilap: doesn't show hand
*** SUMMARY ***
Total pot $2 | Rake $0
Seat 4: cecildk (button) (small blind) folded before Flop
Seat 6: Mordnilap (big blind) collected ($2)


PokerStars Hand #154808542118:  Hold'em Limit ($3/$6 USD) - 2016/06/16 10:43:44 ET
Table 'Zimmerwald' 6-max Seat #6 is the button
Seat 4: cecildk ($63 in chips)
Seat 6: Mordnilap ($98.50 in chips)
Mordnilap: posts small blind $1
cecildk: posts big blind $3
*** HOLE CARDS ***
Mordnilap: raises $3 to $6
cecildk: raises $3 to $9
Mordnilap: calls $3
*** FLOP *** [4s 8h Ac]
cecildk: bets $3
Mordnilap: calls $3
*** TURN *** [4s 8h Ac] [Jh]
cecildk: bets $6
Mordnilap: folds
Uncalled bet ($6) returned to cecildk
cecildk collected $23.52 from pot
cecildk: doesn't show hand
*** SUMMARY ***
Total pot $24 | Rake $0.48
Board [4s 8h Ac Jh]
Seat 4: cecildk (big blind) collected ($23.52)
Seat 6: Mordnilap (button) (small blind) folded on the Turn


PokerStars Hand #154808559634:  Hold'em Limit ($3/$6 USD) - 2016/06/16 10:44:18 ET
Table 'Zimmerwald' 6-max Seat #6 is the button
Seat 4: cecildk ($73.52 in chips)
Seat 6: Mordnilap ($87.50 in chips)
Mordnilap: posts small blind $1
cecildk: posts big blind $3
*** HOLE CARDS ***
Mordnilap: raises $3 to $6
cecildk: folds
Uncalled bet ($3) returned to Mordnilap
Mordnilap collected $6 from pot
Mordnilap: doesn't show hand
*** SUMMARY ***
Total pot $6 | Rake $0
Seat 4: cecildk (big blind) folded before Flop
Seat 6: Mordnilap (button) (small blind) collected ($6)


PokerStars Hand #154808556664:  Hold'em Limit ($3/$6 USD) - 2016/06/16 10:44:12 ET
Table 'Zimmerwald' 6-max Seat #4 is the button
Seat 4: cecildk ($74.52 in chips)
Seat 6: Mordnilap ($86.50 in chips)
cecildk: posts small blind $1
Mordnilap: posts big blind $3
*** HOLE CARDS ***
cecildk: folds
Uncalled bet ($2) returned to Mordnilap
Mordnilap collected $2 from pot
Mordnilap: doesn't show hand
*** SUMMARY ***
Total pot $2 | Rake $0
Seat 4: cecildk (button) (small blind) folded before Flop
Seat 6: Mordnilap (big blind) collected ($2)


PokerStars Hand #154808562582:  Hold'em Limit ($3/$6 USD) - 2016/06/16 10:44:23 ET
Table 'Zimmerwald' 6-max Seat #4 is the button
Seat 4: cecildk ($70.52 in chips)
Seat 6: Mordnilap ($90.50 in chips)
cecildk: posts small blind $1
Mordnilap: posts big blind $3
*** HOLE CARDS ***
cecildk: raises $3 to $6
Mordnilap: calls $3
*** FLOP *** [8d 4d 3c]
Mordnilap: checks
cecildk: bets $3
Mordnilap: calls $3
*** TURN *** [8d 4d 3c] [6d]
Mordnilap: checks
cecildk: checks
*** RIVER *** [8d 4d 3c 6d] [7h]
Mordnilap: bets $6
cecildk: calls $6
*** SHOW DOWN ***
Mordnilap: shows [7c 9d] (a pair of Sevens)
cecildk: shows [7s Qd] (a pair of Sevens - Queen kicker)
cecildk collected $29.50 from pot
*** SUMMARY ***
Total pot $30 | Rake $0.50
Board [8d 4d 3c 6d 7h]
Seat 4: cecildk (button) (small blind) showed [7s Qd] and won ($29.50) with a pair of Sevens
Seat 6: Mordnilap (big blind) showed [7c 9d] and lost with a pair of Sevens


PokerStars Hand #154808618220:  Hold'em Limit ($3/$6 USD) - 2016/06/16 10:46:10 ET
Table 'Zimmerwald' 6-max Seat #4 is the button
Seat 4: cecildk ($97.16 in chips)
Seat 6: Mordnilap ($75 in chips)
cecildk: posts small blind $1
Mordnilap: posts big blind $3
*** HOLE CARDS ***
cecildk: raises $3 to $6
Mordnilap: calls $3
*** FLOP *** [6h Ts 4d]
Mordnilap: checks
cecildk: bets $3
Mordnilap: calls $3
*** TURN *** [6h Ts 4d] [2s]
Mordnilap: checks
cecildk: checks
*** RIVER *** [6h Ts 4d 2s] [3c]
Mordnilap: bets $6
cecildk: folds
Uncalled bet ($6) returned to Mordnilap
Mordnilap collected $17.64 from pot
Mordnilap: doesn't show hand
*** SUMMARY ***
Total pot $18 | Rake $0.36
Board [6h Ts 4d 2s 3c]
Seat 4: cecildk (button) (small blind) folded on the River
Seat 6: Mordnilap (big blind) collected ($17.64)


PokerStars Hand #154808616038:  Hold'em Limit ($3/$6 USD) - 2016/06/16 10:46:06 ET
Table 'Zimmerwald' 6-max Seat #6 is the button
Seat 4: cecildk ($96.16 in chips)
Seat 6: Mordnilap ($76 in chips)
Mordnilap: posts small blind $1
cecildk: posts big blind $3
*** HOLE CARDS ***
Mordnilap: folds
Uncalled bet ($2) returned to cecildk
cecildk collected $2 from pot
cecildk: doesn't show hand
*** SUMMARY ***
Total pot $2 | Rake $0
Seat 4: cecildk (big blind) collected ($2)
Seat 6: Mordnilap (button) (small blind) folded before Flop


PokerStars Hand #154808613591:  Hold'em Limit ($3/$6 USD) - 2016/06/16 10:46:01 ET
Table 'Zimmerwald' 6-max Seat #4 is the button
Seat 4: cecildk ($97.16 in chips)
Seat 6: Mordnilap ($75 in chips)
cecildk: posts small blind $1
Mordnilap: posts big blind $3
*** HOLE CARDS ***
cecildk: folds
Uncalled bet ($2) returned to Mordnilap
Mordnilap collected $2 from pot
Mordnilap: doesn't show hand
*** SUMMARY ***
Total pot $2 | Rake $0
Seat 4: cecildk (button) (small blind) folded before Flop
Seat 6: Mordnilap (big blind) collected ($2)


PokerStars Hand #154808610983:  Hold'em Limit ($3/$6 USD) - 2016/06/16 10:45:56 ET
Table 'Zimmerwald' 6-max Seat #6 is the button
Seat 4: cecildk ($100.16 in chips)
Seat 6: Mordnilap ($72 in chips)
Mordnilap: posts small blind $1
cecildk: posts big blind $3
*** HOLE CARDS ***
Mordnilap: raises $3 to $6
cecildk: folds
Uncalled bet ($3) returned to Mordnilap
Mordnilap collected $6 from pot
Mordnilap: doesn't show hand
*** SUMMARY ***
Total pot $6 | Rake $0
Seat 4: cecildk (big blind) folded before Flop
Seat 6: Mordnilap (button) (small blind) collected ($6)


PokerStars Hand #154808594940:  Hold'em Limit ($3/$6 USD) - 2016/06/16 10:45:25 ET
Table 'Zimmerwald' 6-max Seat #6 is the button
Seat 4: cecildk ($88.66 in chips)
Seat 6: Mordnilap ($73 in chips)
Mordnilap: posts small blind $1
cecildk: posts big blind $3
*** HOLE CARDS ***
Mordnilap: raises $3 to $6
cecildk: folds
Uncalled bet ($3) returned to Mordnilap
Mordnilap collected $6 from pot
Mordnilap: doesn't show hand
*** SUMMARY ***
Total pot $6 | Rake $0
Seat 4: cecildk (big blind) folded before Flop
Seat 6: Mordnilap (button) (small blind) collected ($6)


PokerStars Hand #154808592565:  Hold'em Limit ($3/$6 USD) - 2016/06/16 10:45:21 ET
Table 'Zimmerwald' 6-max Seat #4 is the button
Seat 4: cecildk ($89.66 in chips)
Seat 6: Mordnilap ($72 in chips)
cecildk: posts small blind $1
Mordnilap: posts big blind $3
*** HOLE CARDS ***
cecildk: folds
Uncalled bet ($2) returned to Mordnilap
Mordnilap collected $2 from pot
Mordnilap: doesn't show hand
*** SUMMARY ***
Total pot $2 | Rake $0
Seat 4: cecildk (button) (small blind) folded before Flop
Seat 6: Mordnilap (big blind) collected ($2)


PokerStars Hand #154808588475:  Hold'em Limit ($3/$6 USD) - 2016/06/16 10:45:13 ET
Table 'Zimmerwald' 6-max Seat #6 is the button
Seat 4: cecildk ($81.02 in chips)
Seat 6: Mordnilap ($79.50 in chips)
Mordnilap: posts small blind $1
cecildk: posts big blind $3
*** HOLE CARDS ***
Mordnilap: raises $3 to $6
cecildk: raises $3 to $9
Mordnilap: calls $3
*** FLOP *** [Th 7d Ks]
cecildk: bets $3
Mordnilap: folds
Uncalled bet ($3) returned to cecildk
cecildk collected $17.64 from pot
cecildk: doesn't show hand
*** SUMMARY ***
Total pot $18 | Rake $0.36
Board [Th 7d Ks]
Seat 4: cecildk (big blind) collected ($17.64)
Seat 6: Mordnilap (button) (small blind) folded on the Flop


PokerStars Hand #154808586016:  Hold'em Limit ($3/$6 USD) - 2016/06/16 10:45:08 ET
Table 'Zimmerwald' 6-max Seat #4 is the button
Seat 4: cecildk ($82.02 in chips)
Seat 6: Mordnilap ($78.50 in chips)
cecildk: posts small blind $1
Mordnilap: posts big blind $3
*** HOLE CARDS ***
cecildk: folds
Uncalled bet ($2) returned to Mordnilap
Mordnilap collected $2 from pot
Mordnilap: doesn't show hand
*** SUMMARY ***
Total pot $2 | Rake $0
Seat 4: cecildk (button) (small blind) folded before Flop
Seat 6: Mordnilap (big blind) collected ($2)


PokerStars Hand #154808583231:  Hold'em Limit ($3/$6 USD) - 2016/06/16 10:45:03 ET
Table 'Zimmerwald' 6-max Seat #6 is the button
Seat 4: cecildk ($85.02 in chips)
Seat 6: Mordnilap ($75.50 in chips)
Mordnilap: posts small blind $1
cecildk: posts big blind $3
*** HOLE CARDS ***
Mordnilap: raises $3 to $6
cecildk: folds
Uncalled bet ($3) returned to Mordnilap
Mordnilap collected $6 from pot
Mordnilap: doesn't show hand
*** SUMMARY ***
Total pot $6 | Rake $0
Seat 4: cecildk (big blind) folded before Flop
Seat 6: Mordnilap (button) (small blind) collected ($6)


PokerStars Hand #154808597535:  Hold'em Limit ($3/$6 USD) - 2016/06/16 10:45:30 ET
Table 'Zimmerwald' 6-max Seat #4 is the button
Seat 4: cecildk ($85.66 in chips)
Seat 6: Mordnilap ($76 in chips)
cecildk: posts small blind $1
Mordnilap: posts big blind $3
*** HOLE CARDS ***
cecildk: raises $3 to $6
Mordnilap: raises $3 to $9
cecildk: raises $3 to $12
Betting is capped
Mordnilap: calls $3
*** FLOP *** [7h 5s 9d]
Mordnilap: checks
cecildk: bets $3
Mordnilap: calls $3
*** TURN *** [7h 5s 9d] [Qh]
Mordnilap: checks
cecildk: bets $6
Mordnilap: folds
Uncalled bet ($6) returned to cecildk
cecildk collected $29.50 from pot
cecildk: doesn't show hand
*** SUMMARY ***
Total pot $30 | Rake $0.50
Board [7h 5s 9d Qh]
Seat 4: cecildk (button) (small blind) collected ($29.50)
Seat 6: Mordnilap (big blind) folded on the Turn


PokerStars Hand #154819065896:  Hold'em Limit ($3/$6 USD) - 2016/06/16 15:10:59 ET
Table 'Zimmerwald' 6-max Seat #6 is the button
Seat 4: Uhadmebeat ($190.59 in chips)
Seat 6: Tryptamean ($111.41 in chips)
Tryptamean: posts small blind $1
Pelurile: is sitting out
Uhadmebeat: posts big blind $3
*** HOLE CARDS ***
Tryptamean: raises $3 to $6
Uhadmebeat: calls $3
*** FLOP *** [3h 9d 2h]
Pelurile leaves the table
Uhadmebeat: checks
Tryptamean: bets $3
Uhadmebeat: folds
Uncalled bet ($3) returned to Tryptamean
Tryptamean collected $11.76 from pot
Tryptamean: doesn't show hand
*** SUMMARY ***
Total pot $12 | Rake $0.24
Board [3h 9d 2h]
Seat 4: Uhadmebeat (big blind) folded on the Flop
Seat 6: Tryptamean (button) (small blind) collected ($11.76)


PokerStars Hand #154819082394:  Hold'em Limit ($3/$6 USD) - 2016/06/16 15:11:21 ET
Table 'Zimmerwald' 6-max Seat #4 is the button
Seat 4: Uhadmebeat ($184.59 in chips)
Seat 6: Tryptamean ($117.17 in chips)
Uhadmebeat: posts small blind $1
Tryptamean: posts big blind $3
*** HOLE CARDS ***
Uhadmebeat: raises $3 to $6
Tryptamean: raises $3 to $9
Uhadmebeat: calls $3
*** FLOP *** [7s 9d 7d]
Tryptamean: bets $3
Uhadmebeat: calls $3
*** TURN *** [7s 9d 7d] [7h]
Tryptamean: checks
Uhadmebeat: checks
*** RIVER *** [7s 9d 7d 7h] [2d]
Tryptamean: checks
Uhadmebeat: checks
*** SHOW DOWN ***
Tryptamean: shows [Tc Ad] (three of a kind, Sevens)
Uhadmebeat: mucks hand
Tryptamean collected $23.52 from pot
*** SUMMARY ***
Total pot $24 | Rake $0.48
Board [7s 9d 7d 7h 2d]
Seat 4: Uhadmebeat (button) (small blind) mucked
Seat 6: Tryptamean (big blind) showed [Tc Ad] and won ($23.52) with three of a kind, Sevens


PokerStars Hand #154828471911:  Hold'em Limit ($3/$6 USD) - 2016/06/16 18:43:40 ET
Table 'Zimmerwald' 6-max Seat #2 is the button
Seat 2: Chessnok ($148.46 in chips)
Seat 4: AzureCaper ($98.18 in chips)
Chessnok: posts small blind $1
30KOLIN: is sitting out
AzureCaper: posts big blind $3
*** HOLE CARDS ***
Chessnok: folds
Uncalled bet ($2) returned to AzureCaper
30KOLIN leaves the table
AzureCaper collected $2 from pot
AzureCaper: doesn't show hand
*** SUMMARY ***
Total pot $2 | Rake $0
Seat 2: Chessnok (button) (small blind) folded before Flop
Seat 4: AzureCaper (big blind) collected ($2)


