PokerStars Hand #168178919055:  Hold'em Limit ($3/$6 USD) - 2017/03/27 7:35:55 ET
Table 'Zimmerwald' 6-max Seat #5 is the button
Seat 4: AzureCaper ($72 in chips)
Seat 5: megabaitt ($148.14 in chips)
megabaitt: posts small blind $1
AzureCaper: posts big blind $3
*** HOLE CARDS ***
megabaitt: folds
Uncalled bet ($2) returned to AzureCaper
megabaitt leaves the table
AzureCaper collected $2 from pot
*** SUMMARY ***
Total pot $2 | Rake $0
Seat 4: AzureCaper (big blind) collected ($2)
Seat 5: megabaitt (button) (small blind) folded before Flop


PokerStars Hand #168178908981:  Hold'em Limit ($3/$6 USD) - 2017/03/27 7:35:33 ET
Table 'Zimmerwald' 6-max Seat #4 is the button
Seat 4: AzureCaper ($73 in chips)
Seat 5: megabaitt ($127.64 in chips)
AzureCaper: posts small blind $1
megabaitt: posts big blind $3
*** HOLE CARDS ***
AzureCaper: raises $3 to $6
megabaitt: calls $3
*** FLOP *** [Kd 6c 8s]
megabaitt: bets $3
AzureCaper: calls $3
*** TURN *** [Kd 6c 8s] [Ah]
megabaitt: bets $6
AzureCaper: calls $6
*** RIVER *** [Kd 6c 8s Ah] [4c]
megabaitt: bets $6
AzureCaper: calls $6
*** SHOW DOWN ***
megabaitt: shows [As 2h] (a pair of Aces)
AzureCaper: mucks hand
megabaitt collected $41.50 from pot
*** SUMMARY ***
Total pot $42 | Rake $0.50
Board [Kd 6c 8s Ah 4c]
Seat 4: AzureCaper (button) (small blind) mucked
Seat 5: megabaitt (big blind) showed [As 2h] and won ($41.50) with a pair of Aces


PokerStars Hand #168178906919:  Hold'em Limit ($3/$6 USD) - 2017/03/27 7:35:28 ET
Table 'Zimmerwald' 6-max Seat #5 is the button
Seat 4: AzureCaper ($72 in chips)
Seat 5: megabaitt ($128.64 in chips)
megabaitt: posts small blind $1
AzureCaper: posts big blind $3
*** HOLE CARDS ***
megabaitt: folds
Uncalled bet ($2) returned to AzureCaper
AzureCaper collected $2 from pot
AzureCaper: doesn't show hand
*** SUMMARY ***
Total pot $2 | Rake $0
Seat 4: AzureCaper (big blind) collected ($2)
Seat 5: megabaitt (button) (small blind) folded before Flop


PokerStars Hand #168178898845:  Hold'em Limit ($3/$6 USD) - 2017/03/27 7:35:10 ET
Table 'Zimmerwald' 6-max Seat #4 is the button
Seat 4: AzureCaper ($72 in chips)
Seat 5: megabaitt ($120 in chips)
AzureCaper: posts small blind $1
megabaitt: posts big blind $3
*** HOLE CARDS ***
AzureCaper: raises $3 to $6
megabaitt: raises $3 to $9
AzureCaper: calls $3
*** FLOP *** [6h As Ks]
megabaitt: bets $3
AzureCaper: folds
Uncalled bet ($3) returned to megabaitt
megabaitt collected $17.64 from pot
*** SUMMARY ***
Total pot $18 | Rake $0.36
Board [6h As Ks]
Seat 4: AzureCaper (button) (small blind) folded on the Flop
Seat 5: megabaitt (big blind) collected ($17.64)


