PokerStars Hand #149173880493:  Hold'em Limit ($3/$6 USD) - 2016/02/21 9:03:39 ET
Table 'Zimmerwald II' 6-max Seat #5 is the button
Seat 1: Psynto ($157.39 in chips)
Seat 5: icebookman ($89 in chips)
Great_Kang will be allowed to play after the button
icebookman: posts small blind $1
gazzzzzza: is sitting out
Psynto: posts big blind $3
*** HOLE CARDS ***
icebookman: raises $3 to $6
Psynto: calls $3
*** FLOP *** [Th Jc 9d]
Psynto: checks
icebookman: bets $3
Psynto: calls $3
*** TURN *** [Th Jc 9d] [5s]
Psynto: checks
icebookman: bets $6
Psynto: calls $6
*** RIVER *** [Th Jc 9d 5s] [Kh]
Psynto: checks
icebookman: bets $6
Psynto: folds
Uncalled bet ($6) returned to icebookman
icebookman collected $29.50 from pot
icebookman: doesn't show hand
*** SUMMARY ***
Total pot $30 | Rake $0.50
Board [Th Jc 9d 5s Kh]
Seat 1: Psynto (big blind) folded on the River
Seat 5: icebookman (button) (small blind) collected ($29.50)


PokerStars Hand #149179453961:  Hold'em Limit ($3/$6 USD) - 2016/02/21 10:48:25 ET
Table 'Zimmerwald II' 6-max Seat #4 is the button
Seat 1: olavike ($132.81 in chips)
Seat 4: HaekJiu ($310.86 in chips)
Hadart will be allowed to play after the button
HaekJiu: posts small blind $1
HAL9QQQ: is sitting out
olavike: posts big blind $3
*** HOLE CARDS ***
HaekJiu: raises $3 to $6
olavike: calls $3
*** FLOP *** [8c 7s 5s]
olavike: checks
HaekJiu: checks
*** TURN *** [8c 7s 5s] [Jc]
olavike: checks
HaekJiu: checks
*** RIVER *** [8c 7s 5s Jc] [6d]
olavike: checks
HaekJiu: checks
*** SHOW DOWN ***
olavike: shows [6s Qh] (a pair of Sixes)
HaekJiu: mucks hand
olavike collected $11.76 from pot
*** SUMMARY ***
Total pot $12 | Rake $0.24
Board [8c 7s 5s Jc 6d]
Seat 1: olavike (big blind) showed [6s Qh] and won ($11.76) with a pair of Sixes
Seat 4: HaekJiu (button) (small blind) mucked


PokerStars Hand #149179487345:  Hold'em Limit ($3/$6 USD) - 2016/02/21 10:49:01 ET
Table 'Zimmerwald II' 6-max Seat #1 is the button
Seat 1: olavike ($118.57 in chips)
Seat 4: HaekJiu ($324.36 in chips)
olavike: posts small blind $1
HaekJiu: posts big blind $3
*** HOLE CARDS ***
olavike: raises $3 to $6
HaekJiu: calls $3
*** FLOP *** [Qc 4d 4h]
HaekJiu: checks
olavike: bets $3
HaekJiu: calls $3
*** TURN *** [Qc 4d 4h] [7h]
HaekJiu: checks
olavike: checks
*** RIVER *** [Qc 4d 4h 7h] [As]
HAL9QQQ leaves the table
HaekJiu: bets $6
olavike: raises $6 to $12
HaekJiu: raises $6 to $18
olavike: calls $6
*** SHOW DOWN ***
HaekJiu: shows [5s 4c] (three of a kind, Fours)
olavike: mucks hand
HaekJiu collected $53.50 from pot
*** SUMMARY ***
Total pot $54 | Rake $0.50
Board [Qc 4d 4h 7h As]
Seat 1: olavike (button) (small blind) mucked
Seat 4: HaekJiu (big blind) showed [5s 4c] and won ($53.50) with three of a kind, Fours


PokerStars Hand #149179505320:  Hold'em Limit ($3/$6 USD) - 2016/02/21 10:49:20 ET
Table 'Zimmerwald II' 6-max Seat #4 is the button
Seat 1: olavike ($91.57 in chips)
Seat 4: HaekJiu ($350.86 in chips)
HaekJiu: posts small blind $1
olavike: posts big blind $3
*** HOLE CARDS ***
HaekJiu: raises $3 to $6
olavike: calls $3
*** FLOP *** [2c Td 2d]
olavike: checks
HaekJiu: bets $3
olavike: calls $3
*** TURN *** [2c Td 2d] [3s]
olavike: checks
HaekJiu: bets $6
olavike: folds
Uncalled bet ($6) returned to HaekJiu
HaekJiu collected $17.64 from pot
HaekJiu: doesn't show hand
*** SUMMARY ***
Total pot $18 | Rake $0.36
Board [2c Td 2d 3s]
Seat 1: olavike (big blind) folded on the Turn
Seat 4: HaekJiu (button) (small blind) collected ($17.64)


PokerStars Hand #149179482950:  Hold'em Limit ($3/$6 USD) - 2016/02/21 10:48:56 ET
Table 'Zimmerwald II' 6-max Seat #4 is the button
Seat 1: olavike ($117.57 in chips)
Seat 4: HaekJiu ($325.36 in chips)
HaekJiu: posts small blind $1
olavike: posts big blind $3
*** HOLE CARDS ***
HaekJiu: folds
Uncalled bet ($2) returned to olavike
olavike collected $2 from pot
olavike: doesn't show hand
*** SUMMARY ***
Total pot $2 | Rake $0
Seat 1: olavike (big blind) collected ($2)
Seat 4: HaekJiu (button) (small blind) folded before Flop


PokerStars Hand #149179468205:  Hold'em Limit ($3/$6 USD) - 2016/02/21 10:48:40 ET
Table 'Zimmerwald II' 6-max Seat #1 is the button
Seat 1: olavike ($138.57 in chips)
Seat 4: HaekJiu ($304.86 in chips)
olavike: posts small blind $1
HaekJiu: posts big blind $3
*** HOLE CARDS ***
olavike: raises $3 to $6
HaekJiu: raises $3 to $9
olavike: calls $3
*** FLOP *** [Kc Qc Th]
HaekJiu: bets $3
olavike: raises $3 to $6
HaekJiu: calls $3
*** TURN *** [Kc Qc Th] [Jc]
HaekJiu: checks
olavike: checks
*** RIVER *** [Kc Qc Th Jc] [7s]
HaekJiu: bets $6
olavike: calls $6
*** SHOW DOWN ***
HaekJiu: shows [Kd As] (a straight, Ten to Ace)
olavike: mucks hand
HaekJiu collected $41.50 from pot
*** SUMMARY ***
Total pot $42 | Rake $0.50
Board [Kc Qc Th Jc 7s]
Seat 1: olavike (button) (small blind) mucked
Seat 4: HaekJiu (big blind) showed [Kd As] and won ($41.50) with a straight, Ten to Ace


PokerStars Hand #149179522705:  Hold'em Limit ($3/$6 USD) - 2016/02/21 10:49:38 ET
Table 'Zimmerwald II' 6-max Seat #4 is the button
Seat 1: olavike ($85.57 in chips)
Seat 4: HaekJiu ($356.50 in chips)
HaekJiu: posts small blind $1
olavike: posts big blind $3
*** HOLE CARDS ***
HaekJiu: raises $3 to $6
olavike: raises $3 to $9
HaekJiu: calls $3
*** FLOP *** [Kd 3d Js]
olavike: bets $3
HaekJiu: calls $3
*** TURN *** [Kd 3d Js] [7c]
olavike: bets $6
HaekJiu: folds
Uncalled bet ($6) returned to olavike
olavike collected $23.52 from pot
olavike: doesn't show hand
*** SUMMARY ***
Total pot $24 | Rake $0.48
Board [Kd 3d Js 7c]
Seat 1: olavike (big blind) collected ($23.52)
Seat 4: HaekJiu (button) (small blind) folded on the Turn


PokerStars Hand #149179533923:  Hold'em Limit ($3/$6 USD) - 2016/02/21 10:49:50 ET
Table 'Zimmerwald II' 6-max Seat #1 is the button
Seat 1: olavike ($97.09 in chips)
Seat 4: HaekJiu ($344.50 in chips)
olavike: posts small blind $1
HaekJiu: posts big blind $3
*** HOLE CARDS ***
olavike: raises $3 to $6
HaekJiu: calls $3
*** FLOP *** [Th 5h Tc]
HaekJiu: checks
olavike: bets $3
HaekJiu: calls $3
*** TURN *** [Th 5h Tc] [4c]
HaekJiu: checks
olavike: checks
*** RIVER *** [Th 5h Tc 4c] [Qs]
HaekJiu: bets $6
olavike: calls $6
*** SHOW DOWN ***
HaekJiu: shows [7s Ts] (three of a kind, Tens)
olavike: mucks hand
HaekJiu collected $29.50 from pot
*** SUMMARY ***
Total pot $30 | Rake $0.50
Board [Th 5h Tc 4c Qs]
Seat 1: olavike (button) (small blind) mucked
Seat 4: HaekJiu (big blind) showed [7s Ts] and won ($29.50) with three of a kind, Tens


PokerStars Hand #149179517816:  Hold'em Limit ($3/$6 USD) - 2016/02/21 10:49:33 ET
Table 'Zimmerwald II' 6-max Seat #1 is the button
Seat 1: olavike ($82.57 in chips)
Seat 4: HaekJiu ($359.50 in chips)
olavike: posts small blind $1
HaekJiu: posts big blind $3
*** HOLE CARDS ***
olavike: raises $3 to $6
HaekJiu: folds
Uncalled bet ($3) returned to olavike
olavike collected $6 from pot
olavike: doesn't show hand
*** SUMMARY ***
Total pot $6 | Rake $0
Seat 1: olavike (button) (small blind) collected ($6)
Seat 4: HaekJiu (big blind) folded before Flop


PokerStars Hand #149179547112:  Hold'em Limit ($3/$6 USD) - 2016/02/21 10:50:04 ET
Table 'Zimmerwald II' 6-max Seat #4 is the button
Seat 1: olavike ($82.09 in chips)
Seat 4: HaekJiu ($359 in chips)
HaekJiu: posts small blind $1
olavike: posts big blind $3
*** HOLE CARDS ***
HaekJiu: folds
Uncalled bet ($2) returned to olavike
olavike collected $2 from pot
olavike: doesn't show hand
*** SUMMARY ***
Total pot $2 | Rake $0
Seat 1: olavike (big blind) collected ($2)
Seat 4: HaekJiu (button) (small blind) folded before Flop


PokerStars Hand #149179879748:  Hold'em Limit ($3/$6 USD) - 2016/02/21 10:56:12 ET
Table 'Zimmerwald II' 6-max Seat #4 is the button
Seat 1: olavike ($84.33 in chips)
Seat 4: HaekJiu ($312.96 in chips)
HaekJiu: posts small blind $1
olavike: posts big blind $3
*** HOLE CARDS ***
HaekJiu: folds
Uncalled bet ($2) returned to olavike
olavike collected $2 from pot
olavike: doesn't show hand
*** SUMMARY ***
Total pot $2 | Rake $0
Seat 1: olavike (big blind) collected ($2)
Seat 4: HaekJiu (button) (small blind) folded before Flop


PokerStars Hand #149179870053:  Hold'em Limit ($3/$6 USD) - 2016/02/21 10:55:59 ET
Table 'Zimmerwald II' 6-max Seat #1 is the button
Seat 1: olavike ($90.33 in chips)
Seat 4: HaekJiu ($307.20 in chips)
olavike: posts small blind $1
HaekJiu: posts big blind $3
*** HOLE CARDS ***
olavike: raises $3 to $6
HaekJiu: calls $3
*** FLOP *** [8d 7c 4c]
HaekJiu: checks
olavike: checks
*** TURN *** [8d 7c 4c] [Ah]
HaekJiu: bets $6
olavike: folds
Uncalled bet ($6) returned to HaekJiu
HaekJiu collected $11.76 from pot
HaekJiu: doesn't show hand
*** SUMMARY ***
Total pot $12 | Rake $0.24
Board [8d 7c 4c Ah]
Seat 1: olavike (button) (small blind) folded on the Turn
Seat 4: HaekJiu (big blind) collected ($11.76)


PokerStars Hand #149179865593:  Hold'em Limit ($3/$6 USD) - 2016/02/21 10:55:53 ET
Table 'Zimmerwald II' 6-max Seat #4 is the button
Seat 1: olavike ($89.33 in chips)
Seat 4: HaekJiu ($308.20 in chips)
HaekJiu: posts small blind $1
olavike: posts big blind $3
*** HOLE CARDS ***
HaekJiu: folds
Uncalled bet ($2) returned to olavike
olavike collected $2 from pot
olavike: doesn't show hand
*** SUMMARY ***
Total pot $2 | Rake $0
Seat 1: olavike (big blind) collected ($2)
Seat 4: HaekJiu (button) (small blind) folded before Flop


PokerStars Hand #149179857941:  Hold'em Limit ($3/$6 USD) - 2016/02/21 10:55:43 ET
Table 'Zimmerwald II' 6-max Seat #1 is the button
Seat 1: olavike ($83.57 in chips)
Seat 4: HaekJiu ($314.20 in chips)
olavike: posts small blind $1
HaekJiu: posts big blind $3
*** HOLE CARDS ***
olavike: raises $3 to $6
HaekJiu: calls $3
*** FLOP *** [3c Kh 2c]
HaekJiu: checks
olavike: bets $3
HaekJiu: folds
Uncalled bet ($3) returned to olavike
olavike collected $11.76 from pot
olavike: doesn't show hand
*** SUMMARY ***
Total pot $12 | Rake $0.24
Board [3c Kh 2c]
Seat 1: olavike (button) (small blind) collected ($11.76)
Seat 4: HaekJiu (big blind) folded on the Flop


PokerStars Hand #149179919296:  Hold'em Limit ($3/$6 USD) - 2016/02/21 10:57:04 ET
Table 'Zimmerwald II' 6-max Seat #1 is the button
Seat 1: olavike ($84.97 in chips)
Seat 4: HaekJiu ($311.48 in chips)
olavike: posts small blind $1
HaekJiu: posts big blind $3
*** HOLE CARDS ***
olavike: raises $3 to $6
HaekJiu: raises $3 to $9
olavike: calls $3
*** FLOP *** [7d Kc 5c]
HaekJiu: bets $3
olavike: calls $3
*** TURN *** [7d Kc 5c] [As]
HaekJiu: bets $6
olavike: calls $6
*** RIVER *** [7d Kc 5c As] [8d]
HaekJiu: bets $6
olavike: folds
Uncalled bet ($6) returned to HaekJiu
HaekJiu collected $35.50 from pot
HaekJiu: doesn't show hand
*** SUMMARY ***
Total pot $36 | Rake $0.50
Board [7d Kc 5c As 8d]
Seat 1: olavike (button) (small blind) folded on the River
Seat 4: HaekJiu (big blind) collected ($35.50)


PokerStars Hand #149179909801:  Hold'em Limit ($3/$6 USD) - 2016/02/21 10:56:51 ET
Table 'Zimmerwald II' 6-max Seat #4 is the button
Seat 1: olavike ($76.33 in chips)
Seat 4: HaekJiu ($320.48 in chips)
HaekJiu: posts small blind $1
olavike: posts big blind $3
*** HOLE CARDS ***
HaekJiu: raises $3 to $6
olavike: calls $3
*** FLOP *** [Th Kd 4d]
olavike: bets $3
HaekJiu: calls $3
*** TURN *** [Th Kd 4d] [2h]
olavike: bets $6
HaekJiu: folds
Uncalled bet ($6) returned to olavike
olavike collected $17.64 from pot
*** SUMMARY ***
Total pot $18 | Rake $0.36
Board [Th Kd 4d 2h]
Seat 1: olavike (big blind) collected ($17.64)
Seat 4: HaekJiu (button) (small blind) folded on the Turn


PokerStars Hand #149179904954:  Hold'em Limit ($3/$6 USD) - 2016/02/21 10:56:45 ET
Table 'Zimmerwald II' 6-max Seat #1 is the button
Seat 1: olavike ($73.33 in chips)
Seat 4: HaekJiu ($323.48 in chips)
olavike: posts small blind $1
HaekJiu: posts big blind $3
*** HOLE CARDS ***
olavike: raises $3 to $6
HaekJiu: folds
Uncalled bet ($3) returned to olavike
olavike collected $6 from pot
olavike: doesn't show hand
*** SUMMARY ***
Total pot $6 | Rake $0
Seat 1: olavike (button) (small blind) collected ($6)
Seat 4: HaekJiu (big blind) folded before Flop


PokerStars Hand #149179891735:  Hold'em Limit ($3/$6 USD) - 2016/02/21 10:56:28 ET
Table 'Zimmerwald II' 6-max Seat #4 is the button
Seat 1: olavike ($79.33 in chips)
Seat 4: HaekJiu ($317.72 in chips)
HaekJiu: posts small blind $1
olavike: posts big blind $3
*** HOLE CARDS ***
HaekJiu: raises $3 to $6
olavike: calls $3
*** FLOP *** [8s Ah 3d]
olavike: checks
HaekJiu: checks
*** TURN *** [8s Ah 3d] [Ks]
olavike: checks
HaekJiu: checks
*** RIVER *** [8s Ah 3d Ks] [Ts]
olavike: checks
HaekJiu: bets $6
olavike: folds
Uncalled bet ($6) returned to HaekJiu
HaekJiu collected $11.76 from pot
HaekJiu: doesn't show hand
*** SUMMARY ***
Total pot $12 | Rake $0.24
Board [8s Ah 3d Ks Ts]
Seat 1: olavike (big blind) folded on the River
Seat 4: HaekJiu (button) (small blind) collected ($11.76)


PokerStars Hand #149179883684:  Hold'em Limit ($3/$6 USD) - 2016/02/21 10:56:17 ET
Table 'Zimmerwald II' 6-max Seat #1 is the button
Seat 1: olavike ($85.33 in chips)
Seat 4: HaekJiu ($311.96 in chips)
olavike: posts small blind $1
HaekJiu: posts big blind $3
*** HOLE CARDS ***
olavike: raises $3 to $6
HaekJiu: calls $3
*** FLOP *** [6c 5s 2h]
HaekJiu: checks
olavike: checks
*** TURN *** [6c 5s 2h] [9d]
HaekJiu: bets $6
olavike: folds
Uncalled bet ($6) returned to HaekJiu
HaekJiu collected $11.76 from pot
HaekJiu: doesn't show hand
*** SUMMARY ***
Total pot $12 | Rake $0.24
Board [6c 5s 2h 9d]
Seat 1: olavike (button) (small blind) folded on the Turn
Seat 4: HaekJiu (big blind) collected ($11.76)


PokerStars Hand #149179974249:  Hold'em Limit ($3/$6 USD) - 2016/02/21 10:58:11 ET
Table 'Zimmerwald II' 6-max Seat #1 is the button
Seat 1: olavike ($77.23 in chips)
Seat 4: HaekJiu ($317.26 in chips)
olavike: posts small blind $1
HaekJiu: posts big blind $3
*** HOLE CARDS ***
olavike: raises $3 to $6
HaekJiu: calls $3
*** FLOP *** [7s Th 9c]
HaekJiu: checks
olavike: bets $3
HaekJiu: folds
Uncalled bet ($3) returned to olavike
olavike collected $11.76 from pot
olavike: doesn't show hand
*** SUMMARY ***
Total pot $12 | Rake $0.24
Board [7s Th 9c]
Seat 1: olavike (button) (small blind) collected ($11.76)
Seat 4: HaekJiu (big blind) folded on the Flop


PokerStars Hand #149179960892:  Hold'em Limit ($3/$6 USD) - 2016/02/21 10:57:59 ET
Table 'Zimmerwald II' 6-max Seat #4 is the button
Seat 1: olavike ($71.47 in chips)
Seat 4: HaekJiu ($323.26 in chips)
HaekJiu: posts small blind $1
olavike: posts big blind $3
*** HOLE CARDS ***
HaekJiu: raises $3 to $6
olavike: calls $3
*** FLOP *** [8h 9h Ah]
olavike: checks
HaekJiu: checks
*** TURN *** [8h 9h Ah] [Qs]
olavike: checks
HaekJiu: checks
*** RIVER *** [8h 9h Ah Qs] [Kc]
olavike: checks
HaekJiu: checks
*** SHOW DOWN ***
olavike: shows [4c 4d] (a pair of Fours)
HaekJiu: mucks hand
olavike collected $11.76 from pot
*** SUMMARY ***
Total pot $12 | Rake $0.24
Board [8h 9h Ah Qs Kc]
Seat 1: olavike (big blind) showed [4c 4d] and won ($11.76) with a pair of Fours
Seat 4: HaekJiu (button) (small blind) mucked


PokerStars Hand #149179952726:  Hold'em Limit ($3/$6 USD) - 2016/02/21 10:57:48 ET
Table 'Zimmerwald II' 6-max Seat #1 is the button
Seat 1: olavike ($83.47 in chips)
Seat 4: HaekJiu ($311.74 in chips)
olavike: posts small blind $1
HaekJiu: posts big blind $3
*** HOLE CARDS ***
olavike: raises $3 to $6
HaekJiu: raises $3 to $9
olavike: calls $3
*** FLOP *** [Qc As 2h]
HaekJiu: bets $3
olavike: calls $3
*** TURN *** [Qc As 2h] [5c]
HaekJiu: bets $6
olavike: folds
Uncalled bet ($6) returned to HaekJiu
HaekJiu collected $23.52 from pot
HaekJiu: doesn't show hand
*** SUMMARY ***
Total pot $24 | Rake $0.48
Board [Qc As 2h 5c]
Seat 1: olavike (button) (small blind) folded on the Turn
Seat 4: HaekJiu (big blind) collected ($23.52)


PokerStars Hand #149179945542:  Hold'em Limit ($3/$6 USD) - 2016/02/21 10:57:38 ET
Table 'Zimmerwald II' 6-max Seat #4 is the button
Seat 1: olavike ($89.47 in chips)
Seat 4: HaekJiu ($305.98 in chips)
HaekJiu: posts small blind $1
olavike: posts big blind $3
*** HOLE CARDS ***
HaekJiu: raises $3 to $6
olavike: calls $3
*** FLOP *** [6c As 3c]
olavike: checks
HaekJiu: bets $3
olavike: folds
Uncalled bet ($3) returned to HaekJiu
HaekJiu collected $11.76 from pot
HaekJiu: doesn't show hand
*** SUMMARY ***
Total pot $12 | Rake $0.24
Board [6c As 3c]
Seat 1: olavike (big blind) folded on the Flop
Seat 4: HaekJiu (button) (small blind) collected ($11.76)


PokerStars Hand #149179941952:  Hold'em Limit ($3/$6 USD) - 2016/02/21 10:57:34 ET
Table 'Zimmerwald II' 6-max Seat #1 is the button
Seat 1: olavike ($90.47 in chips)
Seat 4: HaekJiu ($304.98 in chips)
olavike: posts small blind $1
HaekJiu: posts big blind $3
*** HOLE CARDS ***
olavike: folds
Uncalled bet ($2) returned to HaekJiu
HaekJiu collected $2 from pot
HaekJiu: doesn't show hand
*** SUMMARY ***
Total pot $2 | Rake $0
Seat 1: olavike (button) (small blind) folded before Flop
Seat 4: HaekJiu (big blind) collected ($2)


PokerStars Hand #149179930988:  Hold'em Limit ($3/$6 USD) - 2016/02/21 10:57:19 ET
Table 'Zimmerwald II' 6-max Seat #4 is the button
Seat 1: olavike ($66.97 in chips)
Seat 4: HaekJiu ($328.98 in chips)
HaekJiu: posts small blind $1
olavike: posts big blind $3
*** HOLE CARDS ***
HaekJiu: raises $3 to $6
olavike: raises $3 to $9
HaekJiu: calls $3
*** FLOP *** [2c 3c Jd]
olavike: bets $3
HaekJiu: calls $3
*** TURN *** [2c 3c Jd] [9h]
olavike: bets $6
HaekJiu: calls $6
*** RIVER *** [2c 3c Jd 9h] [3d]
olavike: bets $6
HaekJiu: calls $6
*** SHOW DOWN ***
olavike: shows [Qs Qd] (two pair, Queens and Threes)
HaekJiu: mucks hand
olavike collected $47.50 from pot
*** SUMMARY ***
Total pot $48 | Rake $0.50
Board [2c 3c Jd 9h 3d]
Seat 1: olavike (big blind) showed [Qs Qd] and won ($47.50) with two pair, Queens and Threes
Seat 4: HaekJiu (button) (small blind) mucked


PokerStars Hand #149180025175:  Hold'em Limit ($3/$6 USD) - 2016/02/21 10:59:04 ET
Table 'Zimmerwald II' 6-max Seat #1 is the button
Seat 1: olavike ($80.75 in chips)
Seat 4: HaekJiu ($312.90 in chips)
olavike: posts small blind $1
HaekJiu: posts big blind $3
*** HOLE CARDS ***
olavike: folds
Uncalled bet ($2) returned to HaekJiu
HaekJiu collected $2 from pot
HaekJiu: doesn't show hand
*** SUMMARY ***
Total pot $2 | Rake $0
Seat 1: olavike (button) (small blind) folded before Flop
Seat 4: HaekJiu (big blind) collected ($2)


PokerStars Hand #149180015225:  Hold'em Limit ($3/$6 USD) - 2016/02/21 10:58:52 ET
Table 'Zimmerwald II' 6-max Seat #4 is the button
Seat 1: olavike ($74.99 in chips)
Seat 4: HaekJiu ($318.90 in chips)
HaekJiu: posts small blind $1
olavike: posts big blind $3
*** HOLE CARDS ***
HaekJiu: raises $3 to $6
olavike: calls $3
*** FLOP *** [Js Jh 5c]
olavike: checks
HaekJiu: checks
*** TURN *** [Js Jh 5c] [2d]
olavike: checks
HaekJiu: checks
*** RIVER *** [Js Jh 5c 2d] [Ac]
olavike: checks
HaekJiu: checks
*** SHOW DOWN ***
olavike: shows [8h Qs] (a pair of Jacks)
HaekJiu: mucks hand
olavike collected $11.76 from pot
*** SUMMARY ***
Total pot $12 | Rake $0.24
Board [Js Jh 5c 2d Ac]
Seat 1: olavike (big blind) showed [8h Qs] and won ($11.76) with a pair of Jacks
Seat 4: HaekJiu (button) (small blind) mucked


PokerStars Hand #149179996779:  Hold'em Limit ($3/$6 USD) - 2016/02/21 10:58:32 ET
Table 'Zimmerwald II' 6-max Seat #1 is the button
Seat 1: olavike ($83.99 in chips)
Seat 4: HaekJiu ($310.26 in chips)
olavike: posts small blind $1
HaekJiu: posts big blind $3
*** HOLE CARDS ***
olavike: raises $3 to $6
HaekJiu: calls $3
*** FLOP *** [Qh 7s Ah]
HaekJiu: checks
olavike: bets $3
HaekJiu: calls $3
*** TURN *** [Qh 7s Ah] [2c]
HaekJiu: checks
olavike: checks
*** RIVER *** [Qh 7s Ah 2c] [Js]
HaekJiu: bets $6
olavike: folds
Uncalled bet ($6) returned to HaekJiu
HaekJiu collected $17.64 from pot
HaekJiu: doesn't show hand
*** SUMMARY ***
Total pot $18 | Rake $0.36
Board [Qh 7s Ah 2c Js]
Seat 1: olavike (button) (small blind) folded on the River
Seat 4: HaekJiu (big blind) collected ($17.64)


PokerStars Hand #149179986877:  Hold'em Limit ($3/$6 USD) - 2016/02/21 10:58:23 ET
Table 'Zimmerwald II' 6-max Seat #4 is the button
Seat 1: olavike ($82.99 in chips)
Seat 4: HaekJiu ($311.26 in chips)
HaekJiu: posts small blind $1
olavike: posts big blind $3
*** HOLE CARDS ***
HaekJiu: folds
Uncalled bet ($2) returned to olavike
olavike collected $2 from pot
olavike: doesn't show hand
*** SUMMARY ***
Total pot $2 | Rake $0
Seat 1: olavike (big blind) collected ($2)
Seat 4: HaekJiu (button) (small blind) folded before Flop


