PokerStars Hand #151673646689:  Hold'em Limit ($3/$6 USD) - 2016/04/09 14:34:01 ET
Table 'Zita III' 6-max Seat #3 is the button
Seat 3: Puzanchik 11 ($55.56 in chips)
Seat 5: PayMyAudiR8 ($64.29 in chips)
Puzanchik 11: posts small blind $1
PayMyAudiR8: posts big blind $3
*** HOLE CARDS ***
Puzanchik 11: raises $3 to $6
PayMyAudiR8: calls $3
*** FLOP *** [Th 6d 9h]
PayMyAudiR8: checks
Puzanchik 11: checks
*** TURN *** [Th 6d 9h] [Qs]
PayMyAudiR8: checks
Puzanchik 11: checks
*** RIVER *** [Th 6d 9h Qs] [5c]
PayMyAudiR8: checks
Puzanchik 11: checks
*** SHOW DOWN ***
PayMyAudiR8: shows [6s 3h] (a pair of Sixes)
Puzanchik 11: mucks hand
PayMyAudiR8 collected $11.76 from pot
*** SUMMARY ***
Total pot $12 | Rake $0.24
Board [Th 6d 9h Qs 5c]
Seat 3: Puzanchik 11 (button) (small blind) mucked
Seat 5: PayMyAudiR8 (big blind) showed [6s 3h] and won ($11.76) with a pair of Sixes


PokerStars Hand #151673665015:  Hold'em Limit ($3/$6 USD) - 2016/04/09 14:34:23 ET
Table 'Zita III' 6-max Seat #5 is the button
Seat 3: Puzanchik 11 ($49.56 in chips)
Seat 5: PayMyAudiR8 ($70.05 in chips)
PayMyAudiR8: posts small blind $1
Puzanchik 11: posts big blind $3
*** HOLE CARDS ***
PayMyAudiR8: folds
Uncalled bet ($2) returned to Puzanchik 11
betipo6 joins the table at seat #6
Puzanchik 11 collected $2 from pot
*** SUMMARY ***
Total pot $2 | Rake $0
Seat 3: Puzanchik 11 (big blind) collected ($2)
Seat 5: PayMyAudiR8 (button) (small blind) folded before Flop


PokerStars Hand #151673671726:  Hold'em Limit ($3/$6 USD) - 2016/04/09 14:34:31 ET
Table 'Zita III' 6-max Seat #3 is the button
Seat 3: Puzanchik 11 ($50.56 in chips)
Seat 5: PayMyAudiR8 ($69.05 in chips)
Puzanchik 11: posts small blind $1
PayMyAudiR8: posts big blind $3
*** HOLE CARDS ***
Puzanchik 11: raises $3 to $6
PayMyAudiR8: calls $3
*** FLOP *** [Ac 9d 7s]
PayMyAudiR8: checks
Puzanchik 11: bets $3
PayMyAudiR8: folds
Uncalled bet ($3) returned to Puzanchik 11
Puzanchik 11 collected $11.76 from pot
*** SUMMARY ***
Total pot $12 | Rake $0.24
Board [Ac 9d 7s]
Seat 3: Puzanchik 11 (button) (small blind) collected ($11.76)
Seat 5: PayMyAudiR8 (big blind) folded on the Flop


PokerStars Hand #151674408294:  Hold'em Limit ($3/$6 USD) - 2016/04/09 14:49:06 ET
Table 'Zita III' 6-max Seat #1 is the button
Seat 1: pdsnr ($120 in chips)
Seat 4: zizonmusang ($131.36 in chips)
INKASATOR600 will be allowed to play after the button
pdsnr: posts small blind $1
Puzanchik 11 leaves the table
zizonmusang: posts big blind $3
*** HOLE CARDS ***
pdsnr: raises $3 to $6
zizonmusang: folds
Uncalled bet ($3) returned to pdsnr
pdsnr collected $6 from pot
*** SUMMARY ***
Total pot $6 | Rake $0
Seat 1: pdsnr (button) (small blind) collected ($6)
Seat 4: zizonmusang (big blind) folded before Flop


PokerStars Hand #151686003974:  Hold'em Limit ($3/$6 USD) - 2016/04/09 18:36:52 ET
Table 'Zita III' 6-max Seat #1 is the button
Seat 1: Yuriy Ceza11 ($20.40 in chips)
Seat 5: lin1rabbit ($162.39 in chips)
Yuriy Ceza11: posts small blind $1
lin1rabbit: posts big blind $3
*** HOLE CARDS ***
RazvanDej leaves the table
Yuriy Ceza11: folds
Uncalled bet ($2) returned to lin1rabbit
lin1rabbit collected $2 from pot
lin1rabbit: doesn't show hand
*** SUMMARY ***
Total pot $2 | Rake $0
Seat 1: Yuriy Ceza11 (button) (small blind) folded before Flop
Seat 5: lin1rabbit (big blind) collected ($2)


PokerStars Hand #151686008417:  Hold'em Limit ($3/$6 USD) - 2016/04/09 18:36:58 ET
Table 'Zita III' 6-max Seat #5 is the button
Seat 1: Yuriy Ceza11 ($19.40 in chips)
Seat 5: lin1rabbit ($163.39 in chips)
lin1rabbit: posts small blind $1
Yuriy Ceza11: posts big blind $3
*** HOLE CARDS ***
lin1rabbit: raises $3 to $6
Yuriy Ceza11: raises $3 to $9
lin1rabbit: raises $3 to $12
Betting is capped
Yuriy Ceza11: calls $3
*** FLOP *** [Jh 5h Th]
Yuriy Ceza11: bets $3
lin1rabbit: calls $3
*** TURN *** [Jh 5h Th] [Kc]
Yuriy Ceza11: bets $4.40 and is all-in
lin1rabbit: calls $4.40
*** RIVER *** [Jh 5h Th Kc] [3d]
*** SHOW DOWN ***
Yuriy Ceza11: shows [Kh Qs] (a pair of Kings)
lin1rabbit: shows [7s 7c] (a pair of Sevens)
Yuriy Ceza11 collected $38.30 from pot
*** SUMMARY ***
Total pot $38.80 | Rake $0.50
Board [Jh 5h Th Kc 3d]
Seat 1: Yuriy Ceza11 (big blind) showed [Kh Qs] and won ($38.30) with a pair of Kings
Seat 5: lin1rabbit (button) (small blind) showed [7s 7c] and lost with a pair of Sevens


PokerStars Hand #151686028080:  Hold'em Limit ($3/$6 USD) - 2016/04/09 18:37:24 ET
Table 'Zita III' 6-max Seat #1 is the button
Seat 1: Yuriy Ceza11 ($38.30 in chips)
Seat 5: lin1rabbit ($143.99 in chips)
Yuriy Ceza11: posts small blind $1
lin1rabbit: posts big blind $3
*** HOLE CARDS ***
Yuriy Ceza11: raises $3 to $6
lin1rabbit: raises $3 to $9
Yuriy Ceza11: calls $3
*** FLOP *** [5c 5d Qc]
lin1rabbit: bets $3
Yuriy Ceza11: calls $3
*** TURN *** [5c 5d Qc] [Td]
lin1rabbit: checks
Yuriy Ceza11: bets $6
lin1rabbit: calls $6
*** RIVER *** [5c 5d Qc Td] [8c]
lin1rabbit: checks
Yuriy Ceza11: bets $6
lin1rabbit: calls $6
*** SHOW DOWN ***
Yuriy Ceza11: shows [9d Jc] (a straight, Eight to Queen)
lin1rabbit: mucks hand
Yuriy Ceza11 collected $47.50 from pot
*** SUMMARY ***
Total pot $48 | Rake $0.50
Board [5c 5d Qc Td 8c]
Seat 1: Yuriy Ceza11 (button) (small blind) showed [9d Jc] and won ($47.50) with a straight, Eight to Queen
Seat 5: lin1rabbit (big blind) mucked


PokerStars Hand #151686049549:  Hold'em Limit ($3/$6 USD) - 2016/04/09 18:37:52 ET
Table 'Zita III' 6-max Seat #5 is the button
Seat 1: Yuriy Ceza11 ($61.80 in chips)
Seat 5: lin1rabbit ($119.99 in chips)
lin1rabbit: posts small blind $1
Yuriy Ceza11: posts big blind $3
*** HOLE CARDS ***
lin1rabbit: raises $3 to $6
Yuriy Ceza11: calls $3
*** FLOP *** [As 5h 4d]
Yuriy Ceza11: bets $3
lin1rabbit: calls $3
*** TURN *** [As 5h 4d] [8s]
Yuriy Ceza11: checks
lin1rabbit: bets $6
Yuriy Ceza11: folds
Uncalled bet ($6) returned to lin1rabbit
lin1rabbit collected $17.64 from pot
lin1rabbit: doesn't show hand
*** SUMMARY ***
Total pot $18 | Rake $0.36
Board [As 5h 4d 8s]
Seat 1: Yuriy Ceza11 (big blind) folded on the Turn
Seat 5: lin1rabbit (button) (small blind) collected ($17.64)


PokerStars Hand #151686080660:  Hold'em Limit ($3/$6 USD) - 2016/04/09 18:38:34 ET
Table 'Zita III' 6-max Seat #1 is the button
Seat 1: Yuriy Ceza11 ($52.80 in chips)
Seat 5: lin1rabbit ($128.63 in chips)
Yuriy Ceza11: posts small blind $1
lin1rabbit: posts big blind $3
*** HOLE CARDS ***
Yuriy Ceza11: raises $3 to $6
lin1rabbit: calls $3
*** FLOP *** [Js 8s 6c]
lin1rabbit: checks
Yuriy Ceza11: bets $3
lin1rabbit: raises $3 to $6
Yuriy Ceza11: raises $3 to $9
lin1rabbit: calls $3
*** TURN *** [Js 8s 6c] [Td]
lin1rabbit: checks
Yuriy Ceza11: bets $6
lin1rabbit: folds
Uncalled bet ($6) returned to Yuriy Ceza11
Yuriy Ceza11 collected $29.50 from pot
Yuriy Ceza11: doesn't show hand
*** SUMMARY ***
Total pot $30 | Rake $0.50
Board [Js 8s 6c Td]
Seat 1: Yuriy Ceza11 (button) (small blind) collected ($29.50)
Seat 5: lin1rabbit (big blind) folded on the Turn


PokerStars Hand #151686075347:  Hold'em Limit ($3/$6 USD) - 2016/04/09 18:38:27 ET
Table 'Zita III' 6-max Seat #5 is the button
Seat 1: Yuriy Ceza11 ($51.80 in chips)
Seat 5: lin1rabbit ($129.63 in chips)
lin1rabbit: posts small blind $1
Yuriy Ceza11: posts big blind $3
*** HOLE CARDS ***
lin1rabbit: folds
Uncalled bet ($2) returned to Yuriy Ceza11
Yuriy Ceza11 collected $2 from pot
Yuriy Ceza11: doesn't show hand
*** SUMMARY ***
Total pot $2 | Rake $0
Seat 1: Yuriy Ceza11 (big blind) collected ($2)
Seat 5: lin1rabbit (button) (small blind) folded before Flop


PokerStars Hand #151686069247:  Hold'em Limit ($3/$6 USD) - 2016/04/09 18:38:19 ET
Table 'Zita III' 6-max Seat #1 is the button
Seat 1: Yuriy Ceza11 ($52.80 in chips)
Seat 5: lin1rabbit ($128.63 in chips)
Yuriy Ceza11: posts small blind $1
lin1rabbit: posts big blind $3
*** HOLE CARDS ***
Yuriy Ceza11: folds
Uncalled bet ($2) returned to lin1rabbit
lin1rabbit collected $2 from pot
lin1rabbit: doesn't show hand
*** SUMMARY ***
Total pot $2 | Rake $0
Seat 1: Yuriy Ceza11 (button) (small blind) folded before Flop
Seat 5: lin1rabbit (big blind) collected ($2)


PokerStars Hand #151686132302:  Hold'em Limit ($3/$6 USD) - 2016/04/09 18:39:44 ET
Table 'Zita III' 6-max Seat #1 is the button
Seat 1: Yuriy Ceza11 ($43.30 in chips)
Seat 5: lin1rabbit ($137.13 in chips)
Yuriy Ceza11: posts small blind $1
lin1rabbit: posts big blind $3
*** HOLE CARDS ***
Yuriy Ceza11: raises $3 to $6
lin1rabbit: raises $3 to $9
Yuriy Ceza11: calls $3
*** FLOP *** [8d 7c Jd]
lin1rabbit: bets $3
Yuriy Ceza11: raises $3 to $6
lin1rabbit: calls $3
*** TURN *** [8d 7c Jd] [Qs]
lin1rabbit: checks
Yuriy Ceza11: bets $6
lin1rabbit: raises $6 to $12
Yuriy Ceza11: calls $6
*** RIVER *** [8d 7c Jd Qs] [6c]
lin1rabbit: bets $6
Yuriy Ceza11: calls $6
*** SHOW DOWN ***
lin1rabbit: shows [Kh Kd] (a pair of Kings)
Yuriy Ceza11: mucks hand
lin1rabbit collected $65.50 from pot
*** SUMMARY ***
Total pot $66 | Rake $0.50
Board [8d 7c Jd Qs 6c]
Seat 1: Yuriy Ceza11 (button) (small blind) mucked
Seat 5: lin1rabbit (big blind) showed [Kh Kd] and won ($65.50) with a pair of Kings


PokerStars Hand #151686187597:  Hold'em Limit ($3/$6 USD) - 2016/04/09 18:40:59 ET
Table 'Zita III' 6-max Seat #1 is the button
Seat 1: Yuriy Ceza11 ($37.88 in chips)
Seat 5: lin1rabbit ($141.14 in chips)
Yuriy Ceza11: posts small blind $1
lin1rabbit: posts big blind $3
*** HOLE CARDS ***
Yuriy Ceza11: folds
Uncalled bet ($2) returned to lin1rabbit
lin1rabbit collected $2 from pot
lin1rabbit: doesn't show hand
*** SUMMARY ***
Total pot $2 | Rake $0
Seat 1: Yuriy Ceza11 (button) (small blind) folded before Flop
Seat 5: lin1rabbit (big blind) collected ($2)


PokerStars Hand #151686171162:  Hold'em Limit ($3/$6 USD) - 2016/04/09 18:40:36 ET
Table 'Zita III' 6-max Seat #5 is the button
Seat 1: Yuriy Ceza11 ($19.19 in chips)
Seat 5: lin1rabbit ($160.33 in chips)
lin1rabbit: posts small blind $1
Yuriy Ceza11: posts big blind $3
*** HOLE CARDS ***
lin1rabbit: raises $3 to $6
Yuriy Ceza11: calls $3
*** FLOP *** [3d 2c 9h]
Yuriy Ceza11: bets $3
lin1rabbit: calls $3
*** TURN *** [3d 2c 9h] [6c]
Yuriy Ceza11: bets $6
lin1rabbit: raises $6 to $12
Yuriy Ceza11: calls $4.19 and is all-in
Uncalled bet ($1.81) returned to lin1rabbit
*** RIVER *** [3d 2c 9h 6c] [Qc]
*** SHOW DOWN ***
Yuriy Ceza11: shows [Qd 7c] (a pair of Queens)
lin1rabbit: shows [Kd As] (high card Ace)
Yuriy Ceza11 collected $37.88 from pot
*** SUMMARY ***
Total pot $38.38 | Rake $0.50
Board [3d 2c 9h 6c Qc]
Seat 1: Yuriy Ceza11 (big blind) showed [Qd 7c] and won ($37.88) with a pair of Queens
Seat 5: lin1rabbit (button) (small blind) showed [Kd As] and lost with high card Ace


PokerStars Hand #151686167542:  Hold'em Limit ($3/$6 USD) - 2016/04/09 18:40:31 ET
Table 'Zita III' 6-max Seat #1 is the button
Seat 1: Yuriy Ceza11 ($20.19 in chips)
Seat 5: lin1rabbit ($159.33 in chips)
Yuriy Ceza11: posts small blind $1
lin1rabbit: posts big blind $3
*** HOLE CARDS ***
Yuriy Ceza11: folds
Uncalled bet ($2) returned to lin1rabbit
lin1rabbit collected $2 from pot
lin1rabbit: doesn't show hand
*** SUMMARY ***
Total pot $2 | Rake $0
Seat 1: Yuriy Ceza11 (button) (small blind) folded before Flop
Seat 5: lin1rabbit (big blind) collected ($2)


PokerStars Hand #151686152258:  Hold'em Limit ($3/$6 USD) - 2016/04/09 18:40:11 ET
Table 'Zita III' 6-max Seat #5 is the button
Seat 1: Yuriy Ceza11 ($10.30 in chips)
Seat 5: lin1rabbit ($169.63 in chips)
lin1rabbit: posts small blind $1
Yuriy Ceza11: posts big blind $3
*** HOLE CARDS ***
lin1rabbit: raises $3 to $6
Yuriy Ceza11: raises $3 to $9
lin1rabbit: calls $3
*** FLOP *** [3c 3d 7d]
Yuriy Ceza11: bets $1.30 and is all-in
lin1rabbit: calls $1.30
*** TURN *** [3c 3d 7d] [Ah]
*** RIVER *** [3c 3d 7d Ah] [4s]
*** SHOW DOWN ***
Yuriy Ceza11: shows [4h 9h] (two pair, Fours and Threes)
lin1rabbit: shows [Qd 6s] (a pair of Threes)
Yuriy Ceza11 collected $20.19 from pot
*** SUMMARY ***
Total pot $20.60 | Rake $0.41
Board [3c 3d 7d Ah 4s]
Seat 1: Yuriy Ceza11 (big blind) showed [4h 9h] and won ($20.19) with two pair, Fours and Threes
Seat 5: lin1rabbit (button) (small blind) showed [Qd 6s] and lost with a pair of Threes


PokerStars Hand #151686191514:  Hold'em Limit ($3/$6 USD) - 2016/04/09 18:41:04 ET
Table 'Zita III' 6-max Seat #5 is the button
Seat 1: Yuriy Ceza11 ($36.88 in chips)
Seat 5: lin1rabbit ($142.14 in chips)
lin1rabbit: posts small blind $1
Yuriy Ceza11: posts big blind $3
*** HOLE CARDS ***
lin1rabbit: raises $3 to $6
Yuriy Ceza11: folds
Uncalled bet ($3) returned to lin1rabbit
lin1rabbit collected $6 from pot
lin1rabbit: doesn't show hand
*** SUMMARY ***
Total pot $6 | Rake $0
Seat 1: Yuriy Ceza11 (big blind) folded before Flop
Seat 5: lin1rabbit (button) (small blind) collected ($6)


PokerStars Hand #151686198462:  Hold'em Limit ($3/$6 USD) - 2016/04/09 18:41:14 ET
Table 'Zita III' 6-max Seat #1 is the button
Seat 1: Yuriy Ceza11 ($33.88 in chips)
Seat 5: lin1rabbit ($145.14 in chips)
Yuriy Ceza11: posts small blind $1
lin1rabbit: posts big blind $3
*** HOLE CARDS ***
Yuriy Ceza11: folds
Uncalled bet ($2) returned to lin1rabbit
lin1rabbit collected $2 from pot
lin1rabbit: doesn't show hand
*** SUMMARY ***
Total pot $2 | Rake $0
Seat 1: Yuriy Ceza11 (button) (small blind) folded before Flop
Seat 5: lin1rabbit (big blind) collected ($2)


PokerStars Hand #151686271669:  Hold'em Limit ($3/$6 USD) - 2016/04/09 18:42:54 ET
Table 'Zita III' 6-max Seat #6 is the button
Seat 5: lin1rabbit ($174.52 in chips)
Seat 6: 19woody58 ($60.98 in chips)
19woody58: posts small blind $1
lin1rabbit: posts big blind $3
*** HOLE CARDS ***
19woody58: folds
Uncalled bet ($2) returned to lin1rabbit
lin1rabbit collected $2 from pot
lin1rabbit: doesn't show hand
*** SUMMARY ***
Total pot $2 | Rake $0
Seat 5: lin1rabbit (big blind) collected ($2)
Seat 6: 19woody58 (button) (small blind) folded before Flop


PokerStars Hand #151686266777:  Hold'em Limit ($3/$6 USD) - 2016/04/09 18:42:47 ET
Table 'Zita III' 6-max Seat #5 is the button
Seat 5: lin1rabbit ($175.52 in chips)
Seat 6: 19woody58 ($59.98 in chips)
lin1rabbit: posts small blind $1
19woody58: posts big blind $3
*** HOLE CARDS ***
lin1rabbit: folds
Uncalled bet ($2) returned to 19woody58
19woody58 collected $2 from pot
*** SUMMARY ***
Total pot $2 | Rake $0
Seat 5: lin1rabbit (button) (small blind) folded before Flop
Seat 6: 19woody58 (big blind) collected ($2)


PokerStars Hand #151686257892:  Hold'em Limit ($3/$6 USD) - 2016/04/09 18:42:35 ET
Table 'Zita III' 6-max Seat #6 is the button
Seat 5: lin1rabbit ($178.52 in chips)
Seat 6: 19woody58 ($56.98 in chips)
19woody58: posts small blind $1
lin1rabbit: posts big blind $3
*** HOLE CARDS ***
19woody58: raises $3 to $6
lin1rabbit: folds
Uncalled bet ($3) returned to 19woody58
19woody58 collected $6 from pot
*** SUMMARY ***
Total pot $6 | Rake $0
Seat 5: lin1rabbit (big blind) folded before Flop
Seat 6: 19woody58 (button) (small blind) collected ($6)


PokerStars Hand #151686202242:  Hold'em Limit ($3/$6 USD) - 2016/04/09 18:41:19 ET
Table 'Zita III' 6-max Seat #5 is the button
Seat 1: Yuriy Ceza11 ($32.88 in chips)
Seat 5: lin1rabbit ($146.14 in chips)
lin1rabbit: posts small blind $1
Yuriy Ceza11: posts big blind $3
*** HOLE CARDS ***
lin1rabbit: raises $3 to $6
Yuriy Ceza11: raises $3 to $9
lin1rabbit: raises $3 to $12
Betting is capped
Yuriy Ceza11: calls $3
*** FLOP *** [7s 3c 4s]
Yuriy Ceza11: bets $3
lin1rabbit: raises $3 to $6
Yuriy Ceza11: raises $3 to $9
lin1rabbit: raises $3 to $12
Betting is capped
Yuriy Ceza11: calls $3
*** TURN *** [7s 3c 4s] [Qh]
Yuriy Ceza11: bets $6
lin1rabbit: calls $6
*** RIVER *** [7s 3c 4s Qh] [As]
Yuriy Ceza11: bets $2.88 and is all-in
lin1rabbit: calls $2.88
*** SHOW DOWN ***
Yuriy Ceza11: shows [Ad Th] (a pair of Aces)
lin1rabbit: shows [Ac 4h] (two pair, Aces and Fours)
lin1rabbit collected $65.26 from pot
*** SUMMARY ***
Total pot $65.76 | Rake $0.50
Board [7s 3c 4s Qh As]
Seat 1: Yuriy Ceza11 (big blind) showed [Ad Th] and lost with a pair of Aces
Seat 5: lin1rabbit (button) (small blind) showed [Ac 4h] and won ($65.26) with two pair, Aces and Fours


PokerStars Hand #151686305018:  Hold'em Limit ($3/$6 USD) - 2016/04/09 18:43:40 ET
Table 'Zita III' 6-max Seat #5 is the button
Seat 5: lin1rabbit ($167.52 in chips)
Seat 6: 19woody58 ($67.62 in chips)
lin1rabbit: posts small blind $1
19woody58: posts big blind $3
*** HOLE CARDS ***
lin1rabbit: raises $3 to $6
19woody58: calls $3
*** FLOP *** [9h 5s Js]
19woody58: checks
lin1rabbit: bets $3
19woody58: calls $3
*** TURN *** [9h 5s Js] [5h]
19woody58: checks
lin1rabbit: bets $6
19woody58: folds
Uncalled bet ($6) returned to lin1rabbit
lin1rabbit collected $17.64 from pot
*** SUMMARY ***
Total pot $18 | Rake $0.36
Board [9h 5s Js 5h]
Seat 5: lin1rabbit (button) (small blind) collected ($17.64)
Seat 6: 19woody58 (big blind) folded on the Turn


PokerStars Hand #151686300899:  Hold'em Limit ($3/$6 USD) - 2016/04/09 18:43:34 ET
Table 'Zita III' 6-max Seat #6 is the button
Seat 5: lin1rabbit ($166.52 in chips)
Seat 6: 19woody58 ($68.62 in chips)
19woody58: posts small blind $1
lin1rabbit: posts big blind $3
*** HOLE CARDS ***
19woody58: folds
Uncalled bet ($2) returned to lin1rabbit
lin1rabbit collected $2 from pot
lin1rabbit: doesn't show hand
*** SUMMARY ***
Total pot $2 | Rake $0
Seat 5: lin1rabbit (big blind) collected ($2)
Seat 6: 19woody58 (button) (small blind) folded before Flop


PokerStars Hand #151686276012:  Hold'em Limit ($3/$6 USD) - 2016/04/09 18:43:00 ET
Table 'Zita III' 6-max Seat #5 is the button
Seat 5: lin1rabbit ($175.52 in chips)
Seat 6: 19woody58 ($59.98 in chips)
lin1rabbit: posts small blind $1
19woody58: posts big blind $3
*** HOLE CARDS ***
lin1rabbit: raises $3 to $6
19woody58: calls $3
*** FLOP *** [Jd 9d Ac]
19woody58: checks
lin1rabbit: bets $3
19woody58: calls $3
*** TURN *** [Jd 9d Ac] [2h]
19woody58: checks
lin1rabbit: checks
*** RIVER *** [Jd 9d Ac 2h] [Kd]
19woody58: bets $6
lin1rabbit: folds
Uncalled bet ($6) returned to 19woody58
19woody58 collected $17.64 from pot
*** SUMMARY ***
Total pot $18 | Rake $0.36
Board [Jd 9d Ac 2h Kd]
Seat 5: lin1rabbit (button) (small blind) folded on the River
Seat 6: 19woody58 (big blind) collected ($17.64)


PokerStars Hand #151686339744:  Hold'em Limit ($3/$6 USD) - 2016/04/09 18:44:28 ET
Table 'Zita III' 6-max Seat #5 is the button
Seat 5: lin1rabbit ($190.66 in chips)
Seat 6: 19woody58 ($43.62 in chips)
lin1rabbit: posts small blind $1
19woody58: posts big blind $3
*** HOLE CARDS ***
lin1rabbit: raises $3 to $6
19woody58: calls $3
*** FLOP *** [2d 6d 3d]
19woody58: checks
lin1rabbit: bets $3
19woody58: calls $3
*** TURN *** [2d 6d 3d] [4c]
19woody58: checks
lin1rabbit: checks
*** RIVER *** [2d 6d 3d 4c] [2c]
19woody58: bets $6
lin1rabbit: folds
Uncalled bet ($6) returned to 19woody58
19woody58 collected $17.64 from pot
*** SUMMARY ***
Total pot $18 | Rake $0.36
Board [2d 6d 3d 4c 2c]
Seat 5: lin1rabbit (button) (small blind) folded on the River
Seat 6: 19woody58 (big blind) collected ($17.64)


PokerStars Hand #151686323480:  Hold'em Limit ($3/$6 USD) - 2016/04/09 18:44:05 ET
Table 'Zita III' 6-max Seat #6 is the button
Seat 5: lin1rabbit ($176.16 in chips)
Seat 6: 19woody58 ($58.62 in chips)
19woody58: posts small blind $1
lin1rabbit: posts big blind $3
*** HOLE CARDS ***
19woody58: raises $3 to $6
lin1rabbit: calls $3
*** FLOP *** [Ts 2c Jh]
lin1rabbit: checks
19woody58: bets $3
lin1rabbit: calls $3
*** TURN *** [Ts 2c Jh] [Qd]
lin1rabbit: bets $6
19woody58: calls $6
*** RIVER *** [Ts 2c Jh Qd] [8s]
lin1rabbit: bets $6
19woody58: folds
Uncalled bet ($6) returned to lin1rabbit
lin1rabbit collected $29.50 from pot
lin1rabbit: doesn't show hand
*** SUMMARY ***
Total pot $30 | Rake $0.50
Board [Ts 2c Jh Qd 8s]
Seat 5: lin1rabbit (big blind) collected ($29.50)
Seat 6: 19woody58 (button) (small blind) folded on the River


PokerStars Hand #151686378623:  Hold'em Limit ($3/$6 USD) - 2016/04/09 18:45:22 ET
Table 'Zita III' 6-max Seat #5 is the button
Seat 5: lin1rabbit ($202.16 in chips)
Seat 6: 19woody58 ($31.26 in chips)
lin1rabbit: posts small blind $1
19woody58: posts big blind $3
*** HOLE CARDS ***
lin1rabbit: raises $3 to $6
19woody58: folds
Uncalled bet ($3) returned to lin1rabbit
lin1rabbit collected $6 from pot
lin1rabbit: doesn't show hand
*** SUMMARY ***
Total pot $6 | Rake $0
Seat 5: lin1rabbit (button) (small blind) collected ($6)
Seat 6: 19woody58 (big blind) folded before Flop


PokerStars Hand #151686466730:  Hold'em Limit ($3/$6 USD) - 2016/04/09 18:47:23 ET
Table 'Zita III' 6-max Seat #5 is the button
Seat 2: AzureCaper ($131.84 in chips)
Seat 5: lin1rabbit ($168.87 in chips)
lin1rabbit: posts small blind $1
AzureCaper: posts big blind $3
*** HOLE CARDS ***
lin1rabbit: raises $3 to $6
AzureCaper: calls $3
*** FLOP *** [2d 3c Kd]
AzureCaper: checks
19woody58 leaves the table
lin1rabbit: bets $3
AzureCaper: folds
Uncalled bet ($3) returned to lin1rabbit
lin1rabbit collected $11.76 from pot
lin1rabbit: doesn't show hand
*** SUMMARY ***
Total pot $12 | Rake $0.24
Board [2d 3c Kd]
Seat 2: AzureCaper (big blind) folded on the Flop
Seat 5: lin1rabbit (button) (small blind) collected ($11.76)


