PokerStars Hand #171041368473:  Hold'em Limit ($3/$6 USD) - 2017/05/28 16:21:25 ET
Table 'Zita' 6-max Seat #1 is the button
Seat 1: Velbor107 ($315.50 in chips)
Seat 3: Mili2332 ($14 in chips)
Velbor107: posts small blind $1
Mili2332: posts big blind $3
*** HOLE CARDS ***
Velbor107: raises $3 to $6
Mili2332: calls $3
*** FLOP *** [3c 3d 2d]
Mili2332: checks
Velbor107: bets $3
Mili2332: folds
Uncalled bet ($3) returned to Velbor107
Velbor107 collected $11.76 from pot
*** SUMMARY ***
Total pot $12 | Rake $0.24
Board [3c 3d 2d]
Seat 1: Velbor107 (button) (small blind) collected ($11.76)
Seat 3: Mili2332 (big blind) folded on the Flop


PokerStars Hand #171041381363:  Hold'em Limit ($3/$6 USD) - 2017/05/28 16:21:39 ET
Table 'Zita' 6-max Seat #3 is the button
Seat 1: Velbor107 ($321.26 in chips)
Seat 3: Mili2332 ($8 in chips)
Mili2332: posts small blind $1
Velbor107: posts big blind $3
*** HOLE CARDS ***
Mili2332: raises $3 to $6
Velbor107: raises $3 to $9
Mili2332: calls $2 and is all-in
Uncalled bet ($1) returned to Velbor107
*** FLOP *** [Ks 9d 7h]
*** TURN *** [Ks 9d 7h] [Jd]
*** RIVER *** [Ks 9d 7h Jd] [4c]
*** SHOW DOWN ***
Velbor107: shows [Qc Ac] (high card Ace)
Mili2332: shows [Ts 7d] (a pair of Sevens)
Mili2332 collected $15.68 from pot
*** SUMMARY ***
Total pot $16 | Rake $0.32
Board [Ks 9d 7h Jd 4c]
Seat 1: Velbor107 (big blind) showed [Qc Ac] and lost with high card Ace
Seat 3: Mili2332 (button) (small blind) showed [Ts 7d] and won ($15.68) with a pair of Sevens


PokerStars Hand #171041363404:  Hold'em Limit ($3/$6 USD) - 2017/05/28 16:21:19 ET
Table 'Zita' 6-max Seat #3 is the button
Seat 1: Velbor107 ($314.50 in chips)
Seat 3: Mili2332 ($15 in chips)
Mili2332: posts small blind $1
Velbor107: posts big blind $3
*** HOLE CARDS ***
Mili2332: folds
Uncalled bet ($2) returned to Velbor107
Velbor107 collected $2 from pot
*** SUMMARY ***
Total pot $2 | Rake $0
Seat 1: Velbor107 (big blind) collected ($2)
Seat 3: Mili2332 (button) (small blind) folded before Flop


PokerStars Hand #171041313237:  Hold'em Limit ($3/$6 USD) - 2017/05/28 16:20:23 ET
Table 'Zita' 6-max Seat #1 is the button
Seat 1: Velbor107 ($300 in chips)
Seat 3: Mili2332 ($30 in chips)
Velbor107: posts small blind $1
Mili2332: posts big blind $3
*** HOLE CARDS ***
Velbor107: raises $3 to $6
Mili2332: calls $3
*** FLOP *** [8c Jh Kd]
Mili2332: checks
Velbor107: bets $3
Mili2332: calls $3
*** TURN *** [8c Jh Kd] [2h]
Mili2332: checks
Velbor107: bets $6
Mili2332: calls $6
*** RIVER *** [8c Jh Kd 2h] [Ac]
Mili2332: checks
Velbor107: checks
*** SHOW DOWN ***
Mili2332: shows [Jc 6h] (a pair of Jacks)
Velbor107: shows [Ks 7h] (a pair of Kings)
Velbor107 collected $29.50 from pot
*** SUMMARY ***
Total pot $30 | Rake $0.50
Board [8c Jh Kd 2h Ac]
Seat 1: Velbor107 (button) (small blind) showed [Ks 7h] and won ($29.50) with a pair of Kings
Seat 3: Mili2332 (big blind) showed [Jc 6h] and lost with a pair of Jacks


PokerStars Hand #171041393923:  Hold'em Limit ($3/$6 USD) - 2017/05/28 16:21:53 ET
Table 'Zita' 6-max Seat #1 is the button
Seat 1: Velbor107 ($313.26 in chips)
Seat 3: Mili2332 ($15.68 in chips)
Velbor107: posts small blind $1
Mili2332: posts big blind $3
*** HOLE CARDS ***
Velbor107: raises $3 to $6
Mili2332: calls $3
*** FLOP *** [9c Tc Jd]
Mili2332: checks
Velbor107: bets $3
Mili2332: raises $3 to $6
Velbor107: calls $3
*** TURN *** [9c Tc Jd] [2s]
Mili2332: bets $3.68 and is all-in
Velbor107: calls $3.68
*** RIVER *** [9c Tc Jd 2s] [4s]
*** SHOW DOWN ***
Mili2332: shows [6c Td] (a pair of Tens)
Velbor107: shows [5h Kc] (high card King)
Mili2332 collected $30.86 from pot
*** SUMMARY ***
Total pot $31.36 | Rake $0.50
Board [9c Tc Jd 2s 4s]
Seat 1: Velbor107 (button) (small blind) showed [5h Kc] and lost with high card King
Seat 3: Mili2332 (big blind) showed [6c Td] and won ($30.86) with a pair of Tens


PokerStars Hand #171041421443:  Hold'em Limit ($3/$6 USD) - 2017/05/28 16:22:24 ET
Table 'Zita' 6-max Seat #1 is the button
Seat 1: Velbor107 ($298.58 in chips)
Seat 3: Mili2332 ($29.86 in chips)
Velbor107: posts small blind $1
Mili2332: posts big blind $3
*** HOLE CARDS ***
Velbor107: raises $3 to $6
Mili2332: calls $3
*** FLOP *** [Jd Th 8d]
Mili2332: checks
Velbor107: bets $3
Mili2332: calls $3
*** TURN *** [Jd Th 8d] [Kh]
Mili2332: checks
Velbor107: bets $6
Mili2332: folds
Uncalled bet ($6) returned to Velbor107
Velbor107 collected $17.64 from pot
*** SUMMARY ***
Total pot $18 | Rake $0.36
Board [Jd Th 8d Kh]
Seat 1: Velbor107 (button) (small blind) collected ($17.64)
Seat 3: Mili2332 (big blind) folded on the Turn


PokerStars Hand #171041414333:  Hold'em Limit ($3/$6 USD) - 2017/05/28 16:22:16 ET
Table 'Zita' 6-max Seat #3 is the button
Seat 1: Velbor107 ($297.58 in chips)
Seat 3: Mili2332 ($30.86 in chips)
Mili2332: posts small blind $1
Velbor107: posts big blind $3
*** HOLE CARDS ***
Mili2332: folds
Uncalled bet ($2) returned to Velbor107
Velbor107 collected $2 from pot
*** SUMMARY ***
Total pot $2 | Rake $0
Seat 1: Velbor107 (big blind) collected ($2)
Seat 3: Mili2332 (button) (small blind) folded before Flop


PokerStars Hand #171041446279:  Hold'em Limit ($3/$6 USD) - 2017/05/28 16:22:52 ET
Table 'Zita' 6-max Seat #3 is the button
Seat 1: Velbor107 ($307.22 in chips)
Seat 3: Mili2332 ($20.86 in chips)
Mili2332: posts small blind $1
Velbor107: posts big blind $3
*** HOLE CARDS ***
Mili2332: calls $2
Velbor107: raises $3 to $6
Mili2332: raises $3 to $9
Velbor107: calls $3
*** FLOP *** [Qh 2h 8c]
Velbor107: checks
Mili2332: bets $3
Velbor107: folds
Uncalled bet ($3) returned to Mili2332
Mili2332 collected $17.64 from pot
*** SUMMARY ***
Total pot $18 | Rake $0.36
Board [Qh 2h 8c]
Seat 1: Velbor107 (big blind) folded on the Flop
Seat 3: Mili2332 (button) (small blind) collected ($17.64)


PokerStars Hand #171041470796:  Hold'em Limit ($3/$6 USD) - 2017/05/28 16:23:19 ET
Table 'Zita' 6-max Seat #1 is the button
Seat 1: Velbor107 ($298.22 in chips)
Seat 3: Mili2332 ($29.50 in chips)
Velbor107: posts small blind $1
Mili2332: posts big blind $3
*** HOLE CARDS ***
Velbor107: raises $3 to $6
Mili2332: calls $3
*** FLOP *** [6c As 4d]
Mili2332: checks
Velbor107: bets $3
Mili2332: calls $3
*** TURN *** [6c As 4d] [Ac]
Mili2332: checks
Velbor107: checks
*** RIVER *** [6c As 4d Ac] [8h]
Mili2332: bets $6
Velbor107: folds
Uncalled bet ($6) returned to Mili2332
Mili2332 collected $17.64 from pot
*** SUMMARY ***
Total pot $18 | Rake $0.36
Board [6c As 4d Ac 8h]
Seat 1: Velbor107 (button) (small blind) folded on the River
Seat 3: Mili2332 (big blind) collected ($17.64)


PokerStars Hand #171041498893:  Hold'em Limit ($3/$6 USD) - 2017/05/28 16:23:51 ET
Table 'Zita' 6-max Seat #3 is the button
Seat 1: Velbor107 ($289.22 in chips)
Seat 3: Mili2332 ($38.14 in chips)
Mili2332: posts small blind $1
Velbor107: posts big blind $3
*** HOLE CARDS ***
Mili2332: calls $2
Velbor107: checks
*** FLOP *** [Jd 8h 8s]
Velbor107: checks
Mili2332: checks
*** TURN *** [Jd 8h 8s] [Qc]
Velbor107: checks
Mili2332: checks
*** RIVER *** [Jd 8h 8s Qc] [3h]
Velbor107: checks
Mili2332: checks
*** SHOW DOWN ***
Velbor107: shows [9d Ts] (a straight, Eight to Queen)
Mili2332: mucks hand
Velbor107 collected $5.88 from pot
*** SUMMARY ***
Total pot $6 | Rake $0.12
Board [Jd 8h 8s Qc 3h]
Seat 1: Velbor107 (big blind) showed [9d Ts] and won ($5.88) with a straight, Eight to Queen
Seat 3: Mili2332 (button) (small blind) mucked


PokerStars Hand #171041562956:  Hold'em Limit ($3/$6 USD) - 2017/05/28 16:25:03 ET
Table 'Zita' 6-max Seat #1 is the button
Seat 1: Velbor107 ($294.86 in chips)
Seat 3: Mili2332 ($32.02 in chips)
Velbor107: posts small blind $1
Mili2332: posts big blind $3
*** HOLE CARDS ***
Velbor107: raises $3 to $6
Mili2332: calls $3
*** FLOP *** [3d 2h Ks]
Mili2332: checks
Velbor107: checks
*** TURN *** [3d 2h Ks] [Th]
Mili2332: checks
Velbor107: bets $6
Mili2332: calls $6
*** RIVER *** [3d 2h Ks Th] [9s]
Mili2332: checks
Velbor107: checks
*** SHOW DOWN ***
Mili2332: shows [5s 3c] (a pair of Threes)
Velbor107: shows [9c 6c] (a pair of Nines)
Velbor107 collected $23.52 from pot
*** SUMMARY ***
Total pot $24 | Rake $0.48
Board [3d 2h Ks Th 9s]
Seat 1: Velbor107 (button) (small blind) showed [9c 6c] and won ($23.52) with a pair of Nines
Seat 3: Mili2332 (big blind) showed [5s 3c] and lost with a pair of Threes


PokerStars Hand #171041588509:  Hold'em Limit ($3/$6 USD) - 2017/05/28 16:25:32 ET
Table 'Zita' 6-max Seat #3 is the button
Seat 1: Velbor107 ($306.38 in chips)
Seat 3: Mili2332 ($20.02 in chips)
Mili2332: posts small blind $1
Velbor107: posts big blind $3
*** HOLE CARDS ***
Mili2332: folds
Uncalled bet ($2) returned to Velbor107
Velbor107 collected $2 from pot
*** SUMMARY ***
Total pot $2 | Rake $0
Seat 1: Velbor107 (big blind) collected ($2)
Seat 3: Mili2332 (button) (small blind) folded before Flop


PokerStars Hand #171041597807:  Hold'em Limit ($3/$6 USD) - 2017/05/28 16:25:42 ET
Table 'Zita' 6-max Seat #1 is the button
Seat 1: Velbor107 ($307.38 in chips)
Seat 3: Mili2332 ($19.02 in chips)
Velbor107: posts small blind $1
Mili2332: posts big blind $3
*** HOLE CARDS ***
Velbor107: raises $3 to $6
Mili2332: raises $3 to $9
Velbor107: calls $3
*** FLOP *** [9d Qd 9s]
Mili2332: bets $3
Velbor107: folds
Uncalled bet ($3) returned to Mili2332
Mili2332 collected $17.64 from pot
*** SUMMARY ***
Total pot $18 | Rake $0.36
Board [9d Qd 9s]
Seat 1: Velbor107 (button) (small blind) folded on the Flop
Seat 3: Mili2332 (big blind) collected ($17.64)


PokerStars Hand #171041548860:  Hold'em Limit ($3/$6 USD) - 2017/05/28 16:24:47 ET
Table 'Zita' 6-max Seat #3 is the button
Seat 1: Velbor107 ($297.86 in chips)
Seat 3: Mili2332 ($29.14 in chips)
Mili2332: posts small blind $1
Velbor107: posts big blind $3
*** HOLE CARDS ***
Mili2332: calls $2
Velbor107: checks
*** FLOP *** [6d Js Jd]
Velbor107: checks
Mili2332: bets $3
Velbor107: folds
Uncalled bet ($3) returned to Mili2332
Mili2332 collected $5.88 from pot
*** SUMMARY ***
Total pot $6 | Rake $0.12
Board [6d Js Jd]
Seat 1: Velbor107 (big blind) folded on the Flop
Seat 3: Mili2332 (button) (small blind) collected ($5.88)


PokerStars Hand #171041607005:  Hold'em Limit ($3/$6 USD) - 2017/05/28 16:25:53 ET
Table 'Zita' 6-max Seat #3 is the button
Seat 1: Velbor107 ($298.38 in chips)
Seat 3: Mili2332 ($27.66 in chips)
Mili2332: posts small blind $1
Velbor107: posts big blind $3
*** HOLE CARDS ***
Mili2332: calls $2
Velbor107: checks
*** FLOP *** [Js 4c 4h]
Velbor107: checks
Mili2332: checks
*** TURN *** [Js 4c 4h] [6s]
Velbor107: bets $6
Mili2332: calls $6
*** RIVER *** [Js 4c 4h 6s] [Ad]
Velbor107: bets $6
Mili2332: calls $6
*** SHOW DOWN ***
Velbor107: shows [5c Tc] (a pair of Fours)
Mili2332: shows [7d 7h] (two pair, Sevens and Fours)
Mili2332 collected $29.50 from pot
*** SUMMARY ***
Total pot $30 | Rake $0.50
Board [Js 4c 4h 6s Ad]
Seat 1: Velbor107 (big blind) showed [5c Tc] and lost with a pair of Fours
Seat 3: Mili2332 (button) (small blind) showed [7d 7h] and won ($29.50) with two pair, Sevens and Fours


PokerStars Hand #171041677941:  Hold'em Limit ($3/$6 USD) - 2017/05/28 16:27:12 ET
Table 'Zita' 6-max Seat #3 is the button
Seat 1: Velbor107 ($297.88 in chips)
Seat 3: Mili2332 ($27.16 in chips)
Mili2332: posts small blind $1
Velbor107: posts big blind $3
*** HOLE CARDS ***
Mili2332: calls $2
Velbor107: checks
*** FLOP *** [5c Qh Jd]
Velbor107: checks
Mili2332: bets $3
Velbor107: folds
Uncalled bet ($3) returned to Mili2332
Mili2332 collected $5.88 from pot
*** SUMMARY ***
Total pot $6 | Rake $0.12
Board [5c Qh Jd]
Seat 1: Velbor107 (big blind) folded on the Flop
Seat 3: Mili2332 (button) (small blind) collected ($5.88)


PokerStars Hand #171041640196:  Hold'em Limit ($3/$6 USD) - 2017/05/28 16:26:30 ET
Table 'Zita' 6-max Seat #1 is the button
Seat 1: Velbor107 ($283.38 in chips)
Seat 3: Mili2332 ($42.16 in chips)
Velbor107: posts small blind $1
Mili2332: posts big blind $3
*** HOLE CARDS ***
Velbor107: raises $3 to $6
Mili2332: calls $3
*** FLOP *** [3d 6h Ad]
Mili2332: checks
Velbor107: bets $3
Mili2332: calls $3
*** TURN *** [3d 6h Ad] [Ah]
Mili2332: checks
Velbor107: checks
*** RIVER *** [3d 6h Ad Ah] [8h]
Mili2332: checks
Velbor107: bets $6
Mili2332: calls $6
*** SHOW DOWN ***
Velbor107: shows [Kh 6c] (two pair, Aces and Sixes)
Mili2332: mucks hand
Velbor107 collected $29.50 from pot
*** SUMMARY ***
Total pot $30 | Rake $0.50
Board [3d 6h Ad Ah 8h]
Seat 1: Velbor107 (button) (small blind) showed [Kh 6c] and won ($29.50) with two pair, Aces and Sixes
Seat 3: Mili2332 (big blind) mucked


PokerStars Hand #171041689527:  Hold'em Limit ($3/$6 USD) - 2017/05/28 16:27:25 ET
Table 'Zita' 6-max Seat #1 is the button
Seat 1: Velbor107 ($294.88 in chips)
Seat 3: Mili2332 ($30.04 in chips)
Velbor107: posts small blind $1
Mili2332: posts big blind $3
*** HOLE CARDS ***
Velbor107: raises $3 to $6
Mili2332: calls $3
*** FLOP *** [6h 3c Ts]
Mili2332: checks
Velbor107: bets $3
Mili2332: calls $3
*** TURN *** [6h 3c Ts] [Th]
Mili2332: checks
Velbor107: checks
*** RIVER *** [6h 3c Ts Th] [5h]
Mili2332: checks
Velbor107: bets $6
Mili2332: folds
Uncalled bet ($6) returned to Velbor107
Velbor107 collected $17.64 from pot
*** SUMMARY ***
Total pot $18 | Rake $0.36
Board [6h 3c Ts Th 5h]
Seat 1: Velbor107 (button) (small blind) collected ($17.64)
Seat 3: Mili2332 (big blind) folded on the River


PokerStars Hand #171041721965:  Hold'em Limit ($3/$6 USD) - 2017/05/28 16:28:02 ET
Table 'Zita' 6-max Seat #1 is the button
Seat 1: Velbor107 ($304.52 in chips)
Seat 3: Mili2332 ($20.04 in chips)
Velbor107: posts small blind $1
Mili2332: posts big blind $3
*** HOLE CARDS ***
Velbor107: raises $3 to $6
Mili2332: raises $3 to $9
Velbor107: calls $3
*** FLOP *** [6h 7h 8d]
Mili2332: bets $3
Velbor107: calls $3
*** TURN *** [6h 7h 8d] [7s]
Mili2332: bets $6
Velbor107: folds
Uncalled bet ($6) returned to Mili2332
Mili2332 collected $23.52 from pot
*** SUMMARY ***
Total pot $24 | Rake $0.48
Board [6h 7h 8d 7s]
Seat 1: Velbor107 (button) (small blind) folded on the Turn
Seat 3: Mili2332 (big blind) collected ($23.52)


PokerStars Hand #171041714114:  Hold'em Limit ($3/$6 USD) - 2017/05/28 16:27:53 ET
Table 'Zita' 6-max Seat #3 is the button
Seat 1: Velbor107 ($303.52 in chips)
Seat 3: Mili2332 ($21.04 in chips)
Mili2332: posts small blind $1
Velbor107: posts big blind $3
*** HOLE CARDS ***
Mili2332: folds
Uncalled bet ($2) returned to Velbor107
Velbor107 collected $2 from pot
sydd7 joins the table at seat #4
*** SUMMARY ***
Total pot $2 | Rake $0
Seat 1: Velbor107 (big blind) collected ($2)
Seat 3: Mili2332 (button) (small blind) folded before Flop


PokerStars Hand #171047524419:  Hold'em Limit ($3/$6 USD) - 2017/05/28 18:31:03 ET
Table 'Zita' 6-max Seat #3 is the button
Seat 1: PokerActive ($56.43 in chips)
Seat 3: scorpio04 ($193.92 in chips)
scorpio04: posts small blind $1
EVBET: is sitting out
PokerActive: posts big blind $3
EVBET leaves the table
*** HOLE CARDS ***
scorpio04: raises $3 to $6
PokerActive: calls $3
*** FLOP *** [3d 8s Ac]
PokerActive: checks
scorpio04: bets $3
PokerActive: calls $3
*** TURN *** [3d 8s Ac] [6s]
PokerActive: checks
scorpio04: checks
*** RIVER *** [3d 8s Ac 6s] [4s]
PokerActive: bets $6
scorpio04: calls $6
*** SHOW DOWN ***
PokerActive: shows [Th Ad] (a pair of Aces)
scorpio04: mucks hand
PokerActive collected $29.50 from pot
*** SUMMARY ***
Total pot $30 | Rake $0.50
Board [3d 8s Ac 6s 4s]
Seat 1: PokerActive (big blind) showed [Th Ad] and won ($29.50) with a pair of Aces
Seat 3: scorpio04 (button) (small blind) mucked


PokerStars Hand #171050025404:  Hold'em Limit ($3/$6 USD) - 2017/05/28 19:41:02 ET
Table 'Zita' 6-max Seat #1 is the button
Seat 1: PokerActive ($131.77 in chips)
Seat 3: scorpio04 ($275.08 in chips)
PokerActive: posts small blind $1
scorpio04: posts big blind $3
*** HOLE CARDS ***
PokerActive: folds
Uncalled bet ($2) returned to scorpio04
scorpio04 collected $2 from pot
scorpio04: doesn't show hand
*** SUMMARY ***
Total pot $2 | Rake $0
Seat 1: PokerActive (button) (small blind) folded before Flop
Seat 3: scorpio04 (big blind) collected ($2)


PokerStars Hand #171050031753:  Hold'em Limit ($3/$6 USD) - 2017/05/28 19:41:14 ET
Table 'Zita' 6-max Seat #3 is the button
Seat 1: PokerActive ($130.77 in chips)
Seat 3: scorpio04 ($276.08 in chips)
scorpio04: posts small blind $1
PokerActive: posts big blind $3
*** HOLE CARDS ***
scorpio04: raises $3 to $6
PokerActive: calls $3
*** FLOP *** [8s 8h 5s]
PokerActive: checks
scorpio04: bets $3
PokerActive: calls $3
*** TURN *** [8s 8h 5s] [4d]
PokerActive: checks
scorpio04: bets $6
PokerActive: raises $6 to $12
scorpio04: calls $6
*** RIVER *** [8s 8h 5s 4d] [9d]
PokerActive: checks
scorpio04: bets $6
PokerActive: folds
Uncalled bet ($6) returned to scorpio04
scorpio04 collected $41.50 from pot
scorpio04: doesn't show hand
*** SUMMARY ***
Total pot $42 | Rake $0.50
Board [8s 8h 5s 4d 9d]
Seat 1: PokerActive (big blind) folded on the River
Seat 3: scorpio04 (button) (small blind) collected ($41.50)


