PokerStars Hand #167761596560:  Hold'em Limit ($3/$6 USD) - 2017/03/18 13:08:42 ET
Table 'Zita' 6-max Seat #2 is the button
Seat 2: nineflower ($76.76 in chips)
Seat 4: AzureCaper ($72 in chips)
nineflower: posts small blind $1
AzureCaper: posts big blind $3
*** HOLE CARDS ***
nineflower: raises $3 to $6
AzureCaper: calls $3
*** FLOP *** [7s 8s 2h]
AzureCaper: bets $3
nineflower: calls $3
*** TURN *** [7s 8s 2h] [Qh]
AzureCaper: bets $6
nineflower: calls $6
*** RIVER *** [7s 8s 2h Qh] [8c]
AzureCaper: bets $6
nineflower: folds
Uncalled bet ($6) returned to AzureCaper
AzureCaper collected $29.50 from pot
AzureCaper: doesn't show hand
*** SUMMARY ***
Total pot $30 | Rake $0.50
Board [7s 8s 2h Qh 8c]
Seat 2: nineflower (button) (small blind) folded on the River
Seat 4: AzureCaper (big blind) collected ($29.50)


PokerStars Hand #167761560231:  Hold'em Limit ($3/$6 USD) - 2017/03/18 13:07:57 ET
Table 'Zita' 6-max Seat #2 is the button
Seat 2: nineflower ($70 in chips)
Seat 4: AzureCaper ($72 in chips)
nineflower: posts small blind $1
AzureCaper: posts big blind $3
*** HOLE CARDS ***
nineflower: raises $3 to $6
AzureCaper: calls $3
*** FLOP *** [Ts Kd 3s]
AzureCaper: checks
nineflower: bets $3
AzureCaper: folds
Uncalled bet ($3) returned to nineflower
nineflower collected $11.76 from pot
*** SUMMARY ***
Total pot $12 | Rake $0.24
Board [Ts Kd 3s]
Seat 2: nineflower (button) (small blind) collected ($11.76)
Seat 4: AzureCaper (big blind) folded on the Flop


PokerStars Hand #167761622142:  Hold'em Limit ($3/$6 USD) - 2017/03/18 13:09:14 ET
Table 'Zita' 6-max Seat #4 is the button
Seat 2: nineflower ($61.76 in chips)
Seat 4: AzureCaper ($86.50 in chips)
AzureCaper: posts small blind $1
nineflower: posts big blind $3
*** HOLE CARDS ***
AzureCaper: raises $3 to $6
nineflower: calls $3
*** FLOP *** [2d Ac 8c]
nineflower: checks
AzureCaper: bets $3
nineflower: calls $3
*** TURN *** [2d Ac 8c] [As]
oldtimers XX joins the table at seat #5
nineflower: checks
AzureCaper: checks
*** RIVER *** [2d Ac 8c As] [9s]
nineflower: checks
AzureCaper: checks
*** SHOW DOWN ***
nineflower: shows [7s Kd] (a pair of Aces)
AzureCaper: mucks hand
LouisB joins the table at seat #3
nineflower collected $17.64 from pot
*** SUMMARY ***
Total pot $18 | Rake $0.36
Board [2d Ac 8c As 9s]
Seat 2: nineflower (big blind) showed [7s Kd] and won ($17.64) with a pair of Aces
Seat 4: AzureCaper (button) (small blind) mucked


PokerStars Hand #167764001868:  Hold'em Limit ($3/$6 USD) - 2017/03/18 13:57:28 ET
Table 'Zita' 6-max Seat #3 is the button
Seat 3: LouisB ($30.13 in chips)
Seat 6: Wizard in me ($169.55 in chips)
LouisB: posts small blind $1
Wizard in me: posts big blind $3
*** HOLE CARDS ***
LouisB: raises $3 to $6
Wizard in me: folds
Uncalled bet ($3) returned to LouisB
LouisB collected $6 from pot
LouisB: doesn't show hand
*** SUMMARY ***
Total pot $6 | Rake $0
Seat 3: LouisB (button) (small blind) collected ($6)
Seat 6: Wizard in me (big blind) folded before Flop


