PokerStars Hand #172663718179:  Hold'em Limit ($3/$6 USD) - 2017/07/05 23:58:52 ET
Table 'Zita' 6-max Seat #4 is the button
Seat 1: B_loJkl ($147.16 in chips)
Seat 4: ken0013 ($203.98 in chips)
ken0013: posts small blind $1
B_loJkl: posts big blind $3
*** HOLE CARDS ***
ken0013: raises $3 to $6
Krs8008 leaves the table
B_loJkl: folds
Uncalled bet ($3) returned to ken0013
ken0013 collected $6 from pot
ken0013: doesn't show hand
*** SUMMARY ***
Total pot $6 | Rake $0
Seat 1: B_loJkl (big blind) folded before Flop
Seat 4: ken0013 (button) (small blind) collected ($6)


PokerStars Hand #172663725654:  Hold'em Limit ($3/$6 USD) - 2017/07/05 23:59:24 ET
Table 'Zita' 6-max Seat #1 is the button
Seat 1: B_loJkl ($144.16 in chips)
Seat 6: hehasnthashe ($86.75 in chips)
B_loJkl: posts small blind $1
hehasnthashe: posts big blind $3
*** HOLE CARDS ***
B_loJkl: folds
Uncalled bet ($2) returned to hehasnthashe
hehasnthashe collected $2 from pot
hehasnthashe: doesn't show hand
*** SUMMARY ***
Total pot $2 | Rake $0
Seat 1: B_loJkl (button) (small blind) folded before Flop
Seat 6: hehasnthashe (big blind) collected ($2)


PokerStars Hand #172663729245:  Hold'em Limit ($3/$6 USD) - 2017/07/05 23:59:39 ET
Table 'Zita' 6-max Seat #6 is the button
Seat 1: B_loJkl ($143.16 in chips)
Seat 6: hehasnthashe ($87.75 in chips)
hehasnthashe: posts small blind $1
B_loJkl: posts big blind $3
*** HOLE CARDS ***
hehasnthashe: calls $2
B_loJkl: checks
*** FLOP *** [Ad 4h 4c]
B_loJkl: checks
hehasnthashe: checks
*** TURN *** [Ad 4h 4c] [Qd]
B_loJkl: bets $6
hehasnthashe: raises $6 to $12
B_loJkl: folds
Uncalled bet ($6) returned to hehasnthashe
hehasnthashe collected $17.64 from pot
hehasnthashe: doesn't show hand
*** SUMMARY ***
Total pot $18 | Rake $0.36
Board [Ad 4h 4c Qd]
Seat 1: B_loJkl (big blind) folded on the Turn
Seat 6: hehasnthashe (button) (small blind) collected ($17.64)


PokerStars Hand #172665546130:  Hold'em Limit ($3/$6 USD) - 2017/07/06 2:06:35 ET
Table 'Zita' 6-max Seat #3 is the button
Seat 3: B_loJkl ($172.79 in chips)
Seat 5: Opal10 ($605.81 in chips)
B_loJkl: posts small blind $1
Velbor107: is sitting out
Opal10: posts big blind $3
*** HOLE CARDS ***
Velbor107 leaves the table
B_loJkl: raises $3 to $6
Opal10: folds
Uncalled bet ($3) returned to B_loJkl
B_loJkl collected $6 from pot
B_loJkl: doesn't show hand
Velbor107 joins the table at seat #1
*** SUMMARY ***
Total pot $6 | Rake $0
Seat 3: B_loJkl (button) (small blind) collected ($6)
Seat 5: Opal10 (big blind) folded before Flop


PokerStars Hand #172665579971:  Hold'em Limit ($3/$6 USD) - 2017/07/06 2:09:03 ET
Table 'Zita' 6-max Seat #1 is the button
Seat 1: Velbor107 ($271 in chips)
Seat 5: Opal10 ($605.42 in chips)
B_loJkl will be allowed to play after the button
Velbor107: posts small blind $1
Opal10: posts big blind $3
*** HOLE CARDS ***
Velbor107: raises $3 to $6
Opal10: folds
Uncalled bet ($3) returned to Velbor107
Velbor107 collected $6 from pot
*** SUMMARY ***
Total pot $6 | Rake $0
Seat 1: Velbor107 (button) (small blind) collected ($6)
Seat 5: Opal10 (big blind) folded before Flop


PokerStars Hand #172665611623:  Hold'em Limit ($3/$6 USD) - 2017/07/06 2:11:23 ET
Table 'Zita' 6-max Seat #1 is the button
Seat 1: Velbor107 ($243.07 in chips)
Seat 6: B_loJkl ($127 in chips)
Velbor107: posts small blind $1
B_loJkl: posts big blind $3
*** HOLE CARDS ***
Opal10 leaves the table
Velbor107: folds
Uncalled bet ($2) returned to B_loJkl
B_loJkl collected $2 from pot
B_loJkl: doesn't show hand
*** SUMMARY ***
Total pot $2 | Rake $0
Seat 1: Velbor107 (button) (small blind) folded before Flop
Seat 6: B_loJkl (big blind) collected ($2)


