PokerStars Hand #160530835696:  Hold'em Limit ($3/$6 USD) - 2016/10/27 22:06:26 ET
Table 'Zomba' 6-max Seat #4 is the button
Seat 1: Ms Kapriz ($476 in chips)
Seat 4: robinu666 ($108.66 in chips)
robinu666: posts small blind $1
Ms Kapriz: posts big blind $3
*** HOLE CARDS ***
robinu666: raises $3 to $6
Ms Kapriz: calls $3
*** FLOP *** [Jh Kh Qc]
Ms Kapriz: checks
robinu666: bets $3
ToDaFelt joins the table at seat #6
Ms Kapriz: raises $3 to $6
robinu666: calls $3
*** TURN *** [Jh Kh Qc] [Kc]
Ms Kapriz: bets $6
robinu666: folds
Uncalled bet ($6) returned to Ms Kapriz
Ms Kapriz collected $23.52 from pot
Ms Kapriz: doesn't show hand
*** SUMMARY ***
Total pot $24 | Rake $0.48
Board [Jh Kh Qc Kc]
Seat 1: Ms Kapriz (big blind) collected ($23.52)
Seat 4: robinu666 (button) (small blind) folded on the Turn


PokerStars Hand #160530845942:  Hold'em Limit ($3/$6 USD) - 2016/10/27 22:06:52 ET
Table 'Zomba' 6-max Seat #6 is the button
Seat 4: robinu666 ($96.66 in chips)
Seat 6: ToDaFelt ($120 in chips)
ToDaFelt: posts small blind $1
robinu666: posts big blind $3
*** HOLE CARDS ***
ToDaFelt: raises $3 to $6
robinu666: calls $3
*** FLOP *** [Jd 7h 2s]
robinu666: checks
ToDaFelt: checks
*** TURN *** [Jd 7h 2s] [5c]
robinu666: bets $6
ToDaFelt: calls $6
*** RIVER *** [Jd 7h 2s 5c] [8d]
robinu666: bets $6
ToDaFelt: calls $6
*** SHOW DOWN ***
robinu666: shows [9h 5s] (a pair of Fives)
ToDaFelt: shows [8s Qc] (a pair of Eights)
ToDaFelt collected $35.50 from pot
*** SUMMARY ***
Total pot $36 | Rake $0.50
Board [Jd 7h 2s 5c 8d]
Seat 4: robinu666 (big blind) showed [9h 5s] and lost with a pair of Fives
Seat 6: ToDaFelt (button) (small blind) showed [8s Qc] and won ($35.50) with a pair of Eights


PokerStars Hand #160530860821:  Hold'em Limit ($3/$6 USD) - 2016/10/27 22:07:32 ET
Table 'Zomba' 6-max Seat #6 is the button
Seat 4: robinu666 ($77.66 in chips)
Seat 6: ToDaFelt ($138.50 in chips)
ToDaFelt: posts small blind $1
robinu666: posts big blind $3
*** HOLE CARDS ***
ToDaFelt: raises $3 to $6
robinu666: folds
Uncalled bet ($3) returned to ToDaFelt
ToDaFelt collected $6 from pot
ToDaFelt: doesn't show hand
*** SUMMARY ***
Total pot $6 | Rake $0
Seat 4: robinu666 (big blind) folded before Flop
Seat 6: ToDaFelt (button) (small blind) collected ($6)


PokerStars Hand #160530858772:  Hold'em Limit ($3/$6 USD) - 2016/10/27 22:07:26 ET
Table 'Zomba' 6-max Seat #4 is the button
Seat 4: robinu666 ($78.66 in chips)
Seat 6: ToDaFelt ($137.50 in chips)
robinu666: posts small blind $1
ToDaFelt: posts big blind $3
*** HOLE CARDS ***
robinu666: folds
Uncalled bet ($2) returned to ToDaFelt
ToDaFelt collected $2 from pot
ToDaFelt: doesn't show hand
*** SUMMARY ***
Total pot $2 | Rake $0
Seat 4: robinu666 (button) (small blind) folded before Flop
Seat 6: ToDaFelt (big blind) collected ($2)


PokerStars Hand #160530863975:  Hold'em Limit ($3/$6 USD) - 2016/10/27 22:07:40 ET
Table 'Zomba' 6-max Seat #4 is the button
Seat 4: robinu666 ($74.66 in chips)
Seat 6: ToDaFelt ($141.50 in chips)
robinu666: posts small blind $1
ToDaFelt: posts big blind $3
*** HOLE CARDS ***
robinu666: raises $3 to $6
ToDaFelt: calls $3
*** FLOP *** [Kh 2c Js]
ToDaFelt: checks
robinu666: bets $3
ToDaFelt: raises $3 to $6
robinu666: folds
Uncalled bet ($3) returned to ToDaFelt
ToDaFelt collected $17.64 from pot
ToDaFelt: doesn't show hand
*** SUMMARY ***
Total pot $18 | Rake $0.36
Board [Kh 2c Js]
Seat 4: robinu666 (button) (small blind) folded on the Flop
Seat 6: ToDaFelt (big blind) collected ($17.64)


PokerStars Hand #160530869582:  Hold'em Limit ($3/$6 USD) - 2016/10/27 22:07:55 ET
Table 'Zomba' 6-max Seat #6 is the button
Seat 4: robinu666 ($65.66 in chips)
Seat 6: ToDaFelt ($150.14 in chips)
ToDaFelt: posts small blind $1
robinu666: posts big blind $3
*** HOLE CARDS ***
ToDaFelt: raises $3 to $6
robinu666: raises $3 to $9
ToDaFelt: calls $3
*** FLOP *** [7s As 4d]
robinu666: bets $3
ToDaFelt: calls $3
*** TURN *** [7s As 4d] [Td]
robinu666: bets $6
ToDaFelt: calls $6
*** RIVER *** [7s As 4d Td] [Jh]
robinu666: bets $6
ToDaFelt: calls $6
*** SHOW DOWN ***
robinu666: shows [7c Ac] (two pair, Aces and Sevens)
ToDaFelt: mucks hand
robinu666 collected $47.50 from pot
*** SUMMARY ***
Total pot $48 | Rake $0.50
Board [7s As 4d Td Jh]
Seat 4: robinu666 (big blind) showed [7c Ac] and won ($47.50) with two pair, Aces and Sevens
Seat 6: ToDaFelt (button) (small blind) mucked


PokerStars Hand #160530897892:  Hold'em Limit ($3/$6 USD) - 2016/10/27 22:09:10 ET
Table 'Zomba' 6-max Seat #6 is the button
Seat 4: robinu666 ($59.16 in chips)
Seat 6: ToDaFelt ($155.64 in chips)
ToDaFelt: posts small blind $1
robinu666: posts big blind $3
*** HOLE CARDS ***
ToDaFelt: raises $3 to $6
robinu666: calls $3
*** FLOP *** [4h 2d Jd]
robinu666: checks
ToDaFelt: bets $3
robinu666: calls $3
*** TURN *** [4h 2d Jd] [6c]
robinu666: checks
ToDaFelt: bets $6
robinu666: folds
Uncalled bet ($6) returned to ToDaFelt
ToDaFelt collected $17.64 from pot
ToDaFelt: doesn't show hand
*** SUMMARY ***
Total pot $18 | Rake $0.36
Board [4h 2d Jd 6c]
Seat 4: robinu666 (big blind) folded on the Turn
Seat 6: ToDaFelt (button) (small blind) collected ($17.64)


PokerStars Hand #160530881696:  Hold'em Limit ($3/$6 USD) - 2016/10/27 22:08:27 ET
Table 'Zomba' 6-max Seat #4 is the button
Seat 4: robinu666 ($89.16 in chips)
Seat 6: ToDaFelt ($126.14 in chips)
robinu666: posts small blind $1
ToDaFelt: posts big blind $3
*** HOLE CARDS ***
robinu666: raises $3 to $6
ToDaFelt: calls $3
*** FLOP *** [8h 7s Js]
ToDaFelt: checks
robinu666: bets $3
ToDaFelt: raises $3 to $6
robinu666: calls $3
*** TURN *** [8h 7s Js] [2c]
ToDaFelt: bets $6
robinu666: raises $6 to $12
ToDaFelt: calls $6
*** RIVER *** [8h 7s Js 2c] [9s]
ToDaFelt: bets $6
robinu666: calls $6
*** SHOW DOWN ***
ToDaFelt: shows [4d Tc] (a straight, Seven to Jack)
robinu666: mucks hand
ToDaFelt collected $59.50 from pot
*** SUMMARY ***
Total pot $60 | Rake $0.50
Board [8h 7s Js 2c 9s]
Seat 4: robinu666 (button) (small blind) mucked
Seat 6: ToDaFelt (big blind) showed [4d Tc] and won ($59.50) with a straight, Seven to Jack


PokerStars Hand #160530909424:  Hold'em Limit ($3/$6 USD) - 2016/10/27 22:09:41 ET
Table 'Zomba' 6-max Seat #4 is the button
Seat 4: robinu666 ($50.16 in chips)
Seat 6: ToDaFelt ($164.28 in chips)
robinu666: posts small blind $1
ToDaFelt: posts big blind $3
*** HOLE CARDS ***
robinu666: raises $3 to $6
ToDaFelt: raises $3 to $9
robinu666: raises $3 to $12
Betting is capped
ToDaFelt: calls $3
*** FLOP *** [3c 8d 4h]
ToDaFelt: checks
robinu666: bets $3
ToDaFelt: calls $3
*** TURN *** [3c 8d 4h] [Qd]
ToDaFelt: checks
robinu666: bets $6
ToDaFelt: raises $6 to $12
robinu666: calls $6
*** RIVER *** [3c 8d 4h Qd] [2s]
ToDaFelt: bets $6
robinu666: calls $6
*** SHOW DOWN ***
ToDaFelt: shows [Jd 7d] (high card Queen)
robinu666: shows [Ad Ks] (high card Ace)
robinu666 collected $65.50 from pot
*** SUMMARY ***
Total pot $66 | Rake $0.50
Board [3c 8d 4h Qd 2s]
Seat 4: robinu666 (button) (small blind) showed [Ad Ks] and won ($65.50) with high card Ace
Seat 6: ToDaFelt (big blind) showed [Jd 7d] and lost with high card Queen


PokerStars Hand #160530923551:  Hold'em Limit ($3/$6 USD) - 2016/10/27 22:10:18 ET
Table 'Zomba' 6-max Seat #6 is the button
Seat 4: robinu666 ($82.66 in chips)
Seat 6: ToDaFelt ($131.28 in chips)
ToDaFelt: posts small blind $1
robinu666: posts big blind $3
*** HOLE CARDS ***
ToDaFelt: folds
Uncalled bet ($2) returned to robinu666
robinu666 collected $2 from pot
robinu666: doesn't show hand
*** SUMMARY ***
Total pot $2 | Rake $0
Seat 4: robinu666 (big blind) collected ($2)
Seat 6: ToDaFelt (button) (small blind) folded before Flop


PokerStars Hand #160530928683:  Hold'em Limit ($3/$6 USD) - 2016/10/27 22:10:31 ET
Table 'Zomba' 6-max Seat #4 is the button
Seat 4: robinu666 ($83.66 in chips)
Seat 6: ToDaFelt ($130.28 in chips)
robinu666: posts small blind $1
ToDaFelt: posts big blind $3
*** HOLE CARDS ***
robinu666: raises $3 to $6
ToDaFelt: calls $3
*** FLOP *** [2s 6d Tc]
ToDaFelt: checks
robinu666: bets $3
ToDaFelt: raises $3 to $6
robinu666: calls $3
*** TURN *** [2s 6d Tc] [Jh]
ToDaFelt: bets $6
robinu666: folds
Uncalled bet ($6) returned to ToDaFelt
ToDaFelt collected $23.52 from pot
ToDaFelt: doesn't show hand
*** SUMMARY ***
Total pot $24 | Rake $0.48
Board [2s 6d Tc Jh]
Seat 4: robinu666 (button) (small blind) folded on the Turn
Seat 6: ToDaFelt (big blind) collected ($23.52)


PokerStars Hand #160530947948:  Hold'em Limit ($3/$6 USD) - 2016/10/27 22:11:22 ET
Table 'Zomba' 6-max Seat #4 is the button
Seat 4: robinu666 ($61.66 in chips)
Seat 6: ToDaFelt ($151.56 in chips)
robinu666: posts small blind $1
ToDaFelt: posts big blind $3
*** HOLE CARDS ***
robinu666: folds
Uncalled bet ($2) returned to ToDaFelt
ToDaFelt collected $2 from pot
ToDaFelt: doesn't show hand
*** SUMMARY ***
Total pot $2 | Rake $0
Seat 4: robinu666 (button) (small blind) folded before Flop
Seat 6: ToDaFelt (big blind) collected ($2)


PokerStars Hand #160530945773:  Hold'em Limit ($3/$6 USD) - 2016/10/27 22:11:17 ET
Table 'Zomba' 6-max Seat #6 is the button
Seat 4: robinu666 ($64.66 in chips)
Seat 6: ToDaFelt ($148.56 in chips)
ToDaFelt: posts small blind $1
robinu666: posts big blind $3
*** HOLE CARDS ***
ToDaFelt: raises $3 to $6
robinu666: folds
Uncalled bet ($3) returned to ToDaFelt
ToDaFelt collected $6 from pot
ToDaFelt: doesn't show hand
*** SUMMARY ***
Total pot $6 | Rake $0
Seat 4: robinu666 (big blind) folded before Flop
Seat 6: ToDaFelt (button) (small blind) collected ($6)


PokerStars Hand #160530949733:  Hold'em Limit ($3/$6 USD) - 2016/10/27 22:11:27 ET
Table 'Zomba' 6-max Seat #6 is the button
Seat 4: robinu666 ($60.66 in chips)
Seat 6: ToDaFelt ($152.56 in chips)
ToDaFelt: posts small blind $1
robinu666: posts big blind $3
*** HOLE CARDS ***
ToDaFelt: raises $3 to $6
robinu666: calls $3
*** FLOP *** [Kd Ts 4s]
robinu666: bets $3
ToDaFelt: calls $3
*** TURN *** [Kd Ts 4s] [9d]
robinu666: checks
ToDaFelt: bets $6
robinu666: folds
Uncalled bet ($6) returned to ToDaFelt
ToDaFelt collected $17.64 from pot
ToDaFelt: doesn't show hand
*** SUMMARY ***
Total pot $18 | Rake $0.36
Board [Kd Ts 4s 9d]
Seat 4: robinu666 (big blind) folded on the Turn
Seat 6: ToDaFelt (button) (small blind) collected ($17.64)


PokerStars Hand #160530936947:  Hold'em Limit ($3/$6 USD) - 2016/10/27 22:10:53 ET
Table 'Zomba' 6-max Seat #6 is the button
Seat 4: robinu666 ($71.66 in chips)
Seat 6: ToDaFelt ($141.80 in chips)
ToDaFelt: posts small blind $1
robinu666: posts big blind $3
*** HOLE CARDS ***
ToDaFelt: raises $3 to $6
robinu666: calls $3
*** FLOP *** [Th 2s 4d]
robinu666: checks
ToDaFelt: bets $3
robinu666: folds
Uncalled bet ($3) returned to ToDaFelt
ToDaFelt collected $11.76 from pot
ToDaFelt: doesn't show hand
*** SUMMARY ***
Total pot $12 | Rake $0.24
Board [Th 2s 4d]
Seat 4: robinu666 (big blind) folded on the Flop
Seat 6: ToDaFelt (button) (small blind) collected ($11.76)


PokerStars Hand #160530943943:  Hold'em Limit ($3/$6 USD) - 2016/10/27 22:11:12 ET
Table 'Zomba' 6-max Seat #4 is the button
Seat 4: robinu666 ($65.66 in chips)
Seat 6: ToDaFelt ($147.56 in chips)
robinu666: posts small blind $1
ToDaFelt: posts big blind $3
*** HOLE CARDS ***
robinu666: folds
Uncalled bet ($2) returned to ToDaFelt
ToDaFelt collected $2 from pot
ToDaFelt: doesn't show hand
*** SUMMARY ***
Total pot $2 | Rake $0
Seat 4: robinu666 (button) (small blind) folded before Flop
Seat 6: ToDaFelt (big blind) collected ($2)


PokerStars Hand #160530972894:  Hold'em Limit ($3/$6 USD) - 2016/10/27 22:12:29 ET
Table 'Zomba' 6-max Seat #4 is the button
Seat 4: robinu666 ($6.66 in chips)
Seat 6: ToDaFelt ($205.20 in chips)
robinu666: posts small blind $1
ToDaFelt: posts big blind $3
*** HOLE CARDS ***
robinu666: raises $3 to $6
ToDaFelt: calls $3
*** FLOP *** [Jd 9h 5d]
ToDaFelt: bets $3
robinu666: calls $0.66 and is all-in
Uncalled bet ($2.34) returned to ToDaFelt
*** TURN *** [Jd 9h 5d] [9s]
*** RIVER *** [Jd 9h 5d 9s] [3h]
*** SHOW DOWN ***
ToDaFelt: shows [Qs 3d] (two pair, Nines and Threes)
robinu666: shows [2c 8d] (a pair of Nines)
ToDaFelt collected $13.05 from pot
*** SUMMARY ***
Total pot $13.32 | Rake $0.27
Board [Jd 9h 5d 9s 3h]
Seat 4: robinu666 (button) (small blind) showed [2c 8d] and lost with a pair of Nines
Seat 6: ToDaFelt (big blind) showed [Qs 3d] and won ($13.05) with two pair, Nines and Threes


PokerStars Hand #160530955999:  Hold'em Limit ($3/$6 USD) - 2016/10/27 22:11:44 ET
Table 'Zomba' 6-max Seat #4 is the button
Seat 4: robinu666 ($51.66 in chips)
Seat 6: ToDaFelt ($161.20 in chips)
robinu666: posts small blind $1
ToDaFelt: posts big blind $3
*** HOLE CARDS ***
robinu666: raises $3 to $6
ToDaFelt: calls $3
*** FLOP *** [Ts Qd 9h]
ToDaFelt: checks
robinu666: bets $3
ToDaFelt: raises $3 to $6
robinu666: raises $3 to $9
ToDaFelt: calls $3
*** TURN *** [Ts Qd 9h] [9s]
ToDaFelt: checks
robinu666: bets $6
ToDaFelt: calls $6
*** RIVER *** [Ts Qd 9h 9s] [6s]
ToDaFelt: checks
robinu666: checks
*** SHOW DOWN ***
ToDaFelt: shows [Qh 6c] (two pair, Queens and Nines)
robinu666: mucks hand
ToDaFelt collected $41.50 from pot
*** SUMMARY ***
Total pot $42 | Rake $0.50
Board [Ts Qd 9h 9s 6s]
Seat 4: robinu666 (button) (small blind) mucked
Seat 6: ToDaFelt (big blind) showed [Qh 6c] and won ($41.50) with two pair, Queens and Nines


