PokerStars Hand #147899130428:  Hold'em Limit ($3/$6 USD) - 2016/01/29 17:08:10 ET
Table 'Zomba' 2-max Seat #1 is the button
Seat 1: stuart1973 ($158.31 in chips)
Seat 2: ChrisTuff ($128.64 in chips)
stuart1973: posts small blind $1
ChrisTuff: posts big blind $3
*** HOLE CARDS ***
stuart1973: raises $3 to $6
ChrisTuff: calls $3
*** FLOP *** [Ah Ts Ad]
ChrisTuff: checks
stuart1973: bets $3
ChrisTuff: raises $3 to $6
stuart1973: folds
Uncalled bet ($3) returned to ChrisTuff
ChrisTuff collected $17.64 from pot
ChrisTuff: doesn't show hand
*** SUMMARY ***
Total pot $18 | Rake $0.36
Board [Ah Ts Ad]
Seat 1: stuart1973 (button) (small blind) folded on the Flop
Seat 2: ChrisTuff (big blind) collected ($17.64)


PokerStars Hand #147899204458:  Hold'em Limit ($3/$6 USD) - 2016/01/29 17:09:23 ET
Table 'Zomba' 2-max Seat #2 is the button
Seat 1: stuart1973 ($133.31 in chips)
Seat 2: ChrisTuff ($152.78 in chips)
ChrisTuff: posts small blind $1
stuart1973: posts big blind $3
*** HOLE CARDS ***
ChrisTuff: raises $3 to $6
stuart1973: raises $3 to $9
ChrisTuff: calls $3
*** FLOP *** [Tc Js 4h]
stuart1973: bets $3
ChrisTuff: folds
Uncalled bet ($3) returned to stuart1973
stuart1973 collected $17.64 from pot
*** SUMMARY ***
Total pot $18 | Rake $0.36
Board [Tc Js 4h]
Seat 1: stuart1973 (big blind) collected ($17.64)
Seat 2: ChrisTuff (button) (small blind) folded on the Flop


PokerStars Hand #147899194553:  Hold'em Limit ($3/$6 USD) - 2016/01/29 17:09:13 ET
Table 'Zomba' 2-max Seat #1 is the button
Seat 1: stuart1973 ($130.31 in chips)
Seat 2: ChrisTuff ($155.78 in chips)
stuart1973: posts small blind $1
ChrisTuff: posts big blind $3
*** HOLE CARDS ***
stuart1973: raises $3 to $6
ChrisTuff: folds
Uncalled bet ($3) returned to stuart1973
stuart1973 collected $6 from pot
*** SUMMARY ***
Total pot $6 | Rake $0
Seat 1: stuart1973 (button) (small blind) collected ($6)
Seat 2: ChrisTuff (big blind) folded before Flop


PokerStars Hand #147899181892:  Hold'em Limit ($3/$6 USD) - 2016/01/29 17:09:01 ET
Table 'Zomba' 2-max Seat #2 is the button
Seat 1: stuart1973 ($133.31 in chips)
Seat 2: ChrisTuff ($152.78 in chips)
ChrisTuff: posts small blind $1
stuart1973: posts big blind $3
*** HOLE CARDS ***
ChrisTuff: raises $3 to $6
stuart1973: folds
Uncalled bet ($3) returned to ChrisTuff
ChrisTuff collected $6 from pot
ChrisTuff: doesn't show hand
*** SUMMARY ***
Total pot $6 | Rake $0
Seat 1: stuart1973 (big blind) folded before Flop
Seat 2: ChrisTuff (button) (small blind) collected ($6)


PokerStars Hand #147899176237:  Hold'em Limit ($3/$6 USD) - 2016/01/29 17:08:55 ET
Table 'Zomba' 2-max Seat #1 is the button
Seat 1: stuart1973 ($134.31 in chips)
Seat 2: ChrisTuff ($151.78 in chips)
stuart1973: posts small blind $1
ChrisTuff: posts big blind $3
*** HOLE CARDS ***
stuart1973: folds
Uncalled bet ($2) returned to ChrisTuff
ChrisTuff collected $2 from pot
ChrisTuff: doesn't show hand
*** SUMMARY ***
Total pot $2 | Rake $0
Seat 1: stuart1973 (button) (small blind) folded before Flop
Seat 2: ChrisTuff (big blind) collected ($2)


PokerStars Hand #147899159454:  Hold'em Limit ($3/$6 USD) - 2016/01/29 17:08:39 ET
Table 'Zomba' 2-max Seat #2 is the button
Seat 1: stuart1973 ($149.31 in chips)
Seat 2: ChrisTuff ($137.28 in chips)
ChrisTuff: posts small blind $1
stuart1973: posts big blind $3
*** HOLE CARDS ***
ChrisTuff: raises $3 to $6
stuart1973: calls $3
*** FLOP *** [4d 8c 5s]
stuart1973: checks
ChrisTuff: bets $3
stuart1973: calls $3
*** TURN *** [4d 8c 5s] [2d]
stuart1973: checks
ChrisTuff: bets $6
stuart1973: calls $6
*** RIVER *** [4d 8c 5s 2d] [Kc]
stuart1973: checks
ChrisTuff: bets $6
stuart1973: folds
Uncalled bet ($6) returned to ChrisTuff
ChrisTuff collected $29.50 from pot
ChrisTuff: doesn't show hand
*** SUMMARY ***
Total pot $30 | Rake $0.50
Board [4d 8c 5s 2d Kc]
Seat 1: stuart1973 (big blind) folded on the River
Seat 2: ChrisTuff (button) (small blind) collected ($29.50)


PokerStars Hand #147899260034:  Hold'em Limit ($3/$6 USD) - 2016/01/29 17:10:18 ET
Table 'Zomba' 2-max Seat #1 is the button
Seat 1: stuart1973 ($160.45 in chips)
Seat 2: ChrisTuff ($124.78 in chips)
stuart1973: posts small blind $1
ChrisTuff: posts big blind $3
*** HOLE CARDS ***
stuart1973: raises $3 to $6
ChrisTuff: calls $3
*** FLOP *** [Tc 2d 8d]
ChrisTuff: checks
stuart1973: checks
*** TURN *** [Tc 2d 8d] [7h]
ChrisTuff: bets $6
stuart1973: calls $6
*** RIVER *** [Tc 2d 8d 7h] [6s]
ChrisTuff: bets $6
stuart1973: folds
Uncalled bet ($6) returned to ChrisTuff
ChrisTuff collected $23.52 from pot
ChrisTuff: doesn't show hand
*** SUMMARY ***
Total pot $24 | Rake $0.48
Board [Tc 2d 8d 7h 6s]
Seat 1: stuart1973 (button) (small blind) folded on the River
Seat 2: ChrisTuff (big blind) collected ($23.52)


PokerStars Hand #147899255632:  Hold'em Limit ($3/$6 USD) - 2016/01/29 17:10:14 ET
Table 'Zomba' 2-max Seat #2 is the button
Seat 1: stuart1973 ($159.45 in chips)
Seat 2: ChrisTuff ($125.78 in chips)
ChrisTuff: posts small blind $1
stuart1973: posts big blind $3
*** HOLE CARDS ***
ChrisTuff: folds
Uncalled bet ($2) returned to stuart1973
stuart1973 collected $2 from pot
*** SUMMARY ***
Total pot $2 | Rake $0
Seat 1: stuart1973 (big blind) collected ($2)
Seat 2: ChrisTuff (button) (small blind) folded before Flop


PokerStars Hand #147899226804:  Hold'em Limit ($3/$6 USD) - 2016/01/29 17:09:45 ET
Table 'Zomba' 2-max Seat #1 is the button
Seat 1: stuart1973 ($141.95 in chips)
Seat 2: ChrisTuff ($143.78 in chips)
stuart1973: posts small blind $1
ChrisTuff: posts big blind $3
*** HOLE CARDS ***
stuart1973: raises $3 to $6
ChrisTuff: raises $3 to $9
stuart1973: calls $3
*** FLOP *** [Ts 7d Js]
ChrisTuff: bets $3
stuart1973: calls $3
*** TURN *** [Ts 7d Js] [Kc]
ChrisTuff: checks
stuart1973: bets $6
ChrisTuff: calls $6
*** RIVER *** [Ts 7d Js Kc] [Ah]
ChrisTuff: checks
stuart1973: checks
*** SHOW DOWN ***
ChrisTuff: shows [5d 5h] (a pair of Fives)
stuart1973: shows [8c 8h] (a pair of Eights)
stuart1973 collected $35.50 from pot
*** SUMMARY ***
Total pot $36 | Rake $0.50
Board [Ts 7d Js Kc Ah]
Seat 1: stuart1973 (button) (small blind) showed [8c 8h] and won ($35.50) with a pair of Eights
Seat 2: ChrisTuff (big blind) showed [5d 5h] and lost with a pair of Fives


PokerStars Hand #147899324645:  Hold'em Limit ($3/$6 USD) - 2016/01/29 17:11:22 ET
Table 'Zomba' 2-max Seat #2 is the button
Seat 1: stuart1973 ($156.45 in chips)
Seat 2: ChrisTuff ($128.30 in chips)
ChrisTuff: posts small blind $1
stuart1973: posts big blind $3
*** HOLE CARDS ***
ChrisTuff: raises $3 to $6
stuart1973: calls $3
*** FLOP *** [Qs 7h Ah]
stuart1973: checks
ChrisTuff: bets $3
stuart1973: calls $3
*** TURN *** [Qs 7h Ah] [7d]
stuart1973: checks
ChrisTuff: bets $6
stuart1973: calls $6
*** RIVER *** [Qs 7h Ah 7d] [6c]
stuart1973: checks
ChrisTuff: bets $6
stuart1973: calls $6
*** SHOW DOWN ***
ChrisTuff: shows [9c Ad] (two pair, Aces and Sevens)
stuart1973: mucks hand
ChrisTuff collected $41.50 from pot
*** SUMMARY ***
Total pot $42 | Rake $0.50
Board [Qs 7h Ah 7d 6c]
Seat 1: stuart1973 (big blind) mucked
Seat 2: ChrisTuff (button) (small blind) showed [9c Ad] and won ($41.50) with two pair, Aces and Sevens


PokerStars Hand #147899319246:  Hold'em Limit ($3/$6 USD) - 2016/01/29 17:11:16 ET
Table 'Zomba' 2-max Seat #1 is the button
Seat 1: stuart1973 ($153.45 in chips)
Seat 2: ChrisTuff ($131.30 in chips)
stuart1973: posts small blind $1
ChrisTuff: posts big blind $3
*** HOLE CARDS ***
stuart1973: raises $3 to $6
ChrisTuff: folds
Uncalled bet ($3) returned to stuart1973
stuart1973 collected $6 from pot
*** SUMMARY ***
Total pot $6 | Rake $0
Seat 1: stuart1973 (button) (small blind) collected ($6)
Seat 2: ChrisTuff (big blind) folded before Flop


PokerStars Hand #147899313751:  Hold'em Limit ($3/$6 USD) - 2016/01/29 17:11:11 ET
Table 'Zomba' 2-max Seat #2 is the button
Seat 1: stuart1973 ($152.45 in chips)
Seat 2: ChrisTuff ($132.30 in chips)
ChrisTuff: posts small blind $1
stuart1973: posts big blind $3
*** HOLE CARDS ***
ChrisTuff: folds
Uncalled bet ($2) returned to stuart1973
stuart1973 collected $2 from pot
*** SUMMARY ***
Total pot $2 | Rake $0
Seat 1: stuart1973 (big blind) collected ($2)
Seat 2: ChrisTuff (button) (small blind) folded before Flop


PokerStars Hand #147899307692:  Hold'em Limit ($3/$6 USD) - 2016/01/29 17:11:05 ET
Table 'Zomba' 2-max Seat #1 is the button
Seat 1: stuart1973 ($149.45 in chips)
Seat 2: ChrisTuff ($135.30 in chips)
stuart1973: posts small blind $1
ChrisTuff: posts big blind $3
*** HOLE CARDS ***
stuart1973: raises $3 to $6
ChrisTuff: folds
Uncalled bet ($3) returned to stuart1973
stuart1973 collected $6 from pot
*** SUMMARY ***
Total pot $6 | Rake $0
Seat 1: stuart1973 (button) (small blind) collected ($6)
Seat 2: ChrisTuff (big blind) folded before Flop


PokerStars Hand #147899292292:  Hold'em Limit ($3/$6 USD) - 2016/01/29 17:10:50 ET
Table 'Zomba' 2-max Seat #2 is the button
Seat 1: stuart1973 ($148.45 in chips)
Seat 2: ChrisTuff ($136.30 in chips)
ChrisTuff: posts small blind $1
stuart1973: posts big blind $3
*** HOLE CARDS ***
ChrisTuff: folds
Uncalled bet ($2) returned to stuart1973
stuart1973 collected $2 from pot
*** SUMMARY ***
Total pot $2 | Rake $0
Seat 1: stuart1973 (big blind) collected ($2)
Seat 2: ChrisTuff (button) (small blind) folded before Flop


PokerStars Hand #147899401576:  Hold'em Limit ($3/$6 USD) - 2016/01/29 17:12:38 ET
Table 'Zomba' 2-max Seat #2 is the button
Seat 1: stuart1973 ($135.95 in chips)
Seat 2: ChrisTuff ($148.14 in chips)
ChrisTuff: posts small blind $1
stuart1973: posts big blind $3
*** HOLE CARDS ***
ChrisTuff: raises $3 to $6
stuart1973: calls $3
*** FLOP *** [3s 7s Ac]
stuart1973: checks
ChrisTuff: bets $3
stuart1973: folds
Uncalled bet ($3) returned to ChrisTuff
ChrisTuff collected $11.76 from pot
ChrisTuff: doesn't show hand
*** SUMMARY ***
Total pot $12 | Rake $0.24
Board [3s 7s Ac]
Seat 1: stuart1973 (big blind) folded on the Flop
Seat 2: ChrisTuff (button) (small blind) collected ($11.76)


PokerStars Hand #147899374507:  Hold'em Limit ($3/$6 USD) - 2016/01/29 17:12:12 ET
Table 'Zomba' 2-max Seat #2 is the button
Seat 1: stuart1973 ($152.95 in chips)
Seat 2: ChrisTuff ($131.64 in chips)
ChrisTuff: posts small blind $1
stuart1973: posts big blind $3
*** HOLE CARDS ***
ChrisTuff: folds
Uncalled bet ($2) returned to stuart1973
stuart1973 collected $2 from pot
*** SUMMARY ***
Total pot $2 | Rake $0
Seat 1: stuart1973 (big blind) collected ($2)
Seat 2: ChrisTuff (button) (small blind) folded before Flop


PokerStars Hand #147899362730:  Hold'em Limit ($3/$6 USD) - 2016/01/29 17:12:00 ET
Table 'Zomba' 2-max Seat #1 is the button
Seat 1: stuart1973 ($161.95 in chips)
Seat 2: ChrisTuff ($123 in chips)
stuart1973: posts small blind $1
ChrisTuff: posts big blind $3
*** HOLE CARDS ***
stuart1973: raises $3 to $6
ChrisTuff: calls $3
*** FLOP *** [4s Kc 5s]
ChrisTuff: checks
stuart1973: bets $3
ChrisTuff: calls $3
*** TURN *** [4s Kc 5s] [Qs]
ChrisTuff: checks
stuart1973: checks
*** RIVER *** [4s Kc 5s Qs] [9h]
ChrisTuff: bets $6
stuart1973: folds
Uncalled bet ($6) returned to ChrisTuff
ChrisTuff collected $17.64 from pot
ChrisTuff: doesn't show hand
*** SUMMARY ***
Total pot $18 | Rake $0.36
Board [4s Kc 5s Qs 9h]
Seat 1: stuart1973 (button) (small blind) folded on the River
Seat 2: ChrisTuff (big blind) collected ($17.64)


PokerStars Hand #147899357429:  Hold'em Limit ($3/$6 USD) - 2016/01/29 17:11:55 ET
Table 'Zomba' 2-max Seat #2 is the button
Seat 1: stuart1973 ($164.95 in chips)
Seat 2: ChrisTuff ($120 in chips)
ChrisTuff: posts small blind $1
stuart1973: posts big blind $3
*** HOLE CARDS ***
ChrisTuff: raises $3 to $6
stuart1973: folds
Uncalled bet ($3) returned to ChrisTuff
ChrisTuff collected $6 from pot
ChrisTuff: doesn't show hand
*** SUMMARY ***
Total pot $6 | Rake $0
Seat 1: stuart1973 (big blind) folded before Flop
Seat 2: ChrisTuff (button) (small blind) collected ($6)


PokerStars Hand #147899340778:  Hold'em Limit ($3/$6 USD) - 2016/01/29 17:11:38 ET
Table 'Zomba' 2-max Seat #1 is the button
Seat 1: stuart1973 ($135.45 in chips)
Seat 2: ChrisTuff ($148.80 in chips)
stuart1973: posts small blind $1
ChrisTuff: posts big blind $3
*** HOLE CARDS ***
stuart1973: raises $3 to $6
ChrisTuff: calls $3
*** FLOP *** [5c 6c 8d]
ChrisTuff: checks
stuart1973: bets $3
ChrisTuff: raises $3 to $6
stuart1973: calls $3
*** TURN *** [5c 6c 8d] [7c]
ChrisTuff: bets $6
stuart1973: calls $6
*** RIVER *** [5c 6c 8d 7c] [Td]
ChrisTuff: bets $6
stuart1973: raises $6 to $12
ChrisTuff: calls $6
*** SHOW DOWN ***
stuart1973: shows [Ts 8h] (two pair, Tens and Eights)
ChrisTuff: mucks hand
stuart1973 collected $59.50 from pot
*** SUMMARY ***
Total pot $60 | Rake $0.50
Board [5c 6c 8d 7c Td]
Seat 1: stuart1973 (button) (small blind) showed [Ts 8h] and won ($59.50) with two pair, Tens and Eights
Seat 2: ChrisTuff (big blind) mucked


PokerStars Hand #147899466792:  Hold'em Limit ($3/$6 USD) - 2016/01/29 17:13:44 ET
Table 'Zomba' 2-max Seat #1 is the button
Seat 1: stuart1973 ($129.21 in chips)
Seat 2: ChrisTuff ($153.16 in chips)
stuart1973: posts small blind $1
ChrisTuff: posts big blind $3
*** HOLE CARDS ***
stuart1973: raises $3 to $6
ChrisTuff: calls $3
*** FLOP *** [Kh Js 7d]
ChrisTuff: checks
stuart1973: checks
*** TURN *** [Kh Js 7d] [2c]
ChrisTuff: bets $6
stuart1973: folds
Uncalled bet ($6) returned to ChrisTuff
ChrisTuff collected $11.76 from pot
ChrisTuff: doesn't show hand
*** SUMMARY ***
Total pot $12 | Rake $0.24
Board [Kh Js 7d 2c]
Seat 1: stuart1973 (button) (small blind) folded on the Turn
Seat 2: ChrisTuff (big blind) collected ($11.76)


PokerStars Hand #147899450083:  Hold'em Limit ($3/$6 USD) - 2016/01/29 17:13:27 ET
Table 'Zomba' 2-max Seat #2 is the button
Seat 1: stuart1973 ($108.71 in chips)
Seat 2: ChrisTuff ($174.16 in chips)
ChrisTuff: posts small blind $1
stuart1973: posts big blind $3
*** HOLE CARDS ***
ChrisTuff: raises $3 to $6
stuart1973: raises $3 to $9
ChrisTuff: calls $3
*** FLOP *** [Qd 3h Ad]
stuart1973: bets $3
ChrisTuff: raises $3 to $6
stuart1973: calls $3
*** TURN *** [Qd 3h Ad] [6d]
stuart1973: bets $6
ChrisTuff: calls $6
*** RIVER *** [Qd 3h Ad 6d] [3c]
stuart1973: bets $6
ChrisTuff: folds
Uncalled bet ($6) returned to stuart1973
stuart1973 collected $41.50 from pot
*** SUMMARY ***
Total pot $42 | Rake $0.50
Board [Qd 3h Ad 6d 3c]
Seat 1: stuart1973 (big blind) collected ($41.50)
Seat 2: ChrisTuff (button) (small blind) folded on the River


PokerStars Hand #147899440690:  Hold'em Limit ($3/$6 USD) - 2016/01/29 17:13:18 ET
Table 'Zomba' 2-max Seat #1 is the button
Seat 1: stuart1973 ($102.95 in chips)
Seat 2: ChrisTuff ($180.16 in chips)
stuart1973: posts small blind $1
ChrisTuff: posts big blind $3
*** HOLE CARDS ***
stuart1973: raises $3 to $6
ChrisTuff: calls $3
*** FLOP *** [9c Jh Kh]
ChrisTuff: checks
stuart1973: bets $3
ChrisTuff: folds
Uncalled bet ($3) returned to stuart1973
stuart1973 collected $11.76 from pot
*** SUMMARY ***
Total pot $12 | Rake $0.24
Board [9c Jh Kh]
Seat 1: stuart1973 (button) (small blind) collected ($11.76)
Seat 2: ChrisTuff (big blind) folded on the Flop


PokerStars Hand #147899424846:  Hold'em Limit ($3/$6 USD) - 2016/01/29 17:13:02 ET
Table 'Zomba' 2-max Seat #2 is the button
Seat 1: stuart1973 ($123.95 in chips)
Seat 2: ChrisTuff ($159.66 in chips)
ChrisTuff: posts small blind $1
stuart1973: posts big blind $3
*** HOLE CARDS ***
ChrisTuff: raises $3 to $6
stuart1973: calls $3
*** FLOP *** [8c 9s Jc]
stuart1973: checks
ChrisTuff: bets $3
stuart1973: calls $3
*** TURN *** [8c 9s Jc] [4d]
stuart1973: checks
ChrisTuff: bets $6
stuart1973: calls $6
*** RIVER *** [8c 9s Jc 4d] [2c]
stuart1973: checks
ChrisTuff: bets $6
stuart1973: calls $6
*** SHOW DOWN ***
ChrisTuff: shows [Qc 9h] (a pair of Nines)
stuart1973: mucks hand
ChrisTuff collected $41.50 from pot
*** SUMMARY ***
Total pot $42 | Rake $0.50
Board [8c 9s Jc 4d 2c]
Seat 1: stuart1973 (big blind) mucked
Seat 2: ChrisTuff (button) (small blind) showed [Qc 9h] and won ($41.50) with a pair of Nines


PokerStars Hand #147899415055:  Hold'em Limit ($3/$6 USD) - 2016/01/29 17:12:52 ET
Table 'Zomba' 2-max Seat #1 is the button
Seat 1: stuart1973 ($129.95 in chips)
Seat 2: ChrisTuff ($153.90 in chips)
stuart1973: posts small blind $1
ChrisTuff: posts big blind $3
*** HOLE CARDS ***
stuart1973: raises $3 to $6
ChrisTuff: calls $3
*** FLOP *** [2h 2c 3s]
ChrisTuff: checks
stuart1973: checks
*** TURN *** [2h 2c 3s] [Jc]
ChrisTuff: bets $6
stuart1973: folds
Uncalled bet ($6) returned to ChrisTuff
ChrisTuff collected $11.76 from pot
ChrisTuff: doesn't show hand
*** SUMMARY ***
Total pot $12 | Rake $0.24
Board [2h 2c 3s Jc]
Seat 1: stuart1973 (button) (small blind) folded on the Turn
Seat 2: ChrisTuff (big blind) collected ($11.76)


PokerStars Hand #147899518423:  Hold'em Limit ($3/$6 USD) - 2016/01/29 17:14:35 ET
Table 'Zomba' 2-max Seat #1 is the button
Seat 1: stuart1973 ($150.23 in chips)
Seat 2: ChrisTuff ($130.92 in chips)
stuart1973: posts small blind $1
ChrisTuff: posts big blind $3
*** HOLE CARDS ***
stuart1973: raises $3 to $6
ChrisTuff: calls $3
*** FLOP *** [Ts Ah 9s]
ChrisTuff: checks
stuart1973: bets $3
ChrisTuff: folds
Uncalled bet ($3) returned to stuart1973
stuart1973 collected $11.76 from pot
*** SUMMARY ***
Total pot $12 | Rake $0.24
Board [Ts Ah 9s]
Seat 1: stuart1973 (button) (small blind) collected ($11.76)
Seat 2: ChrisTuff (big blind) folded on the Flop


PokerStars Hand #147899514086:  Hold'em Limit ($3/$6 USD) - 2016/01/29 17:14:31 ET
Table 'Zomba' 2-max Seat #2 is the button
Seat 1: stuart1973 ($149.23 in chips)
Seat 2: ChrisTuff ($131.92 in chips)
ChrisTuff: posts small blind $1
stuart1973: posts big blind $3
*** HOLE CARDS ***
ChrisTuff: folds
Uncalled bet ($2) returned to stuart1973
stuart1973 collected $2 from pot
*** SUMMARY ***
Total pot $2 | Rake $0
Seat 1: stuart1973 (big blind) collected ($2)
Seat 2: ChrisTuff (button) (small blind) folded before Flop


PokerStars Hand #147899499564:  Hold'em Limit ($3/$6 USD) - 2016/01/29 17:14:16 ET
Table 'Zomba' 2-max Seat #1 is the button
Seat 1: stuart1973 ($134.73 in chips)
Seat 2: ChrisTuff ($146.92 in chips)
stuart1973: posts small blind $1
ChrisTuff: posts big blind $3
*** HOLE CARDS ***
stuart1973: raises $3 to $6
ChrisTuff: calls $3
*** FLOP *** [3h Kc Qd]
ChrisTuff: checks
stuart1973: bets $3
ChrisTuff: calls $3
*** TURN *** [3h Kc Qd] [Jc]
ChrisTuff: checks
stuart1973: bets $6
ChrisTuff: calls $6
*** RIVER *** [3h Kc Qd Jc] [8d]
ChrisTuff: checks
stuart1973: bets $6
ChrisTuff: folds
Uncalled bet ($6) returned to stuart1973
stuart1973 collected $29.50 from pot
*** SUMMARY ***
Total pot $30 | Rake $0.50
Board [3h Kc Qd Jc 8d]
Seat 1: stuart1973 (button) (small blind) collected ($29.50)
Seat 2: ChrisTuff (big blind) folded on the River


PokerStars Hand #147899495196:  Hold'em Limit ($3/$6 USD) - 2016/01/29 17:14:12 ET
Table 'Zomba' 2-max Seat #2 is the button
Seat 1: stuart1973 ($133.73 in chips)
Seat 2: ChrisTuff ($147.92 in chips)
ChrisTuff: posts small blind $1
stuart1973: posts big blind $3
*** HOLE CARDS ***
ChrisTuff: folds
Uncalled bet ($2) returned to stuart1973
stuart1973 collected $2 from pot
*** SUMMARY ***
Total pot $2 | Rake $0
Seat 1: stuart1973 (big blind) collected ($2)
Seat 2: ChrisTuff (button) (small blind) folded before Flop


PokerStars Hand #147899489807:  Hold'em Limit ($3/$6 USD) - 2016/01/29 17:14:07 ET
Table 'Zomba' 2-max Seat #1 is the button
Seat 1: stuart1973 ($134.73 in chips)
Seat 2: ChrisTuff ($146.92 in chips)
stuart1973: posts small blind $1
ChrisTuff: posts big blind $3
*** HOLE CARDS ***
stuart1973: folds
Uncalled bet ($2) returned to ChrisTuff
ChrisTuff collected $2 from pot
ChrisTuff: doesn't show hand
*** SUMMARY ***
Total pot $2 | Rake $0
Seat 1: stuart1973 (button) (small blind) folded before Flop
Seat 2: ChrisTuff (big blind) collected ($2)


PokerStars Hand #147899477015:  Hold'em Limit ($3/$6 USD) - 2016/01/29 17:13:54 ET
Table 'Zomba' 2-max Seat #2 is the button
Seat 1: stuart1973 ($123.21 in chips)
Seat 2: ChrisTuff ($158.92 in chips)
ChrisTuff: posts small blind $1
stuart1973: posts big blind $3
*** HOLE CARDS ***
ChrisTuff: raises $3 to $6
stuart1973: raises $3 to $9
ChrisTuff: calls $3
*** FLOP *** [9s 7s 3s]
stuart1973: bets $3
ChrisTuff: calls $3
*** TURN *** [9s 7s 3s] [Ad]
stuart1973: bets $6
ChrisTuff: folds
Uncalled bet ($6) returned to stuart1973
stuart1973 collected $23.52 from pot
*** SUMMARY ***
Total pot $24 | Rake $0.48
Board [9s 7s 3s Ad]
Seat 1: stuart1973 (big blind) collected ($23.52)
Seat 2: ChrisTuff (button) (small blind) folded on the Turn


PokerStars Hand #147899564623:  Hold'em Limit ($3/$6 USD) - 2016/01/29 17:15:21 ET
Table 'Zomba' 2-max Seat #1 is the button
Seat 1: stuart1973 ($118.99 in chips)
Seat 2: ChrisTuff ($161.06 in chips)
stuart1973: posts small blind $1
ChrisTuff: posts big blind $3
*** HOLE CARDS ***
stuart1973: raises $3 to $6
ChrisTuff: calls $3
*** FLOP *** [9h 4d 6d]
ChrisTuff: checks
stuart1973: bets $3
ChrisTuff: calls $3
*** TURN *** [9h 4d 6d] [Ks]
ChrisTuff: checks
stuart1973: bets $6
ChrisTuff: calls $6
*** RIVER *** [9h 4d 6d Ks] [Th]
ChrisTuff: checks
stuart1973: bets $6
ChrisTuff: calls $6
*** SHOW DOWN ***
stuart1973: shows [9s Ac] (a pair of Nines)
ChrisTuff: mucks hand
stuart1973 collected $41.50 from pot
*** SUMMARY ***
Total pot $42 | Rake $0.50
Board [9h 4d 6d Ks Th]
Seat 1: stuart1973 (button) (small blind) showed [9s Ac] and won ($41.50) with a pair of Nines
Seat 2: ChrisTuff (big blind) mucked


PokerStars Hand #147899548825:  Hold'em Limit ($3/$6 USD) - 2016/01/29 17:15:06 ET
Table 'Zomba' 2-max Seat #2 is the button
Seat 1: stuart1973 ($145.99 in chips)
Seat 2: ChrisTuff ($134.56 in chips)
ChrisTuff: posts small blind $1
stuart1973: posts big blind $3
*** HOLE CARDS ***
ChrisTuff: raises $3 to $6
stuart1973: calls $3
*** FLOP *** [8c 9s 2s]
stuart1973: bets $3
ChrisTuff: calls $3
*** TURN *** [8c 9s 2s] [4c]
stuart1973: bets $6
ChrisTuff: calls $6
*** RIVER *** [8c 9s 2s 4c] [Ah]
stuart1973: bets $6
ChrisTuff: raises $6 to $12
stuart1973: calls $6
*** SHOW DOWN ***
ChrisTuff: shows [8h Ac] (two pair, Aces and Eights)
stuart1973: mucks hand
ChrisTuff collected $53.50 from pot
*** SUMMARY ***
Total pot $54 | Rake $0.50
Board [8c 9s 2s 4c Ah]
Seat 1: stuart1973 (big blind) mucked
Seat 2: ChrisTuff (button) (small blind) showed [8h Ac] and won ($53.50) with two pair, Aces and Eights


PokerStars Hand #147899543631:  Hold'em Limit ($3/$6 USD) - 2016/01/29 17:15:01 ET
Table 'Zomba' 2-max Seat #1 is the button
Seat 1: stuart1973 ($146.99 in chips)
Seat 2: ChrisTuff ($133.56 in chips)
stuart1973: posts small blind $1
ChrisTuff: posts big blind $3
*** HOLE CARDS ***
stuart1973: folds
Uncalled bet ($2) returned to ChrisTuff
ChrisTuff collected $2 from pot
ChrisTuff: doesn't show hand
*** SUMMARY ***
Total pot $2 | Rake $0
Seat 1: stuart1973 (button) (small blind) folded before Flop
Seat 2: ChrisTuff (big blind) collected ($2)


PokerStars Hand #147899527577:  Hold'em Limit ($3/$6 USD) - 2016/01/29 17:14:45 ET
Table 'Zomba' 2-max Seat #2 is the button
Seat 1: stuart1973 ($155.99 in chips)
Seat 2: ChrisTuff ($124.92 in chips)
ChrisTuff: posts small blind $1
stuart1973: posts big blind $3
*** HOLE CARDS ***
ChrisTuff: raises $3 to $6
stuart1973: calls $3
*** FLOP *** [4h 2h 9c]
stuart1973: checks
ChrisTuff: bets $3
stuart1973: calls $3
*** TURN *** [4h 2h 9c] [3s]
stuart1973: checks
ChrisTuff: checks
*** RIVER *** [4h 2h 9c 3s] [9h]
stuart1973: checks
ChrisTuff: checks
*** SHOW DOWN ***
stuart1973: shows [Js Ts] (a pair of Nines)
ChrisTuff: shows [Kd 7c] (a pair of Nines - King kicker)
ChrisTuff collected $17.64 from pot
*** SUMMARY ***
Total pot $18 | Rake $0.36
Board [4h 2h 9c 3s 9h]
Seat 1: stuart1973 (big blind) showed [Js Ts] and lost with a pair of Nines
Seat 2: ChrisTuff (button) (small blind) showed [Kd 7c] and won ($17.64) with a pair of Nines


PokerStars Hand #147899642642:  Hold'em Limit ($3/$6 USD) - 2016/01/29 17:16:40 ET
Table 'Zomba' 2-max Seat #1 is the button
Seat 1: stuart1973 ($128.99 in chips)
Seat 2: ChrisTuff ($148.96 in chips)
stuart1973: posts small blind $1
ChrisTuff: posts big blind $3
*** HOLE CARDS ***
stuart1973: calls $2
ChrisTuff: checks
*** FLOP *** [4d Jh 8d]
ChrisTuff: checks
stuart1973: bets $3
ChrisTuff: calls $3
*** TURN *** [4d Jh 8d] [Ah]
ChrisTuff: checks
stuart1973: checks
*** RIVER *** [4d Jh 8d Ah] [2s]
ChrisTuff: bets $6
stuart1973: folds
Uncalled bet ($6) returned to ChrisTuff
ChrisTuff collected $11.76 from pot
ChrisTuff: doesn't show hand
*** SUMMARY ***
Total pot $12 | Rake $0.24
Board [4d Jh 8d Ah 2s]
Seat 1: stuart1973 (button) (small blind) folded on the River
Seat 2: ChrisTuff (big blind) collected ($11.76)


PokerStars Hand #147899634565:  Hold'em Limit ($3/$6 USD) - 2016/01/29 17:16:32 ET
Table 'Zomba' 2-max Seat #2 is the button
Seat 1: stuart1973 ($134.99 in chips)
Seat 2: ChrisTuff ($143.20 in chips)
ChrisTuff: posts small blind $1
stuart1973: posts big blind $3
*** HOLE CARDS ***
ChrisTuff: raises $3 to $6
stuart1973: calls $3
*** FLOP *** [Jh Tc Qs]
stuart1973: checks
ChrisTuff: bets $3
stuart1973: folds
Uncalled bet ($3) returned to ChrisTuff
ChrisTuff collected $11.76 from pot
ChrisTuff: doesn't show hand
*** SUMMARY ***
Total pot $12 | Rake $0.24
Board [Jh Tc Qs]
Seat 1: stuart1973 (big blind) folded on the Flop
Seat 2: ChrisTuff (button) (small blind) collected ($11.76)


PokerStars Hand #147899629286:  Hold'em Limit ($3/$6 USD) - 2016/01/29 17:16:26 ET
Table 'Zomba' 2-max Seat #1 is the button
Seat 1: stuart1973 ($135.99 in chips)
Seat 2: ChrisTuff ($142.20 in chips)
stuart1973: posts small blind $1
ChrisTuff: posts big blind $3
*** HOLE CARDS ***
stuart1973: folds
Uncalled bet ($2) returned to ChrisTuff
ChrisTuff collected $2 from pot
ChrisTuff: doesn't show hand
*** SUMMARY ***
Total pot $2 | Rake $0
Seat 1: stuart1973 (button) (small blind) folded before Flop
Seat 2: ChrisTuff (big blind) collected ($2)


PokerStars Hand #147899616261:  Hold'em Limit ($3/$6 USD) - 2016/01/29 17:16:13 ET
Table 'Zomba' 2-max Seat #2 is the button
Seat 1: stuart1973 ($153.99 in chips)
Seat 2: ChrisTuff ($124.70 in chips)
ChrisTuff: posts small blind $1
stuart1973: posts big blind $3
*** HOLE CARDS ***
ChrisTuff: raises $3 to $6
stuart1973: raises $3 to $9
ChrisTuff: calls $3
*** FLOP *** [8d 6s 7s]
stuart1973: bets $3
ChrisTuff: calls $3
*** TURN *** [8d 6s 7s] [8h]
stuart1973: checks
ChrisTuff: checks
*** RIVER *** [8d 6s 7s 8h] [9c]
stuart1973: bets $6
ChrisTuff: calls $6
*** SHOW DOWN ***
stuart1973: shows [Ks Qd] (a pair of Eights)
ChrisTuff: shows [Ah 2c] (a pair of Eights - Ace kicker)
ChrisTuff collected $35.50 from pot
*** SUMMARY ***
Total pot $36 | Rake $0.50
Board [8d 6s 7s 8h 9c]
Seat 1: stuart1973 (big blind) showed [Ks Qd] and lost with a pair of Eights
Seat 2: ChrisTuff (button) (small blind) showed [Ah 2c] and won ($35.50) with a pair of Eights


PokerStars Hand #147899600453:  Hold'em Limit ($3/$6 USD) - 2016/01/29 17:15:57 ET
Table 'Zomba' 2-max Seat #1 is the button
Seat 1: stuart1973 ($130.49 in chips)
Seat 2: ChrisTuff ($148.70 in chips)
stuart1973: posts small blind $1
ChrisTuff: posts big blind $3
*** HOLE CARDS ***
stuart1973: raises $3 to $6
ChrisTuff: raises $3 to $9
stuart1973: calls $3
*** FLOP *** [8h Kc 7s]
ChrisTuff: bets $3
stuart1973: calls $3
*** TURN *** [8h Kc 7s] [8c]
ChrisTuff: bets $6
stuart1973: calls $6
*** RIVER *** [8h Kc 7s 8c] [5c]
ChrisTuff: bets $6
stuart1973: raises $6 to $12
ChrisTuff: folds
Uncalled bet ($6) returned to stuart1973
stuart1973 collected $47.50 from pot
*** SUMMARY ***
Total pot $48 | Rake $0.50
Board [8h Kc 7s 8c 5c]
Seat 1: stuart1973 (button) (small blind) collected ($47.50)
Seat 2: ChrisTuff (big blind) folded on the River


PokerStars Hand #147899589480:  Hold'em Limit ($3/$6 USD) - 2016/01/29 17:15:46 ET
Table 'Zomba' 2-max Seat #2 is the button
Seat 1: stuart1973 ($139.49 in chips)
Seat 2: ChrisTuff ($140.06 in chips)
ChrisTuff: posts small blind $1
stuart1973: posts big blind $3
*** HOLE CARDS ***
ChrisTuff: raises $3 to $6
stuart1973: calls $3
*** FLOP *** [6c 3h 8d]
stuart1973: checks
ChrisTuff: bets $3
stuart1973: calls $3
*** TURN *** [6c 3h 8d] [8c]
stuart1973: checks
ChrisTuff: bets $6
stuart1973: folds
Uncalled bet ($6) returned to ChrisTuff
ChrisTuff collected $17.64 from pot
ChrisTuff: doesn't show hand
*** SUMMARY ***
Total pot $18 | Rake $0.36
Board [6c 3h 8d 8c]
Seat 1: stuart1973 (big blind) folded on the Turn
Seat 2: ChrisTuff (button) (small blind) collected ($17.64)


PokerStars Hand #147899690768:  Hold'em Limit ($3/$6 USD) - 2016/01/29 17:17:28 ET
Table 'Zomba' 2-max Seat #2 is the button
Seat 1: stuart1973 ($110.99 in chips)
Seat 2: ChrisTuff ($166.24 in chips)
ChrisTuff: posts small blind $1
stuart1973: posts big blind $3
*** HOLE CARDS ***
ChrisTuff: raises $3 to $6
stuart1973: raises $3 to $9
ChrisTuff: calls $3
*** FLOP *** [6c Qh 6h]
stuart1973: bets $3
ChrisTuff: calls $3
*** TURN *** [6c Qh 6h] [4d]
stuart1973: bets $6
ChrisTuff: folds
Uncalled bet ($6) returned to stuart1973
stuart1973 collected $23.52 from pot
*** SUMMARY ***
Total pot $24 | Rake $0.48
Board [6c Qh 6h 4d]
Seat 1: stuart1973 (big blind) collected ($23.52)
Seat 2: ChrisTuff (button) (small blind) folded on the Turn


PokerStars Hand #147899663924:  Hold'em Limit ($3/$6 USD) - 2016/01/29 17:17:01 ET
Table 'Zomba' 2-max Seat #1 is the button
Seat 1: stuart1973 ($116.99 in chips)
Seat 2: ChrisTuff ($160.48 in chips)
stuart1973: posts small blind $1
ChrisTuff: posts big blind $3
*** HOLE CARDS ***
stuart1973: raises $3 to $6
ChrisTuff: calls $3
*** FLOP *** [Ad 5s Th]
ChrisTuff: checks
stuart1973: checks
*** TURN *** [Ad 5s Th] [3c]
ChrisTuff: bets $6
stuart1973: folds
Uncalled bet ($6) returned to ChrisTuff
ChrisTuff collected $11.76 from pot
ChrisTuff: doesn't show hand
*** SUMMARY ***
Total pot $12 | Rake $0.24
Board [Ad 5s Th 3c]
Seat 1: stuart1973 (button) (small blind) folded on the Turn
Seat 2: ChrisTuff (big blind) collected ($11.76)


PokerStars Hand #147899656223:  Hold'em Limit ($3/$6 USD) - 2016/01/29 17:16:53 ET
Table 'Zomba' 2-max Seat #2 is the button
Seat 1: stuart1973 ($122.99 in chips)
Seat 2: ChrisTuff ($154.72 in chips)
ChrisTuff: posts small blind $1
stuart1973: posts big blind $3
*** HOLE CARDS ***
ChrisTuff: raises $3 to $6
stuart1973: calls $3
*** FLOP *** [3h 2c Ks]
stuart1973: checks
ChrisTuff: bets $3
stuart1973: folds
Uncalled bet ($3) returned to ChrisTuff
ChrisTuff collected $11.76 from pot
ChrisTuff: doesn't show hand
*** SUMMARY ***
Total pot $12 | Rake $0.24
Board [3h 2c Ks]
Seat 1: stuart1973 (big blind) folded on the Flop
Seat 2: ChrisTuff (button) (small blind) collected ($11.76)


PokerStars Hand #147899763480:  Hold'em Limit ($3/$6 USD) - 2016/01/29 17:18:40 ET
Table 'Zomba' 2-max Seat #1 is the button
Seat 1: stuart1973 ($97.15 in chips)
Seat 2: ChrisTuff ($178.26 in chips)
stuart1973: posts small blind $1
ChrisTuff: posts big blind $3
*** HOLE CARDS ***
stuart1973: raises $3 to $6
ChrisTuff: calls $3
*** FLOP *** [7c 6s Td]
ChrisTuff: checks
stuart1973: bets $3
ChrisTuff: raises $3 to $6
stuart1973: calls $3
*** TURN *** [7c 6s Td] [Js]
ChrisTuff: bets $6
stuart1973: calls $6
*** RIVER *** [7c 6s Td Js] [5h]
ChrisTuff: bets $6
stuart1973: folds
Uncalled bet ($6) returned to ChrisTuff
ChrisTuff collected $35.50 from pot
ChrisTuff: doesn't show hand
*** SUMMARY ***
Total pot $36 | Rake $0.50
Board [7c 6s Td Js 5h]
Seat 1: stuart1973 (button) (small blind) folded on the River
Seat 2: ChrisTuff (big blind) collected ($35.50)


PokerStars Hand #147899753780:  Hold'em Limit ($3/$6 USD) - 2016/01/29 17:18:31 ET
Table 'Zomba' 2-max Seat #2 is the button
Seat 1: stuart1973 ($103.15 in chips)
Seat 2: ChrisTuff ($172.50 in chips)
ChrisTuff: posts small blind $1
stuart1973: posts big blind $3
*** HOLE CARDS ***
ChrisTuff: raises $3 to $6
stuart1973: calls $3
*** FLOP *** [5c Kh Td]
stuart1973: checks
ChrisTuff: bets $3
stuart1973: folds
Uncalled bet ($3) returned to ChrisTuff
ChrisTuff collected $11.76 from pot
ChrisTuff: doesn't show hand
*** SUMMARY ***
Total pot $12 | Rake $0.24
Board [5c Kh Td]
Seat 1: stuart1973 (big blind) folded on the Flop
Seat 2: ChrisTuff (button) (small blind) collected ($11.76)


PokerStars Hand #147899747244:  Hold'em Limit ($3/$6 USD) - 2016/01/29 17:18:24 ET
Table 'Zomba' 2-max Seat #1 is the button
Seat 1: stuart1973 ($100.15 in chips)
Seat 2: ChrisTuff ($175.50 in chips)
stuart1973: posts small blind $1
ChrisTuff: posts big blind $3
*** HOLE CARDS ***
stuart1973: raises $3 to $6
ChrisTuff: folds
Uncalled bet ($3) returned to stuart1973
stuart1973 collected $6 from pot
*** SUMMARY ***
Total pot $6 | Rake $0
Seat 1: stuart1973 (button) (small blind) collected ($6)
Seat 2: ChrisTuff (big blind) folded before Flop


PokerStars Hand #147899738839:  Hold'em Limit ($3/$6 USD) - 2016/01/29 17:18:16 ET
Table 'Zomba' 2-max Seat #2 is the button
Seat 1: stuart1973 ($91.51 in chips)
Seat 2: ChrisTuff ($184.50 in chips)
ChrisTuff: posts small blind $1
stuart1973: posts big blind $3
*** HOLE CARDS ***
ChrisTuff: raises $3 to $6
stuart1973: raises $3 to $9
ChrisTuff: calls $3
*** FLOP *** [As 9d 9c]
stuart1973: bets $3
ChrisTuff: folds
Uncalled bet ($3) returned to stuart1973
stuart1973 collected $17.64 from pot
*** SUMMARY ***
Total pot $18 | Rake $0.36
Board [As 9d 9c]
Seat 1: stuart1973 (big blind) collected ($17.64)
Seat 2: ChrisTuff (button) (small blind) folded on the Flop


PokerStars Hand #147899734152:  Hold'em Limit ($3/$6 USD) - 2016/01/29 17:18:11 ET
Table 'Zomba' 2-max Seat #1 is the button
Seat 1: stuart1973 ($92.51 in chips)
Seat 2: ChrisTuff ($183.50 in chips)
stuart1973: posts small blind $1
ChrisTuff: posts big blind $3
*** HOLE CARDS ***
stuart1973: folds
Uncalled bet ($2) returned to ChrisTuff
ChrisTuff collected $2 from pot
ChrisTuff: doesn't show hand
*** SUMMARY ***
Total pot $2 | Rake $0
Seat 1: stuart1973 (button) (small blind) folded before Flop
Seat 2: ChrisTuff (big blind) collected ($2)


PokerStars Hand #147899723807:  Hold'em Limit ($3/$6 USD) - 2016/01/29 17:18:01 ET
Table 'Zomba' 2-max Seat #2 is the button
Seat 1: stuart1973 ($98.51 in chips)
Seat 2: ChrisTuff ($177.74 in chips)
ChrisTuff: posts small blind $1
stuart1973: posts big blind $3
*** HOLE CARDS ***
ChrisTuff: raises $3 to $6
stuart1973: calls $3
*** FLOP *** [5c Ts Th]
stuart1973: checks
ChrisTuff: bets $3
stuart1973: folds
Uncalled bet ($3) returned to ChrisTuff
ChrisTuff collected $11.76 from pot
ChrisTuff: doesn't show hand
*** SUMMARY ***
Total pot $12 | Rake $0.24
Board [5c Ts Th]
Seat 1: stuart1973 (big blind) folded on the Flop
Seat 2: ChrisTuff (button) (small blind) collected ($11.76)


PokerStars Hand #147899703960:  Hold'em Limit ($3/$6 USD) - 2016/01/29 17:17:41 ET
Table 'Zomba' 2-max Seat #1 is the button
Seat 1: stuart1973 ($122.51 in chips)
Seat 2: ChrisTuff ($154.24 in chips)
stuart1973: posts small blind $1
ChrisTuff: posts big blind $3
*** HOLE CARDS ***
stuart1973: raises $3 to $6
ChrisTuff: calls $3
*** FLOP *** [3h 6h 9d]
ChrisTuff: checks
stuart1973: bets $3
ChrisTuff: raises $3 to $6
stuart1973: calls $3
*** TURN *** [3h 6h 9d] [Ks]
ChrisTuff: bets $6
stuart1973: calls $6
*** RIVER *** [3h 6h 9d Ks] [Qc]
ChrisTuff: bets $6
stuart1973: calls $6
*** SHOW DOWN ***
ChrisTuff: shows [Kc 9s] (two pair, Kings and Nines)
stuart1973: mucks hand
ChrisTuff collected $47.50 from pot
*** SUMMARY ***
Total pot $48 | Rake $0.50
Board [3h 6h 9d Ks Qc]
Seat 1: stuart1973 (button) (small blind) mucked
Seat 2: ChrisTuff (big blind) showed [Kc 9s] and won ($47.50) with two pair, Kings and Nines


PokerStars Hand #147899808624:  Hold'em Limit ($3/$6 USD) - 2016/01/29 17:19:25 ET
Table 'Zomba' 2-max Seat #1 is the button
Seat 1: stuart1973 ($51.15 in chips)
Seat 2: ChrisTuff ($223.02 in chips)
stuart1973: posts small blind $1
ChrisTuff: posts big blind $3
*** HOLE CARDS ***
stuart1973: raises $3 to $6
ChrisTuff: raises $3 to $9
stuart1973: raises $3 to $12
Betting is capped
ChrisTuff: calls $3
*** FLOP *** [9s 6c 6d]
ChrisTuff: checks
stuart1973: bets $3
ChrisTuff: calls $3
*** TURN *** [9s 6c 6d] [Ks]
ChrisTuff: checks
stuart1973: bets $6
ChrisTuff: calls $6
*** RIVER *** [9s 6c 6d Ks] [Th]
ChrisTuff: checks
stuart1973: bets $6
ChrisTuff: calls $6
*** SHOW DOWN ***
stuart1973: shows [Kc Ah] (two pair, Kings and Sixes)
ChrisTuff: mucks hand
stuart1973 collected $53.50 from pot
*** SUMMARY ***
Total pot $54 | Rake $0.50
Board [9s 6c 6d Ks Th]
Seat 1: stuart1973 (button) (small blind) showed [Kc Ah] and won ($53.50) with two pair, Kings and Sixes
Seat 2: ChrisTuff (big blind) mucked


PokerStars Hand #147899799932:  Hold'em Limit ($3/$6 USD) - 2016/01/29 17:19:17 ET
Table 'Zomba' 2-max Seat #2 is the button
Seat 1: stuart1973 ($57.15 in chips)
Seat 2: ChrisTuff ($217.26 in chips)
ChrisTuff: posts small blind $1
stuart1973: posts big blind $3
*** HOLE CARDS ***
ChrisTuff: raises $3 to $6
stuart1973: calls $3
*** FLOP *** [As 5c Qd]
stuart1973: checks
ChrisTuff: bets $3
stuart1973: folds
Uncalled bet ($3) returned to ChrisTuff
ChrisTuff collected $11.76 from pot
ChrisTuff: doesn't show hand
*** SUMMARY ***
Total pot $12 | Rake $0.24
Board [As 5c Qd]
Seat 1: stuart1973 (big blind) folded on the Flop
Seat 2: ChrisTuff (button) (small blind) collected ($11.76)


PokerStars Hand #147899795282:  Hold'em Limit ($3/$6 USD) - 2016/01/29 17:19:12 ET
Table 'Zomba' 2-max Seat #1 is the button
Seat 1: stuart1973 ($58.15 in chips)
Seat 2: ChrisTuff ($216.26 in chips)
stuart1973: posts small blind $1
ChrisTuff: posts big blind $3
*** HOLE CARDS ***
stuart1973: folds
Uncalled bet ($2) returned to ChrisTuff
ChrisTuff collected $2 from pot
ChrisTuff: doesn't show hand
*** SUMMARY ***
Total pot $2 | Rake $0
Seat 1: stuart1973 (button) (small blind) folded before Flop
Seat 2: ChrisTuff (big blind) collected ($2)


PokerStars Hand #147899778281:  Hold'em Limit ($3/$6 USD) - 2016/01/29 17:18:55 ET
Table 'Zomba' 2-max Seat #2 is the button
Seat 1: stuart1973 ($79.15 in chips)
Seat 2: ChrisTuff ($195.76 in chips)
ChrisTuff: posts small blind $1
stuart1973: posts big blind $3
*** HOLE CARDS ***
ChrisTuff: raises $3 to $6
stuart1973: calls $3
*** FLOP *** [5s Ks Td]
stuart1973: checks
ChrisTuff: bets $3
stuart1973: calls $3
*** TURN *** [5s Ks Td] [5c]
stuart1973: checks
ChrisTuff: bets $6
stuart1973: calls $6
*** RIVER *** [5s Ks Td 5c] [Jh]
stuart1973: checks
ChrisTuff: bets $6
stuart1973: calls $6
*** SHOW DOWN ***
ChrisTuff: shows [Kc Kd] (a full house, Kings full of Fives)
stuart1973: mucks hand
ChrisTuff collected $41.50 from pot
*** SUMMARY ***
Total pot $42 | Rake $0.50
Board [5s Ks Td 5c Jh]
Seat 1: stuart1973 (big blind) mucked
Seat 2: ChrisTuff (button) (small blind) showed [Kc Kd] and won ($41.50) with a full house, Kings full of Fives


PokerStars Hand #147899888693:  Hold'em Limit ($3/$6 USD) - 2016/01/29 17:20:45 ET
Table 'Zomba' 2-max Seat #1 is the button
Seat 1: stuart1973 ($81.15 in chips)
Seat 2: ChrisTuff ($191.54 in chips)
stuart1973: posts small blind $1
ChrisTuff: posts big blind $3
*** HOLE CARDS ***
stuart1973: folds
Uncalled bet ($2) returned to ChrisTuff
ChrisTuff collected $2 from pot
ChrisTuff: doesn't show hand
*** SUMMARY ***
Total pot $2 | Rake $0
Seat 1: stuart1973 (button) (small blind) folded before Flop
Seat 2: ChrisTuff (big blind) collected ($2)


PokerStars Hand #147899884212:  Hold'em Limit ($3/$6 USD) - 2016/01/29 17:20:41 ET
Table 'Zomba' 2-max Seat #2 is the button
Seat 1: stuart1973 ($80.15 in chips)
Seat 2: ChrisTuff ($192.54 in chips)
ChrisTuff: posts small blind $1
stuart1973: posts big blind $3
*** HOLE CARDS ***
ChrisTuff: folds
Uncalled bet ($2) returned to stuart1973
stuart1973 collected $2 from pot
*** SUMMARY ***
Total pot $2 | Rake $0
Seat 1: stuart1973 (big blind) collected ($2)
Seat 2: ChrisTuff (button) (small blind) folded before Flop


PokerStars Hand #147899872000:  Hold'em Limit ($3/$6 USD) - 2016/01/29 17:20:29 ET
Table 'Zomba' 2-max Seat #1 is the button
Seat 1: stuart1973 ($92.15 in chips)
Seat 2: ChrisTuff ($181.02 in chips)
stuart1973: posts small blind $1
ChrisTuff: posts big blind $3
*** HOLE CARDS ***
stuart1973: raises $3 to $6
ChrisTuff: raises $3 to $9
stuart1973: calls $3
*** FLOP *** [4d Ac 2c]
ChrisTuff: bets $3
stuart1973: calls $3
*** TURN *** [4d Ac 2c] [Ad]
ChrisTuff: bets $6
stuart1973: folds
Uncalled bet ($6) returned to ChrisTuff
ChrisTuff collected $23.52 from pot
ChrisTuff: doesn't show hand
*** SUMMARY ***
Total pot $24 | Rake $0.48
Board [4d Ac 2c Ad]
Seat 1: stuart1973 (button) (small blind) folded on the Turn
Seat 2: ChrisTuff (big blind) collected ($23.52)


PokerStars Hand #147899838123:  Hold'em Limit ($3/$6 USD) - 2016/01/29 17:19:55 ET
Table 'Zomba' 2-max Seat #2 is the button
Seat 1: stuart1973 ($77.65 in chips)
Seat 2: ChrisTuff ($196.02 in chips)
ChrisTuff: posts small blind $1
stuart1973: posts big blind $3
*** HOLE CARDS ***
ChrisTuff: raises $3 to $6
stuart1973: calls $3
*** FLOP *** [2s 6s 6d]
stuart1973: checks
ChrisTuff: bets $3
stuart1973: calls $3
*** TURN *** [2s 6s 6d] [8s]
stuart1973: checks
ChrisTuff: bets $6
stuart1973: raises $6 to $12
ChrisTuff: folds
Uncalled bet ($6) returned to stuart1973
stuart1973 collected $29.50 from pot
*** SUMMARY ***
Total pot $30 | Rake $0.50
Board [2s 6s 6d 8s]
Seat 1: stuart1973 (big blind) collected ($29.50)
Seat 2: ChrisTuff (button) (small blind) folded on the Turn


PokerStars Hand #147899944555:  Hold'em Limit ($3/$6 USD) - 2016/01/29 17:21:42 ET
Table 'Zomba' 2-max Seat #1 is the button
Seat 1: stuart1973 ($96.41 in chips)
Seat 2: ChrisTuff ($175.06 in chips)
stuart1973: posts small blind $1
ChrisTuff: posts big blind $3
*** HOLE CARDS ***
stuart1973: raises $3 to $6
ChrisTuff: raises $3 to $9
stuart1973: calls $3
*** FLOP *** [Qd 2c 5h]
ChrisTuff: bets $3
stuart1973: folds
Uncalled bet ($3) returned to ChrisTuff
ChrisTuff collected $17.64 from pot
ChrisTuff: doesn't show hand
*** SUMMARY ***
Total pot $18 | Rake $0.36
Board [Qd 2c 5h]
Seat 1: stuart1973 (button) (small blind) folded on the Flop
Seat 2: ChrisTuff (big blind) collected ($17.64)


PokerStars Hand #147899930111:  Hold'em Limit ($3/$6 USD) - 2016/01/29 17:21:27 ET
Table 'Zomba' 2-max Seat #2 is the button
Seat 1: stuart1973 ($72.91 in chips)
Seat 2: ChrisTuff ($199.06 in chips)
ChrisTuff: posts small blind $1
stuart1973: posts big blind $3
*** HOLE CARDS ***
ChrisTuff: raises $3 to $6
stuart1973: calls $3
*** FLOP *** [4h 7d Js]
stuart1973: bets $3
ChrisTuff: raises $3 to $6
stuart1973: calls $3
*** TURN *** [4h 7d Js] [Th]
stuart1973: bets $6
ChrisTuff: calls $6
*** RIVER *** [4h 7d Js Th] [Ts]
stuart1973: bets $6
ChrisTuff: calls $6
*** SHOW DOWN ***
stuart1973: shows [5s Jc] (two pair, Jacks and Tens)
ChrisTuff: mucks hand
stuart1973 collected $47.50 from pot
*** SUMMARY ***
Total pot $48 | Rake $0.50
Board [4h 7d Js Th Ts]
Seat 1: stuart1973 (big blind) showed [5s Jc] and won ($47.50) with two pair, Jacks and Tens
Seat 2: ChrisTuff (button) (small blind) mucked


PokerStars Hand #147899924704:  Hold'em Limit ($3/$6 USD) - 2016/01/29 17:21:22 ET
Table 'Zomba' 2-max Seat #1 is the button
Seat 1: stuart1973 ($73.91 in chips)
Seat 2: ChrisTuff ($198.06 in chips)
stuart1973: posts small blind $1
ChrisTuff: posts big blind $3
*** HOLE CARDS ***
stuart1973: folds
Uncalled bet ($2) returned to ChrisTuff
ChrisTuff collected $2 from pot
ChrisTuff: doesn't show hand
*** SUMMARY ***
Total pot $2 | Rake $0
Seat 1: stuart1973 (button) (small blind) folded before Flop
Seat 2: ChrisTuff (big blind) collected ($2)


PokerStars Hand #147899915600:  Hold'em Limit ($3/$6 USD) - 2016/01/29 17:21:12 ET
Table 'Zomba' 2-max Seat #2 is the button
Seat 1: stuart1973 ($79.91 in chips)
Seat 2: ChrisTuff ($192.30 in chips)
ChrisTuff: posts small blind $1
stuart1973: posts big blind $3
*** HOLE CARDS ***
ChrisTuff: raises $3 to $6
stuart1973: calls $3
*** FLOP *** [9h 7h 5s]
stuart1973: checks
ChrisTuff: bets $3
stuart1973: folds
Uncalled bet ($3) returned to ChrisTuff
ChrisTuff collected $11.76 from pot
ChrisTuff: doesn't show hand
*** SUMMARY ***
Total pot $12 | Rake $0.24
Board [9h 7h 5s]
Seat 1: stuart1973 (big blind) folded on the Flop
Seat 2: ChrisTuff (button) (small blind) collected ($11.76)


PokerStars Hand #147899902986:  Hold'em Limit ($3/$6 USD) - 2016/01/29 17:21:00 ET
Table 'Zomba' 2-max Seat #1 is the button
Seat 1: stuart1973 ($74.15 in chips)
Seat 2: ChrisTuff ($198.30 in chips)
stuart1973: posts small blind $1
ChrisTuff: posts big blind $3
*** HOLE CARDS ***
stuart1973: raises $3 to $6
ChrisTuff: calls $3
*** FLOP *** [2s Ac 4h]
ChrisTuff: checks
stuart1973: checks
*** TURN *** [2s Ac 4h] [6s]
ChrisTuff: checks
stuart1973: bets $6
ChrisTuff: folds
Uncalled bet ($6) returned to stuart1973
stuart1973 collected $11.76 from pot
*** SUMMARY ***
Total pot $12 | Rake $0.24
Board [2s Ac 4h 6s]
Seat 1: stuart1973 (button) (small blind) collected ($11.76)
Seat 2: ChrisTuff (big blind) folded on the Turn


PokerStars Hand #147899894258:  Hold'em Limit ($3/$6 USD) - 2016/01/29 17:20:51 ET
Table 'Zomba' 2-max Seat #2 is the button
Seat 1: stuart1973 ($80.15 in chips)
Seat 2: ChrisTuff ($192.54 in chips)
ChrisTuff: posts small blind $1
stuart1973: posts big blind $3
*** HOLE CARDS ***
ChrisTuff: raises $3 to $6
stuart1973: calls $3
*** FLOP *** [9s 6d 2s]
stuart1973: checks
ChrisTuff: bets $3
stuart1973: folds
Uncalled bet ($3) returned to ChrisTuff
ChrisTuff collected $11.76 from pot
ChrisTuff: doesn't show hand
*** SUMMARY ***
Total pot $12 | Rake $0.24
Board [9s 6d 2s]
Seat 1: stuart1973 (big blind) folded on the Flop
Seat 2: ChrisTuff (button) (small blind) collected ($11.76)


PokerStars Hand #147899996177:  Hold'em Limit ($3/$6 USD) - 2016/01/29 17:22:34 ET
Table 'Zomba' 2-max Seat #2 is the button
Seat 1: stuart1973 ($90.81 in chips)
Seat 2: ChrisTuff ($179.22 in chips)
ChrisTuff: posts small blind $1
stuart1973: posts big blind $3
*** HOLE CARDS ***
ChrisTuff: raises $3 to $6
stuart1973: raises $3 to $9
ChrisTuff: calls $3
*** FLOP *** [Jd 5h As]
stuart1973: bets $3
ChrisTuff: calls $3
*** TURN *** [Jd 5h As] [9c]
stuart1973: checks
ChrisTuff: bets $6
stuart1973: calls $6
*** RIVER *** [Jd 5h As 9c] [2d]
stuart1973: checks
ChrisTuff: bets $6
stuart1973: folds
Uncalled bet ($6) returned to ChrisTuff
ChrisTuff collected $35.50 from pot
ChrisTuff: doesn't show hand
*** SUMMARY ***
Total pot $36 | Rake $0.50
Board [Jd 5h As 9c 2d]
Seat 1: stuart1973 (big blind) folded on the River
Seat 2: ChrisTuff (button) (small blind) collected ($35.50)


PokerStars Hand #147899987705:  Hold'em Limit ($3/$6 USD) - 2016/01/29 17:22:25 ET
Table 'Zomba' 2-max Seat #1 is the button
Seat 1: stuart1973 ($85.05 in chips)
Seat 2: ChrisTuff ($185.22 in chips)
stuart1973: posts small blind $1
ChrisTuff: posts big blind $3
*** HOLE CARDS ***
stuart1973: raises $3 to $6
ChrisTuff: calls $3
*** FLOP *** [8d Kh 4c]
ChrisTuff: checks
stuart1973: bets $3
ChrisTuff: folds
Uncalled bet ($3) returned to stuart1973
stuart1973 collected $11.76 from pot
*** SUMMARY ***
Total pot $12 | Rake $0.24
Board [8d Kh 4c]
Seat 1: stuart1973 (button) (small blind) collected ($11.76)
Seat 2: ChrisTuff (big blind) folded on the Flop


PokerStars Hand #147899982396:  Hold'em Limit ($3/$6 USD) - 2016/01/29 17:22:20 ET
Table 'Zomba' 2-max Seat #2 is the button
Seat 1: stuart1973 ($84.05 in chips)
Seat 2: ChrisTuff ($186.22 in chips)
ChrisTuff: posts small blind $1
stuart1973: posts big blind $3
*** HOLE CARDS ***
ChrisTuff: folds
Uncalled bet ($2) returned to stuart1973
stuart1973 collected $2 from pot
*** SUMMARY ***
Total pot $2 | Rake $0
Seat 1: stuart1973 (big blind) collected ($2)
Seat 2: ChrisTuff (button) (small blind) folded before Flop


PokerStars Hand #147899969217:  Hold'em Limit ($3/$6 USD) - 2016/01/29 17:22:07 ET
Table 'Zomba' 2-max Seat #1 is the button
Seat 1: stuart1973 ($96.05 in chips)
Seat 2: ChrisTuff ($174.70 in chips)
stuart1973: posts small blind $1
ChrisTuff: posts big blind $3
*** HOLE CARDS ***
stuart1973: raises $3 to $6
ChrisTuff: calls $3
*** FLOP *** [Jd 7h As]
ChrisTuff: checks
stuart1973: checks
*** TURN *** [Jd 7h As] [6c]
ChrisTuff: bets $6
stuart1973: calls $6
*** RIVER *** [Jd 7h As 6c] [4s]
ChrisTuff: bets $6
stuart1973: folds
Uncalled bet ($6) returned to ChrisTuff
ChrisTuff collected $23.52 from pot
ChrisTuff: doesn't show hand
*** SUMMARY ***
Total pot $24 | Rake $0.48
Board [Jd 7h As 6c 4s]
Seat 1: stuart1973 (button) (small blind) folded on the River
Seat 2: ChrisTuff (big blind) collected ($23.52)


PokerStars Hand #147899954895:  Hold'em Limit ($3/$6 USD) - 2016/01/29 17:21:52 ET
Table 'Zomba' 2-max Seat #2 is the button
Seat 1: stuart1973 ($87.41 in chips)
Seat 2: ChrisTuff ($183.70 in chips)
ChrisTuff: posts small blind $1
stuart1973: posts big blind $3
*** HOLE CARDS ***
ChrisTuff: raises $3 to $6
stuart1973: calls $3
*** FLOP *** [8c Jc 9c]
stuart1973: checks
ChrisTuff: bets $3
stuart1973: calls $3
*** TURN *** [8c Jc 9c] [Ah]
stuart1973: checks
ChrisTuff: checks
*** RIVER *** [8c Jc 9c Ah] [Jd]
stuart1973: bets $6
ChrisTuff: folds
Uncalled bet ($6) returned to stuart1973
stuart1973 collected $17.64 from pot
*** SUMMARY ***
Total pot $18 | Rake $0.36
Board [8c Jc 9c Ah Jd]
Seat 1: stuart1973 (big blind) collected ($17.64)
Seat 2: ChrisTuff (button) (small blind) folded on the River


PokerStars Hand #147900054352:  Hold'em Limit ($3/$6 USD) - 2016/01/29 17:23:33 ET
Table 'Zomba' 2-max Seat #1 is the button
Seat 1: stuart1973 ($59.33 in chips)
Seat 2: ChrisTuff ($208.86 in chips)
stuart1973: posts small blind $1
ChrisTuff: posts big blind $3
*** HOLE CARDS ***
stuart1973: raises $3 to $6
ChrisTuff: raises $3 to $9
stuart1973: calls $3
*** FLOP *** [Jc Ac 8d]
ChrisTuff: bets $3
stuart1973: calls $3
*** TURN *** [Jc Ac 8d] [7d]
ChrisTuff: bets $6
stuart1973: raises $6 to $12
ChrisTuff: calls $6
*** RIVER *** [Jc Ac 8d 7d] [Jh]
ChrisTuff: checks
stuart1973: bets $6
ChrisTuff: calls $6
*** SHOW DOWN ***
stuart1973: shows [Ts 9h] (a straight, Seven to Jack)
ChrisTuff: mucks hand
stuart1973 collected $59.50 from pot
*** SUMMARY ***
Total pot $60 | Rake $0.50
Board [Jc Ac 8d 7d Jh]
Seat 1: stuart1973 (button) (small blind) showed [Ts 9h] and won ($59.50) with a straight, Seven to Jack
Seat 2: ChrisTuff (big blind) mucked


PokerStars Hand #147900041004:  Hold'em Limit ($3/$6 USD) - 2016/01/29 17:23:19 ET
Table 'Zomba' 2-max Seat #2 is the button
Seat 1: stuart1973 ($74.33 in chips)
Seat 2: ChrisTuff ($194.36 in chips)
ChrisTuff: posts small blind $1
stuart1973: posts big blind $3
*** HOLE CARDS ***
ChrisTuff: raises $3 to $6
stuart1973: calls $3
*** FLOP *** [Jc 6s 2s]
stuart1973: checks
ChrisTuff: bets $3
stuart1973: calls $3
*** TURN *** [Jc 6s 2s] [Js]
stuart1973: checks
ChrisTuff: bets $6
stuart1973: calls $6
*** RIVER *** [Jc 6s 2s Js] [Kh]
stuart1973: checks
ChrisTuff: bets $6
stuart1973: folds
Uncalled bet ($6) returned to ChrisTuff
ChrisTuff collected $29.50 from pot
ChrisTuff: doesn't show hand
*** SUMMARY ***
Total pot $30 | Rake $0.50
Board [Jc 6s 2s Js Kh]
Seat 1: stuart1973 (big blind) folded on the River
Seat 2: ChrisTuff (button) (small blind) collected ($29.50)


PokerStars Hand #147900036348:  Hold'em Limit ($3/$6 USD) - 2016/01/29 17:23:15 ET
Table 'Zomba' 2-max Seat #1 is the button
Seat 1: stuart1973 ($75.33 in chips)
Seat 2: ChrisTuff ($193.36 in chips)
stuart1973: posts small blind $1
ChrisTuff: posts big blind $3
*** HOLE CARDS ***
stuart1973: folds
Uncalled bet ($2) returned to ChrisTuff
ChrisTuff collected $2 from pot
ChrisTuff: doesn't show hand
*** SUMMARY ***
Total pot $2 | Rake $0
Seat 1: stuart1973 (button) (small blind) folded before Flop
Seat 2: ChrisTuff (big blind) collected ($2)


PokerStars Hand #147900011959:  Hold'em Limit ($3/$6 USD) - 2016/01/29 17:22:50 ET
Table 'Zomba' 2-max Seat #1 is the button
Seat 1: stuart1973 ($72.81 in chips)
Seat 2: ChrisTuff ($196.72 in chips)
stuart1973: posts small blind $1
ChrisTuff: posts big blind $3
*** HOLE CARDS ***
stuart1973: calls $2
ChrisTuff: checks
*** FLOP *** [5s 8s 2d]
ChrisTuff: bets $3
stuart1973: calls $3
*** TURN *** [5s 8s 2d] [Th]
ChrisTuff: checks
stuart1973: checks
*** RIVER *** [5s 8s 2d Th] [3c]
ChrisTuff: checks
stuart1973: bets $6
ChrisTuff: calls $6
*** SHOW DOWN ***
stuart1973: shows [5h Qd] (a pair of Fives)
ChrisTuff: mucks hand
stuart1973 collected $23.52 from pot
*** SUMMARY ***
Total pot $24 | Rake $0.48
Board [5s 8s 2d Th 3c]
Seat 1: stuart1973 (button) (small blind) showed [5h Qd] and won ($23.52) with a pair of Fives
Seat 2: ChrisTuff (big blind) mucked


PokerStars Hand #147900026106:  Hold'em Limit ($3/$6 USD) - 2016/01/29 17:23:04 ET
Table 'Zomba' 2-max Seat #2 is the button
Seat 1: stuart1973 ($84.33 in chips)
Seat 2: ChrisTuff ($184.72 in chips)
ChrisTuff: posts small blind $1
stuart1973: posts big blind $3
*** HOLE CARDS ***
ChrisTuff: raises $3 to $6
stuart1973: calls $3
*** FLOP *** [7c Ts Kh]
stuart1973: checks
ChrisTuff: bets $3
stuart1973: calls $3
*** TURN *** [7c Ts Kh] [3d]
stuart1973: checks
ChrisTuff: bets $6
stuart1973: folds
Uncalled bet ($6) returned to ChrisTuff
ChrisTuff collected $17.64 from pot
ChrisTuff: doesn't show hand
*** SUMMARY ***
Total pot $18 | Rake $0.36
Board [7c Ts Kh 3d]
Seat 1: stuart1973 (big blind) folded on the Turn
Seat 2: ChrisTuff (button) (small blind) collected ($17.64)


PokerStars Hand #147900069465:  Hold'em Limit ($3/$6 USD) - 2016/01/29 17:23:48 ET
Table 'Zomba' 2-max Seat #2 is the button
Seat 1: stuart1973 ($88.83 in chips)
Seat 2: ChrisTuff ($178.86 in chips)
ChrisTuff: posts small blind $1
stuart1973: posts big blind $3
*** HOLE CARDS ***
ChrisTuff: raises $3 to $6
stuart1973: raises $3 to $9
ChrisTuff: calls $3
*** FLOP *** [Th Qc 5d]
stuart1973: checks
ChrisTuff: checks
*** TURN *** [Th Qc 5d] [3h]
stuart1973: bets $6
ChrisTuff: calls $6
*** RIVER *** [Th Qc 5d 3h] [Jd]
stuart1973: checks
ChrisTuff: checks
*** SHOW DOWN ***
stuart1973: shows [7d Ah] (high card Ace)
ChrisTuff: mucks hand
stuart1973 collected $29.50 from pot
*** SUMMARY ***
Total pot $30 | Rake $0.50
Board [Th Qc 5d 3h Jd]
Seat 1: stuart1973 (big blind) showed [7d Ah] and won ($29.50) with high card Ace
Seat 2: ChrisTuff (button) (small blind) mucked


PokerStars Hand #147900083053:  Hold'em Limit ($3/$6 USD) - 2016/01/29 17:24:02 ET
Table 'Zomba' 2-max Seat #1 is the button
Seat 1: stuart1973 ($103.33 in chips)
Seat 2: ChrisTuff ($163.86 in chips)
stuart1973: posts small blind $1
ChrisTuff: posts big blind $3
*** HOLE CARDS ***
stuart1973: calls $2
ChrisTuff: checks
*** FLOP *** [Ac 5d 8h]
ChrisTuff: bets $3
stuart1973: calls $3
*** TURN *** [Ac 5d 8h] [8d]
ChrisTuff: checks
stuart1973: checks
*** RIVER *** [Ac 5d 8h 8d] [Kc]
ChrisTuff: checks
stuart1973: bets $6
ChrisTuff: calls $6
*** SHOW DOWN ***
stuart1973: shows [5h 4s] (two pair, Eights and Fives)
ChrisTuff: shows [Qc 5s] (two pair, Eights and Fives)
ChrisTuff collected $11.76 from pot
stuart1973 collected $11.76 from pot
*** SUMMARY ***
Total pot $24 | Rake $0.48
Board [Ac 5d 8h 8d Kc]
Seat 1: stuart1973 (button) (small blind) showed [5h 4s] and won ($11.76) with two pair, Eights and Fives
Seat 2: ChrisTuff (big blind) showed [Qc 5s] and won ($11.76) with two pair, Eights and Fives


PokerStars Hand #147900097929:  Hold'em Limit ($3/$6 USD) - 2016/01/29 17:24:17 ET
Table 'Zomba' 2-max Seat #2 is the button
Seat 1: stuart1973 ($103.09 in chips)
Seat 2: ChrisTuff ($163.62 in chips)
ChrisTuff: posts small blind $1
stuart1973: posts big blind $3
*** HOLE CARDS ***
ChrisTuff: raises $3 to $6
stuart1973: calls $3
*** FLOP *** [Kh 2c 5c]
stuart1973: checks
ChrisTuff: bets $3
stuart1973: calls $3
*** TURN *** [Kh 2c 5c] [Qh]
stuart1973: checks
ChrisTuff: bets $6
stuart1973: calls $6
*** RIVER *** [Kh 2c 5c Qh] [7c]
stuart1973: checks
ChrisTuff: bets $6
stuart1973: calls $6
*** SHOW DOWN ***
ChrisTuff: shows [Qs 4h] (a pair of Queens)
stuart1973: mucks hand
ChrisTuff collected $41.50 from pot
*** SUMMARY ***
Total pot $42 | Rake $0.50
Board [Kh 2c 5c Qh 7c]
Seat 1: stuart1973 (big blind) mucked
Seat 2: ChrisTuff (button) (small blind) showed [Qs 4h] and won ($41.50) with a pair of Queens


PokerStars Hand #147900114649:  Hold'em Limit ($3/$6 USD) - 2016/01/29 17:24:34 ET
Table 'Zomba' 2-max Seat #1 is the button
Seat 1: stuart1973 ($82.09 in chips)
Seat 2: ChrisTuff ($184.12 in chips)
stuart1973: posts small blind $1
ChrisTuff: posts big blind $3
*** HOLE CARDS ***
stuart1973: folds
Uncalled bet ($2) returned to ChrisTuff
ChrisTuff collected $2 from pot
ChrisTuff: doesn't show hand
*** SUMMARY ***
Total pot $2 | Rake $0
Seat 1: stuart1973 (button) (small blind) folded before Flop
Seat 2: ChrisTuff (big blind) collected ($2)


PokerStars Hand #147900119215:  Hold'em Limit ($3/$6 USD) - 2016/01/29 17:24:39 ET
Table 'Zomba' 2-max Seat #2 is the button
Seat 1: stuart1973 ($81.09 in chips)
Seat 2: ChrisTuff ($185.12 in chips)
ChrisTuff: posts small blind $1
stuart1973: posts big blind $3
*** HOLE CARDS ***
ChrisTuff: raises $3 to $6
stuart1973: raises $3 to $9
ChrisTuff: calls $3
*** FLOP *** [Ad Jh 9h]
stuart1973: bets $3
ChrisTuff: folds
Uncalled bet ($3) returned to stuart1973
stuart1973 collected $17.64 from pot
*** SUMMARY ***
Total pot $18 | Rake $0.36
Board [Ad Jh 9h]
Seat 1: stuart1973 (big blind) collected ($17.64)
Seat 2: ChrisTuff (button) (small blind) folded on the Flop


PokerStars Hand #147900138768:  Hold'em Limit ($3/$6 USD) - 2016/01/29 17:24:58 ET
Table 'Zomba' 2-max Seat #2 is the button
Seat 1: stuart1973 ($101.25 in chips)
Seat 2: ChrisTuff ($164.12 in chips)
ChrisTuff: posts small blind $1
stuart1973: posts big blind $3
*** HOLE CARDS ***
ChrisTuff: raises $3 to $6
stuart1973: calls $3
*** FLOP *** [9d 4d 4h]
stuart1973: checks
ChrisTuff: bets $3
stuart1973: folds
Uncalled bet ($3) returned to ChrisTuff
ChrisTuff collected $11.76 from pot
ChrisTuff: doesn't show hand
*** SUMMARY ***
Total pot $12 | Rake $0.24
Board [9d 4d 4h]
Seat 1: stuart1973 (big blind) folded on the Flop
Seat 2: ChrisTuff (button) (small blind) collected ($11.76)


PokerStars Hand #147900128043:  Hold'em Limit ($3/$6 USD) - 2016/01/29 17:24:47 ET
Table 'Zomba' 2-max Seat #1 is the button
Seat 1: stuart1973 ($89.73 in chips)
Seat 2: ChrisTuff ($176.12 in chips)
stuart1973: posts small blind $1
ChrisTuff: posts big blind $3
*** HOLE CARDS ***
stuart1973: raises $3 to $6
ChrisTuff: raises $3 to $9
stuart1973: raises $3 to $12
Betting is capped
ChrisTuff: calls $3
*** FLOP *** [Kh 3c 3d]
ChrisTuff: checks
stuart1973: bets $3
ChrisTuff: folds
Uncalled bet ($3) returned to stuart1973
stuart1973 collected $23.52 from pot
*** SUMMARY ***
Total pot $24 | Rake $0.48
Board [Kh 3c 3d]
Seat 1: stuart1973 (button) (small blind) collected ($23.52)
Seat 2: ChrisTuff (big blind) folded on the Flop


PokerStars Hand #147900146758:  Hold'em Limit ($3/$6 USD) - 2016/01/29 17:25:06 ET
Table 'Zomba' 2-max Seat #1 is the button
Seat 1: stuart1973 ($95.25 in chips)
Seat 2: ChrisTuff ($169.88 in chips)
stuart1973: posts small blind $1
ChrisTuff: posts big blind $3
*** HOLE CARDS ***
stuart1973: folds
Uncalled bet ($2) returned to ChrisTuff
ChrisTuff collected $2 from pot
ChrisTuff: doesn't show hand
*** SUMMARY ***
Total pot $2 | Rake $0
Seat 1: stuart1973 (button) (small blind) folded before Flop
Seat 2: ChrisTuff (big blind) collected ($2)


PokerStars Hand #147900152541:  Hold'em Limit ($3/$6 USD) - 2016/01/29 17:25:12 ET
Table 'Zomba' 2-max Seat #2 is the button
Seat 1: stuart1973 ($94.25 in chips)
Seat 2: ChrisTuff ($170.88 in chips)
ChrisTuff: posts small blind $1
stuart1973: posts big blind $3
*** HOLE CARDS ***
ChrisTuff: raises $3 to $6
stuart1973: calls $3
*** FLOP *** [5h 5s Jc]
stuart1973: checks
ChrisTuff: bets $3
stuart1973: folds
Uncalled bet ($3) returned to ChrisTuff
ChrisTuff collected $11.76 from pot
ChrisTuff: doesn't show hand
*** SUMMARY ***
Total pot $12 | Rake $0.24
Board [5h 5s Jc]
Seat 1: stuart1973 (big blind) folded on the Flop
Seat 2: ChrisTuff (button) (small blind) collected ($11.76)


PokerStars Hand #147900182242:  Hold'em Limit ($3/$6 USD) - 2016/01/29 17:25:42 ET
Table 'Zomba' 2-max Seat #1 is the button
Seat 1: stuart1973 ($88.25 in chips)
Seat 2: ChrisTuff ($176.64 in chips)
stuart1973: posts small blind $1
ChrisTuff: posts big blind $3
*** HOLE CARDS ***
stuart1973: calls $2
ChrisTuff: checks
*** FLOP *** [Kc Ts 6d]
ChrisTuff: bets $3
stuart1973: folds
Uncalled bet ($3) returned to ChrisTuff
ChrisTuff collected $5.88 from pot
ChrisTuff: doesn't show hand
*** SUMMARY ***
Total pot $6 | Rake $0.12
Board [Kc Ts 6d]
Seat 1: stuart1973 (button) (small blind) folded on the Flop
Seat 2: ChrisTuff (big blind) collected ($5.88)


PokerStars Hand #147900227606:  Hold'em Limit ($3/$6 USD) - 2016/01/29 17:26:29 ET
Table 'Zomba' 2-max Seat #1 is the button
Seat 1: stuart1973 ($99.75 in chips)
Seat 2: ChrisTuff ($164.52 in chips)
stuart1973: posts small blind $1
ChrisTuff: posts big blind $3
*** HOLE CARDS ***
stuart1973: raises $3 to $6
ChrisTuff: calls $3
*** FLOP *** [7h Qs Kh]
ChrisTuff: checks
stuart1973: bets $3
ChrisTuff: folds
Uncalled bet ($3) returned to stuart1973
stuart1973 collected $11.76 from pot
*** SUMMARY ***
Total pot $12 | Rake $0.24
Board [7h Qs Kh]
Seat 1: stuart1973 (button) (small blind) collected ($11.76)
Seat 2: ChrisTuff (big blind) folded on the Flop


PokerStars Hand #147900210973:  Hold'em Limit ($3/$6 USD) - 2016/01/29 17:26:11 ET
Table 'Zomba' 2-max Seat #2 is the button
Seat 1: stuart1973 ($85.25 in chips)
Seat 2: ChrisTuff ($179.52 in chips)
ChrisTuff: posts small blind $1
stuart1973: posts big blind $3
*** HOLE CARDS ***
ChrisTuff: raises $3 to $6
stuart1973: calls $3
*** FLOP *** [3d 7s Ks]
stuart1973: checks
ChrisTuff: bets $3
stuart1973: calls $3
*** TURN *** [3d 7s Ks] [8s]
stuart1973: checks
ChrisTuff: bets $6
stuart1973: raises $6 to $12
ChrisTuff: folds
Uncalled bet ($6) returned to stuart1973
stuart1973 collected $29.50 from pot
*** SUMMARY ***
Total pot $30 | Rake $0.50
Board [3d 7s Ks 8s]
Seat 1: stuart1973 (big blind) collected ($29.50)
Seat 2: ChrisTuff (button) (small blind) folded on the Turn


PokerStars Hand #147900235372:  Hold'em Limit ($3/$6 USD) - 2016/01/29 17:26:37 ET
Table 'Zomba' 2-max Seat #2 is the button
Seat 1: stuart1973 ($105.51 in chips)
Seat 2: ChrisTuff ($158.52 in chips)
ChrisTuff: posts small blind $1
stuart1973: posts big blind $3
*** HOLE CARDS ***
ChrisTuff: raises $3 to $6
stuart1973: raises $3 to $9
ChrisTuff: calls $3
*** FLOP *** [8d Ad 3c]
stuart1973: bets $3
ChrisTuff: folds
Uncalled bet ($3) returned to stuart1973
stuart1973 collected $17.64 from pot
*** SUMMARY ***
Total pot $18 | Rake $0.36
Board [8d Ad 3c]
Seat 1: stuart1973 (big blind) collected ($17.64)
Seat 2: ChrisTuff (button) (small blind) folded on the Flop


PokerStars Hand #147900244726:  Hold'em Limit ($3/$6 USD) - 2016/01/29 17:26:46 ET
Table 'Zomba' 2-max Seat #1 is the button
Seat 1: stuart1973 ($114.15 in chips)
Seat 2: ChrisTuff ($149.52 in chips)
stuart1973: posts small blind $1
ChrisTuff: posts big blind $3
*** HOLE CARDS ***
stuart1973: raises $3 to $6
ChrisTuff: calls $3
*** FLOP *** [8d 6d Qc]
ChrisTuff: checks
stuart1973: bets $3
ChrisTuff: folds
Uncalled bet ($3) returned to stuart1973
stuart1973 collected $11.76 from pot
*** SUMMARY ***
Total pot $12 | Rake $0.24
Board [8d 6d Qc]
Seat 1: stuart1973 (button) (small blind) collected ($11.76)
Seat 2: ChrisTuff (big blind) folded on the Flop


PokerStars Hand #147900253953:  Hold'em Limit ($3/$6 USD) - 2016/01/29 17:26:56 ET
Table 'Zomba' 2-max Seat #2 is the button
Seat 1: stuart1973 ($119.91 in chips)
Seat 2: ChrisTuff ($143.52 in chips)
ChrisTuff: posts small blind $1
stuart1973: posts big blind $3
*** HOLE CARDS ***
ChrisTuff: raises $3 to $6
stuart1973: calls $3
*** FLOP *** [7c 2s 9s]
stuart1973: checks
ChrisTuff: bets $3
stuart1973: calls $3
*** TURN *** [7c 2s 9s] [2c]
stuart1973: checks
ChrisTuff: bets $6
stuart1973: calls $6
*** RIVER *** [7c 2s 9s 2c] [8d]
stuart1973: checks
ChrisTuff: bets $6
stuart1973: folds
Uncalled bet ($6) returned to ChrisTuff
ChrisTuff collected $29.50 from pot
ChrisTuff: doesn't show hand
*** SUMMARY ***
Total pot $30 | Rake $0.50
Board [7c 2s 9s 2c 8d]
Seat 1: stuart1973 (big blind) folded on the River
Seat 2: ChrisTuff (button) (small blind) collected ($29.50)


PokerStars Hand #147900271723:  Hold'em Limit ($3/$6 USD) - 2016/01/29 17:27:14 ET
Table 'Zomba' 2-max Seat #1 is the button
Seat 1: stuart1973 ($104.91 in chips)
Seat 2: ChrisTuff ($158.02 in chips)
stuart1973: posts small blind $1
ChrisTuff: posts big blind $3
*** HOLE CARDS ***
stuart1973: raises $3 to $6
ChrisTuff: calls $3
*** FLOP *** [8c 9d Ks]
ChrisTuff: checks
stuart1973: checks
*** TURN *** [8c 9d Ks] [4h]
ChrisTuff: checks
stuart1973: bets $6
ChrisTuff: folds
Uncalled bet ($6) returned to stuart1973
stuart1973 collected $11.76 from pot
*** SUMMARY ***
Total pot $12 | Rake $0.24
Board [8c 9d Ks 4h]
Seat 1: stuart1973 (button) (small blind) collected ($11.76)
Seat 2: ChrisTuff (big blind) folded on the Turn


PokerStars Hand #147900283487:  Hold'em Limit ($3/$6 USD) - 2016/01/29 17:27:26 ET
Table 'Zomba' 2-max Seat #2 is the button
Seat 1: stuart1973 ($110.67 in chips)
Seat 2: ChrisTuff ($152.02 in chips)
ChrisTuff: posts small blind $1
stuart1973: posts big blind $3
*** HOLE CARDS ***
ChrisTuff: folds
Uncalled bet ($2) returned to stuart1973
stuart1973 collected $2 from pot
*** SUMMARY ***
Total pot $2 | Rake $0
Seat 1: stuart1973 (big blind) collected ($2)
Seat 2: ChrisTuff (button) (small blind) folded before Flop


PokerStars Hand #147900287685:  Hold'em Limit ($3/$6 USD) - 2016/01/29 17:27:31 ET
Table 'Zomba' 2-max Seat #1 is the button
Seat 1: stuart1973 ($111.67 in chips)
Seat 2: ChrisTuff ($151.02 in chips)
stuart1973: posts small blind $1
ChrisTuff: posts big blind $3
*** HOLE CARDS ***
stuart1973: calls $2
ChrisTuff: raises $3 to $6
stuart1973: calls $3
*** FLOP *** [4s 2s As]
ChrisTuff: bets $3
stuart1973: calls $3
*** TURN *** [4s 2s As] [Ac]
ChrisTuff: bets $6
stuart1973: folds
Uncalled bet ($6) returned to ChrisTuff
ChrisTuff collected $17.64 from pot
ChrisTuff: doesn't show hand
*** SUMMARY ***
Total pot $18 | Rake $0.36
Board [4s 2s As Ac]
Seat 1: stuart1973 (button) (small blind) folded on the Turn
Seat 2: ChrisTuff (big blind) collected ($17.64)


PokerStars Hand #147900297755:  Hold'em Limit ($3/$6 USD) - 2016/01/29 17:27:41 ET
Table 'Zomba' 2-max Seat #2 is the button
Seat 1: stuart1973 ($102.67 in chips)
Seat 2: ChrisTuff ($159.66 in chips)
ChrisTuff: posts small blind $1
stuart1973: posts big blind $3
*** HOLE CARDS ***
ChrisTuff: raises $3 to $6
stuart1973: calls $3
*** FLOP *** [Qc Kd 8s]
stuart1973: checks
ChrisTuff: bets $3
stuart1973: calls $3
*** TURN *** [Qc Kd 8s] [Td]
stuart1973: checks
ChrisTuff: bets $6
stuart1973: calls $6
*** RIVER *** [Qc Kd 8s Td] [3s]
stuart1973: checks
ChrisTuff: bets $6
stuart1973: calls $6
*** SHOW DOWN ***
ChrisTuff: shows [Qd 5d] (a pair of Queens)
stuart1973: mucks hand
ChrisTuff collected $41.50 from pot
*** SUMMARY ***
Total pot $42 | Rake $0.50
Board [Qc Kd 8s Td 3s]
Seat 1: stuart1973 (big blind) mucked
Seat 2: ChrisTuff (button) (small blind) showed [Qd 5d] and won ($41.50) with a pair of Queens


PokerStars Hand #147900316234:  Hold'em Limit ($3/$6 USD) - 2016/01/29 17:27:58 ET
Table 'Zomba' 2-max Seat #1 is the button
Seat 1: stuart1973 ($81.67 in chips)
Seat 2: ChrisTuff ($180.16 in chips)
stuart1973: posts small blind $1
ChrisTuff: posts big blind $3
*** HOLE CARDS ***
stuart1973: raises $3 to $6
ChrisTuff: calls $3
*** FLOP *** [5c 2d 6h]
ChrisTuff: checks
stuart1973: bets $3
ChrisTuff: calls $3
*** TURN *** [5c 2d 6h] [Ks]
ChrisTuff: checks
stuart1973: bets $6
ChrisTuff: folds
Uncalled bet ($6) returned to stuart1973
stuart1973 collected $17.64 from pot
*** SUMMARY ***
Total pot $18 | Rake $0.36
Board [5c 2d 6h Ks]
Seat 1: stuart1973 (button) (small blind) collected ($17.64)
Seat 2: ChrisTuff (big blind) folded on the Turn


PokerStars Hand #147900350912:  Hold'em Limit ($3/$6 USD) - 2016/01/29 17:28:29 ET
Table 'Zomba' 2-max Seat #1 is the button
Seat 1: stuart1973 ($116.81 in chips)
Seat 2: ChrisTuff ($144.16 in chips)
stuart1973: posts small blind $1
ChrisTuff: posts big blind $3
*** HOLE CARDS ***
stuart1973: raises $3 to $6
ChrisTuff: folds
Uncalled bet ($3) returned to stuart1973
stuart1973 collected $6 from pot
*** SUMMARY ***
Total pot $6 | Rake $0
Seat 1: stuart1973 (button) (small blind) collected ($6)
Seat 2: ChrisTuff (big blind) folded before Flop


PokerStars Hand #147900331685:  Hold'em Limit ($3/$6 USD) - 2016/01/29 17:28:12 ET
Table 'Zomba' 2-max Seat #2 is the button
Seat 1: stuart1973 ($90.31 in chips)
Seat 2: ChrisTuff ($171.16 in chips)
ChrisTuff: posts small blind $1
stuart1973: posts big blind $3
*** HOLE CARDS ***
ChrisTuff: raises $3 to $6
stuart1973: calls $3
*** FLOP *** [Td Kc 2h]
stuart1973: checks
ChrisTuff: bets $3
stuart1973: calls $3
*** TURN *** [Td Kc 2h] [6d]
stuart1973: checks
ChrisTuff: bets $6
stuart1973: calls $6
*** RIVER *** [Td Kc 2h 6d] [7c]
stuart1973: checks
ChrisTuff: bets $6
stuart1973: raises $6 to $12
ChrisTuff: calls $6
*** SHOW DOWN ***
stuart1973: shows [3s Kh] (a pair of Kings)
ChrisTuff: mucks hand
stuart1973 collected $53.50 from pot
*** SUMMARY ***
Total pot $54 | Rake $0.50
Board [Td Kc 2h 6d 7c]
Seat 1: stuart1973 (big blind) showed [3s Kh] and won ($53.50) with a pair of Kings
Seat 2: ChrisTuff (button) (small blind) mucked


PokerStars Hand #147900358168:  Hold'em Limit ($3/$6 USD) - 2016/01/29 17:28:36 ET
Table 'Zomba' 2-max Seat #2 is the button
Seat 1: stuart1973 ($119.81 in chips)
Seat 2: ChrisTuff ($141.16 in chips)
ChrisTuff: posts small blind $1
stuart1973: posts big blind $3
*** HOLE CARDS ***
ChrisTuff: raises $3 to $6
stuart1973: calls $3
*** FLOP *** [8d Jh Jd]
stuart1973: checks
ChrisTuff: bets $3
stuart1973: calls $3
*** TURN *** [8d Jh Jd] [Qs]
stuart1973: checks
ChrisTuff: bets $6
stuart1973: folds
Uncalled bet ($6) returned to ChrisTuff
ChrisTuff collected $17.64 from pot
ChrisTuff: doesn't show hand
*** SUMMARY ***
Total pot $18 | Rake $0.36
Board [8d Jh Jd Qs]
Seat 1: stuart1973 (big blind) folded on the Turn
Seat 2: ChrisTuff (button) (small blind) collected ($17.64)


PokerStars Hand #147900371180:  Hold'em Limit ($3/$6 USD) - 2016/01/29 17:28:47 ET
Table 'Zomba' 2-max Seat #1 is the button
Seat 1: stuart1973 ($110.81 in chips)
Seat 2: ChrisTuff ($149.80 in chips)
stuart1973: posts small blind $1
ChrisTuff: posts big blind $3
*** HOLE CARDS ***
stuart1973: raises $3 to $6
ChrisTuff: calls $3
*** FLOP *** [As Qd 6h]
ChrisTuff: checks
stuart1973: bets $3
ChrisTuff: folds
Uncalled bet ($3) returned to stuart1973
stuart1973 collected $11.76 from pot
*** SUMMARY ***
Total pot $12 | Rake $0.24
Board [As Qd 6h]
Seat 1: stuart1973 (button) (small blind) collected ($11.76)
Seat 2: ChrisTuff (big blind) folded on the Flop


PokerStars Hand #147900400203:  Hold'em Limit ($3/$6 USD) - 2016/01/29 17:29:12 ET
Table 'Zomba' 2-max Seat #1 is the button
Seat 1: stuart1973 ($95.57 in chips)
Seat 2: ChrisTuff ($164.30 in chips)
stuart1973: posts small blind $1
ChrisTuff: posts big blind $3
*** HOLE CARDS ***
stuart1973: folds
Uncalled bet ($2) returned to ChrisTuff
ChrisTuff collected $2 from pot
ChrisTuff: doesn't show hand
*** SUMMARY ***
Total pot $2 | Rake $0
Seat 1: stuart1973 (button) (small blind) folded before Flop
Seat 2: ChrisTuff (big blind) collected ($2)


PokerStars Hand #147900381348:  Hold'em Limit ($3/$6 USD) - 2016/01/29 17:28:56 ET
Table 'Zomba' 2-max Seat #2 is the button
Seat 1: stuart1973 ($116.57 in chips)
Seat 2: ChrisTuff ($143.80 in chips)
ChrisTuff: posts small blind $1
stuart1973: posts big blind $3
*** HOLE CARDS ***
ChrisTuff: raises $3 to $6
stuart1973: calls $3
*** FLOP *** [7d Jd 8c]
stuart1973: checks
ChrisTuff: bets $3
stuart1973: calls $3
*** TURN *** [7d Jd 8c] [5s]
stuart1973: checks
ChrisTuff: bets $6
stuart1973: calls $6
*** RIVER *** [7d Jd 8c 5s] [2h]
stuart1973: checks
ChrisTuff: bets $6
stuart1973: calls $6
*** SHOW DOWN ***
ChrisTuff: shows [Jh Ad] (a pair of Jacks)
stuart1973: mucks hand
ChrisTuff collected $41.50 from pot
*** SUMMARY ***
Total pot $42 | Rake $0.50
Board [7d Jd 8c 5s 2h]
Seat 1: stuart1973 (big blind) mucked
Seat 2: ChrisTuff (button) (small blind) showed [Jh Ad] and won ($41.50) with a pair of Jacks


PokerStars Hand #147900420940:  Hold'em Limit ($3/$6 USD) - 2016/01/29 17:29:30 ET
Table 'Zomba' 2-max Seat #1 is the button
Seat 1: stuart1973 ($70.57 in chips)
Seat 2: ChrisTuff ($188.80 in chips)
stuart1973: posts small blind $1
ChrisTuff: posts big blind $3
*** HOLE CARDS ***
stuart1973: folds
Uncalled bet ($2) returned to ChrisTuff
ChrisTuff collected $2 from pot
ChrisTuff: doesn't show hand
*** SUMMARY ***
Total pot $2 | Rake $0
Seat 1: stuart1973 (button) (small blind) folded before Flop
Seat 2: ChrisTuff (big blind) collected ($2)


PokerStars Hand #147900405812:  Hold'em Limit ($3/$6 USD) - 2016/01/29 17:29:17 ET
Table 'Zomba' 2-max Seat #2 is the button
Seat 1: stuart1973 ($94.57 in chips)
Seat 2: ChrisTuff ($165.30 in chips)
ChrisTuff: posts small blind $1
stuart1973: posts big blind $3
*** HOLE CARDS ***
ChrisTuff: raises $3 to $6
stuart1973: raises $3 to $9
ChrisTuff: calls $3
*** FLOP *** [Qc 7d 6s]
stuart1973: bets $3
ChrisTuff: calls $3
*** TURN *** [Qc 7d 6s] [3s]
stuart1973: bets $6
ChrisTuff: calls $6
*** RIVER *** [Qc 7d 6s 3s] [8c]
stuart1973: bets $6
ChrisTuff: calls $6
*** SHOW DOWN ***
stuart1973: shows [Kh Ad] (high card Ace)
ChrisTuff: shows [7c Ah] (a pair of Sevens)
ChrisTuff collected $47.50 from pot
*** SUMMARY ***
Total pot $48 | Rake $0.50
Board [Qc 7d 6s 3s 8c]
Seat 1: stuart1973 (big blind) showed [Kh Ad] and lost with high card Ace
Seat 2: ChrisTuff (button) (small blind) showed [7c Ah] and won ($47.50) with a pair of Sevens


PokerStars Hand #147900427054:  Hold'em Limit ($3/$6 USD) - 2016/01/29 17:29:35 ET
Table 'Zomba' 2-max Seat #2 is the button
Seat 1: stuart1973 ($69.57 in chips)
Seat 2: ChrisTuff ($189.80 in chips)
ChrisTuff: posts small blind $1
stuart1973: posts big blind $3
*** HOLE CARDS ***
ChrisTuff: raises $3 to $6
stuart1973: calls $3
*** FLOP *** [7h 8h 4d]
stuart1973: checks
ChrisTuff: bets $3
stuart1973: calls $3
*** TURN *** [7h 8h 4d] [7s]
stuart1973: checks
ChrisTuff: checks
*** RIVER *** [7h 8h 4d 7s] [Ah]
stuart1973: checks
ChrisTuff: checks
*** SHOW DOWN ***
stuart1973: shows [4s 9d] (two pair, Sevens and Fours)
ChrisTuff: mucks hand
stuart1973 collected $17.64 from pot
*** SUMMARY ***
Total pot $18 | Rake $0.36
Board [7h 8h 4d 7s Ah]
Seat 1: stuart1973 (big blind) showed [4s 9d] and won ($17.64) with two pair, Sevens and Fours
Seat 2: ChrisTuff (button) (small blind) mucked


PokerStars Hand #147900442713:  Hold'em Limit ($3/$6 USD) - 2016/01/29 17:29:49 ET
Table 'Zomba' 2-max Seat #1 is the button
Seat 1: stuart1973 ($78.21 in chips)
Seat 2: ChrisTuff ($180.80 in chips)
stuart1973: posts small blind $1
ChrisTuff: posts big blind $3
*** HOLE CARDS ***
stuart1973: raises $3 to $6
ChrisTuff: calls $3
*** FLOP *** [6d Js 6h]
ChrisTuff: checks
stuart1973: bets $3
ChrisTuff: calls $3
*** TURN *** [6d Js 6h] [8c]
ChrisTuff: checks
stuart1973: checks
*** RIVER *** [6d Js 6h 8c] [Kc]
ChrisTuff: checks
stuart1973: checks
*** SHOW DOWN ***
ChrisTuff: shows [4h Qh] (a pair of Sixes)
stuart1973: shows [As Qc] (a pair of Sixes - Ace kicker)
stuart1973 collected $17.64 from pot
*** SUMMARY ***
Total pot $18 | Rake $0.36
Board [6d Js 6h 8c Kc]
Seat 1: stuart1973 (button) (small blind) showed [As Qc] and won ($17.64) with a pair of Sixes
Seat 2: ChrisTuff (big blind) showed [4h Qh] and lost with a pair of Sixes


PokerStars Hand #147900455932:  Hold'em Limit ($3/$6 USD) - 2016/01/29 17:30:00 ET
Table 'Zomba' 2-max Seat #2 is the button
Seat 1: stuart1973 ($86.85 in chips)
Seat 2: ChrisTuff ($171.80 in chips)
ChrisTuff: posts small blind $1
stuart1973: posts big blind $3
*** HOLE CARDS ***
ChrisTuff: raises $3 to $6
stuart1973: calls $3
*** FLOP *** [6h 2h 4s]
stuart1973: checks
ChrisTuff: bets $3
stuart1973: calls $3
*** TURN *** [6h 2h 4s] [Qs]
stuart1973: checks
ChrisTuff: bets $6
stuart1973: folds
Uncalled bet ($6) returned to ChrisTuff
ChrisTuff collected $17.64 from pot
ChrisTuff: doesn't show hand
*** SUMMARY ***
Total pot $18 | Rake $0.36
Board [6h 2h 4s Qs]
Seat 1: stuart1973 (big blind) folded on the Turn
Seat 2: ChrisTuff (button) (small blind) collected ($17.64)


PokerStars Hand #147900468918:  Hold'em Limit ($3/$6 USD) - 2016/01/29 17:30:11 ET
Table 'Zomba' 2-max Seat #1 is the button
Seat 1: stuart1973 ($77.85 in chips)
Seat 2: ChrisTuff ($180.44 in chips)
stuart1973: posts small blind $1
ChrisTuff: posts big blind $3
*** HOLE CARDS ***
stuart1973: raises $3 to $6
ChrisTuff: raises $3 to $9
stuart1973: raises $3 to $12
Betting is capped
ChrisTuff: calls $3
*** FLOP *** [3c 9h 6c]
ChrisTuff: checks
stuart1973: bets $3
ChrisTuff: raises $3 to $6
stuart1973: calls $3
*** TURN *** [3c 9h 6c] [Kh]
ChrisTuff: bets $6
stuart1973: calls $6
*** RIVER *** [3c 9h 6c Kh] [2h]
ChrisTuff: bets $6
stuart1973: raises $6 to $12
ChrisTuff: calls $6
*** SHOW DOWN ***
stuart1973: shows [2c 2s] (three of a kind, Deuces)
ChrisTuff: mucks hand
stuart1973 collected $71.50 from pot
*** SUMMARY ***
Total pot $72 | Rake $0.50
Board [3c 9h 6c Kh 2h]
Seat 1: stuart1973 (button) (small blind) showed [2c 2s] and won ($71.50) with three of a kind, Deuces
Seat 2: ChrisTuff (big blind) mucked


PokerStars Hand #147900488741:  Hold'em Limit ($3/$6 USD) - 2016/01/29 17:30:28 ET
Table 'Zomba' 2-max Seat #2 is the button
Seat 1: stuart1973 ($113.35 in chips)
Seat 2: ChrisTuff ($144.44 in chips)
ChrisTuff: posts small blind $1
stuart1973: posts big blind $3
*** HOLE CARDS ***
ChrisTuff: raises $3 to $6
stuart1973: calls $3
*** FLOP *** [7s Kc Qd]
stuart1973: checks
ChrisTuff: bets $3
stuart1973: calls $3
*** TURN *** [7s Kc Qd] [Jc]
stuart1973: checks
ChrisTuff: bets $6
stuart1973: raises $6 to $12
ChrisTuff: raises $6 to $18
stuart1973: raises $6 to $24
Betting is capped
ChrisTuff: calls $6
*** RIVER *** [7s Kc Qd Jc] [3h]
stuart1973: bets $6
ChrisTuff: calls $6
*** SHOW DOWN ***
stuart1973: shows [9d Th] (a straight, Nine to King)
ChrisTuff: mucks hand
stuart1973 collected $77.50 from pot
*** SUMMARY ***
Total pot $78 | Rake $0.50
Board [7s Kc Qd Jc 3h]
Seat 1: stuart1973 (big blind) showed [9d Th] and won ($77.50) with a straight, Nine to King
Seat 2: ChrisTuff (button) (small blind) mucked


PokerStars Hand #147900507592:  Hold'em Limit ($3/$6 USD) - 2016/01/29 17:30:44 ET
Table 'Zomba' 2-max Seat #1 is the button
Seat 1: stuart1973 ($151.85 in chips)
Seat 2: ChrisTuff ($120 in chips)
stuart1973: posts small blind $1
ChrisTuff: posts big blind $3
*** HOLE CARDS ***
stuart1973: raises $3 to $6
ChrisTuff: calls $3
*** FLOP *** [4h 4d 3h]
ChrisTuff: checks
stuart1973: bets $3
ChrisTuff: calls $3
*** TURN *** [4h 4d 3h] [Tc]
ChrisTuff: checks
stuart1973: checks
*** RIVER *** [4h 4d 3h Tc] [Td]
ChrisTuff: bets $6
stuart1973: calls $6
*** SHOW DOWN ***
ChrisTuff: shows [2d Ac] (two pair, Tens and Fours)
stuart1973: shows [As 5s] (two pair, Tens and Fours)
ChrisTuff collected $14.75 from pot
stuart1973 collected $14.75 from pot
*** SUMMARY ***
Total pot $30 | Rake $0.50
Board [4h 4d 3h Tc Td]
Seat 1: stuart1973 (button) (small blind) showed [As 5s] and won ($14.75) with two pair, Tens and Fours
Seat 2: ChrisTuff (big blind) showed [2d Ac] and won ($14.75) with two pair, Tens and Fours


PokerStars Hand #147900525935:  Hold'em Limit ($3/$6 USD) - 2016/01/29 17:31:00 ET
Table 'Zomba' 2-max Seat #2 is the button
Seat 1: stuart1973 ($151.60 in chips)
Seat 2: ChrisTuff ($120 in chips)
ChrisTuff: posts small blind $1
stuart1973: posts big blind $3
*** HOLE CARDS ***
ChrisTuff: raises $3 to $6
stuart1973: calls $3
*** FLOP *** [Jd 5h 3c]
stuart1973: checks
ChrisTuff: bets $3
stuart1973: calls $3
*** TURN *** [Jd 5h 3c] [Ts]
stuart1973: checks
ChrisTuff: bets $6
stuart1973: calls $6
*** RIVER *** [Jd 5h 3c Ts] [Qs]
stuart1973: checks
ChrisTuff: checks
*** SHOW DOWN ***
stuart1973: shows [7s As] (high card Ace)
ChrisTuff: shows [Tc 7d] (a pair of Tens)
ChrisTuff collected $29.50 from pot
*** SUMMARY ***
Total pot $30 | Rake $0.50
Board [Jd 5h 3c Ts Qs]
Seat 1: stuart1973 (big blind) showed [7s As] and lost with high card Ace
Seat 2: ChrisTuff (button) (small blind) showed [Tc 7d] and won ($29.50) with a pair of Tens


PokerStars Hand #147900555718:  Hold'em Limit ($3/$6 USD) - 2016/01/29 17:31:25 ET
Table 'Zomba' 2-max Seat #1 is the button
Seat 1: stuart1973 ($136.60 in chips)
Seat 2: ChrisTuff ($134.50 in chips)
stuart1973: posts small blind $1
ChrisTuff: posts big blind $3
*** HOLE CARDS ***
stuart1973: calls $2
ChrisTuff: checks
*** FLOP *** [Ad 3h 9d]
ChrisTuff: bets $3
stuart1973: calls $3
*** TURN *** [Ad 3h 9d] [9s]
ChrisTuff: bets $6
stuart1973: calls $6
*** RIVER *** [Ad 3h 9d 9s] [2c]
ChrisTuff: checks
stuart1973: bets $6
ChrisTuff: folds
Uncalled bet ($6) returned to stuart1973
stuart1973 collected $23.52 from pot
*** SUMMARY ***
Total pot $24 | Rake $0.48
Board [Ad 3h 9d 9s 2c]
Seat 1: stuart1973 (button) (small blind) collected ($23.52)
Seat 2: ChrisTuff (big blind) folded on the River


PokerStars Hand #147900581939:  Hold'em Limit ($3/$6 USD) - 2016/01/29 17:31:48 ET
Table 'Zomba' 2-max Seat #2 is the button
Seat 1: stuart1973 ($148.12 in chips)
Seat 2: ChrisTuff ($122.50 in chips)
ChrisTuff: posts small blind $1
stuart1973: posts big blind $3
*** HOLE CARDS ***
ChrisTuff: folds
Uncalled bet ($2) returned to stuart1973
stuart1973 collected $2 from pot
*** SUMMARY ***
Total pot $2 | Rake $0
Seat 1: stuart1973 (big blind) collected ($2)
Seat 2: ChrisTuff (button) (small blind) folded before Flop


PokerStars Hand #147900587249:  Hold'em Limit ($3/$6 USD) - 2016/01/29 17:31:53 ET
Table 'Zomba' 2-max Seat #1 is the button
Seat 1: stuart1973 ($149.12 in chips)
Seat 2: ChrisTuff ($121.50 in chips)
stuart1973: posts small blind $1
ChrisTuff: posts big blind $3
*** HOLE CARDS ***
stuart1973: raises $3 to $6
ChrisTuff: raises $3 to $9
stuart1973: calls $3
*** FLOP *** [Jd 6s 3c]
ChrisTuff: bets $3
stuart1973: calls $3
*** TURN *** [Jd 6s 3c] [5s]
ChrisTuff: bets $6
stuart1973: calls $6
*** RIVER *** [Jd 6s 3c 5s] [Js]
ChrisTuff: bets $6
stuart1973: folds
Uncalled bet ($6) returned to ChrisTuff
ChrisTuff collected $35.50 from pot
ChrisTuff: doesn't show hand
*** SUMMARY ***
Total pot $36 | Rake $0.50
Board [Jd 6s 3c 5s Js]
Seat 1: stuart1973 (button) (small blind) folded on the River
Seat 2: ChrisTuff (big blind) collected ($35.50)


PokerStars Hand #147900607518:  Hold'em Limit ($3/$6 USD) - 2016/01/29 17:32:10 ET
Table 'Zomba' 2-max Seat #1 is the button
Seat 1: stuart1973 ($132.12 in chips)
Seat 2: ChrisTuff ($138 in chips)
stuart1973: posts small blind $1
ChrisTuff: posts big blind $3
*** HOLE CARDS ***
stuart1973: folds
Uncalled bet ($2) returned to ChrisTuff
ChrisTuff collected $2 from pot
ChrisTuff: doesn't show hand
*** SUMMARY ***
Total pot $2 | Rake $0
Seat 1: stuart1973 (button) (small blind) folded before Flop
Seat 2: ChrisTuff (big blind) collected ($2)


PokerStars Hand #147900602325:  Hold'em Limit ($3/$6 USD) - 2016/01/29 17:32:06 ET
Table 'Zomba' 2-max Seat #2 is the button
Seat 1: stuart1973 ($131.12 in chips)
Seat 2: ChrisTuff ($139 in chips)
ChrisTuff: posts small blind $1
stuart1973: posts big blind $3
*** HOLE CARDS ***
ChrisTuff: folds
Uncalled bet ($2) returned to stuart1973
stuart1973 collected $2 from pot
*** SUMMARY ***
Total pot $2 | Rake $0
Seat 1: stuart1973 (big blind) collected ($2)
Seat 2: ChrisTuff (button) (small blind) folded before Flop


PokerStars Hand #147900613338:  Hold'em Limit ($3/$6 USD) - 2016/01/29 17:32:15 ET
Table 'Zomba' 2-max Seat #2 is the button
Seat 1: stuart1973 ($131.12 in chips)
Seat 2: ChrisTuff ($139 in chips)
ChrisTuff: posts small blind $1
stuart1973: posts big blind $3
*** HOLE CARDS ***
ChrisTuff: raises $3 to $6
stuart1973: calls $3
*** FLOP *** [7h 3h Th]
stuart1973: checks
ChrisTuff: bets $3
stuart1973: folds
Uncalled bet ($3) returned to ChrisTuff
ChrisTuff collected $11.76 from pot
ChrisTuff: doesn't show hand
*** SUMMARY ***
Total pot $12 | Rake $0.24
Board [7h 3h Th]
Seat 1: stuart1973 (big blind) folded on the Flop
Seat 2: ChrisTuff (button) (small blind) collected ($11.76)


PokerStars Hand #147900623226:  Hold'em Limit ($3/$6 USD) - 2016/01/29 17:32:24 ET
Table 'Zomba' 2-max Seat #1 is the button
Seat 1: stuart1973 ($125.12 in chips)
Seat 2: ChrisTuff ($144.76 in chips)
stuart1973: posts small blind $1
ChrisTuff: posts big blind $3
*** HOLE CARDS ***
stuart1973: raises $3 to $6
ChrisTuff: folds
Uncalled bet ($3) returned to stuart1973
stuart1973 collected $6 from pot
*** SUMMARY ***
Total pot $6 | Rake $0
Seat 1: stuart1973 (button) (small blind) collected ($6)
Seat 2: ChrisTuff (big blind) folded before Flop


PokerStars Hand #147900629619:  Hold'em Limit ($3/$6 USD) - 2016/01/29 17:32:29 ET
Table 'Zomba' 2-max Seat #2 is the button
Seat 1: stuart1973 ($128.12 in chips)
Seat 2: ChrisTuff ($141.76 in chips)
ChrisTuff: posts small blind $1
stuart1973: posts big blind $3
*** HOLE CARDS ***
ChrisTuff: raises $3 to $6
stuart1973: calls $3
*** FLOP *** [3d 6s 6c]
stuart1973: checks
ChrisTuff: bets $3
stuart1973: calls $3
*** TURN *** [3d 6s 6c] [5c]
stuart1973: checks
ChrisTuff: checks
*** RIVER *** [3d 6s 6c 5c] [7c]
stuart1973: bets $6
ChrisTuff: calls $6
*** SHOW DOWN ***
stuart1973: shows [5h Tc] (two pair, Sixes and Fives)
ChrisTuff: shows [7h Qh] (two pair, Sevens and Sixes)
ChrisTuff collected $29.50 from pot
*** SUMMARY ***
Total pot $30 | Rake $0.50
Board [3d 6s 6c 5c 7c]
Seat 1: stuart1973 (big blind) showed [5h Tc] and lost with two pair, Sixes and Fives
Seat 2: ChrisTuff (button) (small blind) showed [7h Qh] and won ($29.50) with two pair, Sevens and Sixes


PokerStars Hand #147900652992:  Hold'em Limit ($3/$6 USD) - 2016/01/29 17:32:50 ET
Table 'Zomba' 2-max Seat #2 is the button
Seat 1: stuart1973 ($116.12 in chips)
Seat 2: ChrisTuff ($153.26 in chips)
ChrisTuff: posts small blind $1
stuart1973: posts big blind $3
*** HOLE CARDS ***
ChrisTuff: raises $3 to $6
stuart1973: calls $3
*** FLOP *** [7s Ks Ah]
stuart1973: checks
ChrisTuff: bets $3
stuart1973: folds
Uncalled bet ($3) returned to ChrisTuff
ChrisTuff collected $11.76 from pot
ChrisTuff: doesn't show hand
*** SUMMARY ***
Total pot $12 | Rake $0.24
Board [7s Ks Ah]
Seat 1: stuart1973 (big blind) folded on the Flop
Seat 2: ChrisTuff (button) (small blind) collected ($11.76)


PokerStars Hand #147900645751:  Hold'em Limit ($3/$6 USD) - 2016/01/29 17:32:44 ET
Table 'Zomba' 2-max Seat #1 is the button
Seat 1: stuart1973 ($113.12 in chips)
Seat 2: ChrisTuff ($156.26 in chips)
stuart1973: posts small blind $1
ChrisTuff: posts big blind $3
*** HOLE CARDS ***
stuart1973: raises $3 to $6
ChrisTuff: folds
Uncalled bet ($3) returned to stuart1973
stuart1973 collected $6 from pot
*** SUMMARY ***
Total pot $6 | Rake $0
Seat 1: stuart1973 (button) (small blind) collected ($6)
Seat 2: ChrisTuff (big blind) folded before Flop


PokerStars Hand #147900667414:  Hold'em Limit ($3/$6 USD) - 2016/01/29 17:33:03 ET
Table 'Zomba' 2-max Seat #2 is the button
Seat 1: stuart1973 ($109.12 in chips)
Seat 2: ChrisTuff ($160.02 in chips)
ChrisTuff: posts small blind $1
stuart1973: posts big blind $3
*** HOLE CARDS ***
ChrisTuff: raises $3 to $6
stuart1973: folds
Uncalled bet ($3) returned to ChrisTuff
ChrisTuff collected $6 from pot
ChrisTuff: doesn't show hand
*** SUMMARY ***
Total pot $6 | Rake $0
Seat 1: stuart1973 (big blind) folded before Flop
Seat 2: ChrisTuff (button) (small blind) collected ($6)


PokerStars Hand #147900662072:  Hold'em Limit ($3/$6 USD) - 2016/01/29 17:32:58 ET
Table 'Zomba' 2-max Seat #1 is the button
Seat 1: stuart1973 ($110.12 in chips)
Seat 2: ChrisTuff ($159.02 in chips)
stuart1973: posts small blind $1
ChrisTuff: posts big blind $3
*** HOLE CARDS ***
stuart1973: folds
Uncalled bet ($2) returned to ChrisTuff
ChrisTuff collected $2 from pot
ChrisTuff: doesn't show hand
*** SUMMARY ***
Total pot $2 | Rake $0
Seat 1: stuart1973 (button) (small blind) folded before Flop
Seat 2: ChrisTuff (big blind) collected ($2)


PokerStars Hand #147900673654:  Hold'em Limit ($3/$6 USD) - 2016/01/29 17:33:09 ET
Table 'Zomba' 2-max Seat #1 is the button
Seat 1: stuart1973 ($106.12 in chips)
Seat 2: ChrisTuff ($163.02 in chips)
stuart1973: posts small blind $1
ChrisTuff: posts big blind $3
*** HOLE CARDS ***
stuart1973: raises $3 to $6
ChrisTuff: folds
Uncalled bet ($3) returned to stuart1973
stuart1973 collected $6 from pot
*** SUMMARY ***
Total pot $6 | Rake $0
Seat 1: stuart1973 (button) (small blind) collected ($6)
Seat 2: ChrisTuff (big blind) folded before Flop


PokerStars Hand #147900680590:  Hold'em Limit ($3/$6 USD) - 2016/01/29 17:33:15 ET
Table 'Zomba' 2-max Seat #2 is the button
Seat 1: stuart1973 ($109.12 in chips)
Seat 2: ChrisTuff ($160.02 in chips)
ChrisTuff: posts small blind $1
stuart1973: posts big blind $3
*** HOLE CARDS ***
ChrisTuff: raises $3 to $6
stuart1973: raises $3 to $9
ChrisTuff: calls $3
*** FLOP *** [2h 8h 2s]
stuart1973: bets $3
ChrisTuff: calls $3
*** TURN *** [2h 8h 2s] [Jc]
stuart1973: bets $6
ChrisTuff: folds
Uncalled bet ($6) returned to stuart1973
stuart1973 collected $23.52 from pot
*** SUMMARY ***
Total pot $24 | Rake $0.48
Board [2h 8h 2s Jc]
Seat 1: stuart1973 (big blind) collected ($23.52)
Seat 2: ChrisTuff (button) (small blind) folded on the Turn


PokerStars Hand #147900694194:  Hold'em Limit ($3/$6 USD) - 2016/01/29 17:33:27 ET
Table 'Zomba' 2-max Seat #1 is the button
Seat 1: stuart1973 ($120.64 in chips)
Seat 2: ChrisTuff ($148.02 in chips)
stuart1973: posts small blind $1
ChrisTuff: posts big blind $3
*** HOLE CARDS ***
stuart1973: raises $3 to $6
ChrisTuff: calls $3
*** FLOP *** [Ts 2d 8c]
ChrisTuff: checks
stuart1973: bets $3
ChrisTuff: calls $3
*** TURN *** [Ts 2d 8c] [Td]
ChrisTuff: checks
stuart1973: checks
*** RIVER *** [Ts 2d 8c Td] [5c]
ChrisTuff: bets $6
stuart1973: calls $6
*** SHOW DOWN ***
ChrisTuff: shows [3c 9c] (a pair of Tens)
stuart1973: shows [Kh 2s] (two pair, Tens and Deuces)
stuart1973 collected $29.50 from pot
*** SUMMARY ***
Total pot $30 | Rake $0.50
Board [Ts 2d 8c Td 5c]
Seat 1: stuart1973 (button) (small blind) showed [Kh 2s] and won ($29.50) with two pair, Tens and Deuces
Seat 2: ChrisTuff (big blind) showed [3c 9c] and lost with a pair of Tens


PokerStars Hand #147900707873:  Hold'em Limit ($3/$6 USD) - 2016/01/29 17:33:39 ET
Table 'Zomba' 2-max Seat #2 is the button
Seat 1: stuart1973 ($135.14 in chips)
Seat 2: ChrisTuff ($133.02 in chips)
ChrisTuff: posts small blind $1
stuart1973: posts big blind $3
*** HOLE CARDS ***
ChrisTuff: raises $3 to $6
stuart1973: calls $3
*** FLOP *** [4d 5s 8h]
stuart1973: bets $3
ChrisTuff: raises $3 to $6
stuart1973: calls $3
*** TURN *** [4d 5s 8h] [Td]
stuart1973: checks
ChrisTuff: bets $6
stuart1973: calls $6
*** RIVER *** [4d 5s 8h Td] [Qc]
stuart1973: checks
ChrisTuff: bets $6
stuart1973: calls $6
*** SHOW DOWN ***
ChrisTuff: shows [6h 7h] (a straight, Four to Eight)
stuart1973: mucks hand
ChrisTuff collected $47.50 from pot
*** SUMMARY ***
Total pot $48 | Rake $0.50
Board [4d 5s 8h Td Qc]
Seat 1: stuart1973 (big blind) mucked
Seat 2: ChrisTuff (button) (small blind) showed [6h 7h] and won ($47.50) with a straight, Four to Eight


PokerStars Hand #147900730319:  Hold'em Limit ($3/$6 USD) - 2016/01/29 17:33:58 ET
Table 'Zomba' 2-max Seat #1 is the button
Seat 1: stuart1973 ($111.14 in chips)
Seat 2: ChrisTuff ($156.52 in chips)
stuart1973: posts small blind $1
ChrisTuff: posts big blind $3
*** HOLE CARDS ***
stuart1973: raises $3 to $6
ChrisTuff: raises $3 to $9
stuart1973: calls $3
*** FLOP *** [Ah Ad Kh]
ChrisTuff: bets $3
stuart1973: calls $3
*** TURN *** [Ah Ad Kh] [4s]
ChrisTuff: checks
stuart1973: bets $6
ChrisTuff: calls $6
*** RIVER *** [Ah Ad Kh 4s] [Js]
ChrisTuff: checks
stuart1973: bets $6
ChrisTuff: calls $6
*** SHOW DOWN ***
stuart1973: shows [Ac 2h] (three of a kind, Aces)
ChrisTuff: mucks hand
stuart1973 collected $47.50 from pot
*** SUMMARY ***
Total pot $48 | Rake $0.50
Board [Ah Ad Kh 4s Js]
Seat 1: stuart1973 (button) (small blind) showed [Ac 2h] and won ($47.50) with three of a kind, Aces
Seat 2: ChrisTuff (big blind) mucked


PokerStars Hand #147900754444:  Hold'em Limit ($3/$6 USD) - 2016/01/29 17:34:20 ET
Table 'Zomba' 2-max Seat #2 is the button
Seat 1: stuart1973 ($134.64 in chips)
Seat 2: ChrisTuff ($132.52 in chips)
ChrisTuff: posts small blind $1
stuart1973: posts big blind $3
*** HOLE CARDS ***
ChrisTuff: raises $3 to $6
stuart1973: calls $3
*** FLOP *** [Ac Qc 9h]
stuart1973: checks
ChrisTuff: bets $3
stuart1973: calls $3
*** TURN *** [Ac Qc 9h] [6s]
stuart1973: checks
ChrisTuff: bets $6
stuart1973: raises $6 to $12
ChrisTuff: calls $6
*** RIVER *** [Ac Qc 9h 6s] [8h]
stuart1973: bets $6
ChrisTuff: calls $6
*** SHOW DOWN ***
stuart1973: shows [7d Kd] (high card Ace)
ChrisTuff: shows [8c Jc] (a pair of Eights)
ChrisTuff collected $53.50 from pot
*** SUMMARY ***
Total pot $54 | Rake $0.50
Board [Ac Qc 9h 6s 8h]
Seat 1: stuart1973 (big blind) showed [7d Kd] and lost with high card Ace
Seat 2: ChrisTuff (button) (small blind) showed [8c Jc] and won ($53.50) with a pair of Eights


PokerStars Hand #147900772397:  Hold'em Limit ($3/$6 USD) - 2016/01/29 17:34:36 ET
Table 'Zomba' 2-max Seat #1 is the button
Seat 1: stuart1973 ($107.64 in chips)
Seat 2: ChrisTuff ($159.02 in chips)
stuart1973: posts small blind $1
ChrisTuff: posts big blind $3
*** HOLE CARDS ***
stuart1973: raises $3 to $6
ChrisTuff: calls $3
*** FLOP *** [Jd 4d Ac]
ChrisTuff: checks
stuart1973: checks
*** TURN *** [Jd 4d Ac] [Qc]
ChrisTuff: bets $6
stuart1973: calls $6
*** RIVER *** [Jd 4d Ac Qc] [Qh]
ChrisTuff: bets $6
stuart1973: folds
Uncalled bet ($6) returned to ChrisTuff
ChrisTuff collected $23.52 from pot
ChrisTuff: doesn't show hand
*** SUMMARY ***
Total pot $24 | Rake $0.48
Board [Jd 4d Ac Qc Qh]
Seat 1: stuart1973 (button) (small blind) folded on the River
Seat 2: ChrisTuff (big blind) collected ($23.52)


PokerStars Hand #147900786853:  Hold'em Limit ($3/$6 USD) - 2016/01/29 17:34:49 ET
Table 'Zomba' 2-max Seat #2 is the button
Seat 1: stuart1973 ($95.64 in chips)
Seat 2: ChrisTuff ($170.54 in chips)
ChrisTuff: posts small blind $1
stuart1973: posts big blind $3
*** HOLE CARDS ***
ChrisTuff: raises $3 to $6
stuart1973: raises $3 to $9
ChrisTuff: calls $3
*** FLOP *** [4s 4h 7d]
stuart1973: bets $3
ChrisTuff: calls $3
*** TURN *** [4s 4h 7d] [Ts]
stuart1973: bets $6
ChrisTuff: folds
Uncalled bet ($6) returned to stuart1973
stuart1973 collected $23.52 from pot
*** SUMMARY ***
Total pot $24 | Rake $0.48
Board [4s 4h 7d Ts]
Seat 1: stuart1973 (big blind) collected ($23.52)
Seat 2: ChrisTuff (button) (small blind) folded on the Turn


PokerStars Hand #147900798566:  Hold'em Limit ($3/$6 USD) - 2016/01/29 17:35:00 ET
Table 'Zomba' 2-max Seat #1 is the button
Seat 1: stuart1973 ($107.16 in chips)
Seat 2: ChrisTuff ($158.54 in chips)
stuart1973: posts small blind $1
ChrisTuff: posts big blind $3
*** HOLE CARDS ***
stuart1973: raises $3 to $6
ChrisTuff: calls $3
*** FLOP *** [3h 4h 5h]
ChrisTuff: bets $3
stuart1973: raises $3 to $6
ChrisTuff: calls $3
*** TURN *** [3h 4h 5h] [Js]
ChrisTuff: checks
stuart1973: checks
*** RIVER *** [3h 4h 5h Js] [9c]
ChrisTuff: bets $6
stuart1973: folds
Uncalled bet ($6) returned to ChrisTuff
ChrisTuff collected $23.52 from pot
ChrisTuff: doesn't show hand
*** SUMMARY ***
Total pot $24 | Rake $0.48
Board [3h 4h 5h Js 9c]
Seat 1: stuart1973 (button) (small blind) folded on the River
Seat 2: ChrisTuff (big blind) collected ($23.52)


PokerStars Hand #147900813746:  Hold'em Limit ($3/$6 USD) - 2016/01/29 17:35:14 ET
Table 'Zomba' 2-max Seat #2 is the button
Seat 1: stuart1973 ($95.16 in chips)
Seat 2: ChrisTuff ($170.06 in chips)
ChrisTuff: posts small blind $1
stuart1973: posts big blind $3
*** HOLE CARDS ***
ChrisTuff: raises $3 to $6
stuart1973: raises $3 to $9
ChrisTuff: raises $3 to $12
Betting is capped
stuart1973: calls $3
*** FLOP *** [Kc Qc Kh]
stuart1973: bets $3
ChrisTuff: calls $3
*** TURN *** [Kc Qc Kh] [Td]
stuart1973: bets $6
ChrisTuff: calls $6
*** RIVER *** [Kc Qc Kh Td] [7d]
stuart1973: bets $6
ChrisTuff: calls $6
*** SHOW DOWN ***
stuart1973: shows [Qs Js] (two pair, Kings and Queens)
ChrisTuff: mucks hand
stuart1973 collected $53.50 from pot
*** SUMMARY ***
Total pot $54 | Rake $0.50
Board [Kc Qc Kh Td 7d]
Seat 1: stuart1973 (big blind) showed [Qs Js] and won ($53.50) with two pair, Kings and Queens
Seat 2: ChrisTuff (button) (small blind) mucked


PokerStars Hand #147900828702:  Hold'em Limit ($3/$6 USD) - 2016/01/29 17:35:29 ET
Table 'Zomba' 2-max Seat #1 is the button
Seat 1: stuart1973 ($121.66 in chips)
Seat 2: ChrisTuff ($143.06 in chips)
stuart1973: posts small blind $1
ChrisTuff: posts big blind $3
*** HOLE CARDS ***
stuart1973: raises $3 to $6
ChrisTuff: calls $3
*** FLOP *** [Ac 9c Td]
ChrisTuff: checks
stuart1973: checks
*** TURN *** [Ac 9c Td] [Tc]
ChrisTuff: checks
stuart1973: bets $6
ChrisTuff: calls $6
*** RIVER *** [Ac 9c Td Tc] [8s]
ChrisTuff: checks
stuart1973: checks
*** SHOW DOWN ***
ChrisTuff: shows [5d Ks] (a pair of Tens)
stuart1973: mucks hand
ChrisTuff collected $23.52 from pot
*** SUMMARY ***
Total pot $24 | Rake $0.48
Board [Ac 9c Td Tc 8s]
Seat 1: stuart1973 (button) (small blind) mucked
Seat 2: ChrisTuff (big blind) showed [5d Ks] and won ($23.52) with a pair of Tens


PokerStars Hand #147900844149:  Hold'em Limit ($3/$6 USD) - 2016/01/29 17:35:43 ET
Table 'Zomba' 2-max Seat #2 is the button
Seat 1: stuart1973 ($109.66 in chips)
Seat 2: ChrisTuff ($154.58 in chips)
ChrisTuff: posts small blind $1
stuart1973: posts big blind $3
*** HOLE CARDS ***
ChrisTuff: raises $3 to $6
stuart1973: raises $3 to $9
ChrisTuff: calls $3
*** FLOP *** [2h 4d 8s]
stuart1973: checks
ChrisTuff: checks
*** TURN *** [2h 4d 8s] [Th]
stuart1973: bets $6
ChrisTuff: folds
Uncalled bet ($6) returned to stuart1973
stuart1973 collected $17.64 from pot
*** SUMMARY ***
Total pot $18 | Rake $0.36
Board [2h 4d 8s Th]
Seat 1: stuart1973 (big blind) collected ($17.64)
Seat 2: ChrisTuff (button) (small blind) folded on the Turn


PokerStars Hand #147900857915:  Hold'em Limit ($3/$6 USD) - 2016/01/29 17:35:57 ET
Table 'Zomba' 2-max Seat #1 is the button
Seat 1: stuart1973 ($118.30 in chips)
Seat 2: ChrisTuff ($145.58 in chips)
stuart1973: posts small blind $1
ChrisTuff: posts big blind $3
*** HOLE CARDS ***
stuart1973: raises $3 to $6
ChrisTuff: calls $3
*** FLOP *** [3d 8c Ts]
ChrisTuff: checks
stuart1973: checks
*** TURN *** [3d 8c Ts] [Qd]
ChrisTuff: bets $6
stuart1973: calls $6
*** RIVER *** [3d 8c Ts Qd] [Tc]
ChrisTuff: bets $6
stuart1973: folds
Uncalled bet ($6) returned to ChrisTuff
ChrisTuff collected $23.52 from pot
ChrisTuff: doesn't show hand
*** SUMMARY ***
Total pot $24 | Rake $0.48
Board [3d 8c Ts Qd Tc]
Seat 1: stuart1973 (button) (small blind) folded on the River
Seat 2: ChrisTuff (big blind) collected ($23.52)


PokerStars Hand #147900883230:  Hold'em Limit ($3/$6 USD) - 2016/01/29 17:36:22 ET
Table 'Zomba' 2-max Seat #1 is the button
Seat 1: stuart1973 ($126.80 in chips)
Seat 2: ChrisTuff ($136.10 in chips)
stuart1973: posts small blind $1
ChrisTuff: posts big blind $3
*** HOLE CARDS ***
stuart1973: folds
Uncalled bet ($2) returned to ChrisTuff
ChrisTuff collected $2 from pot
ChrisTuff: doesn't show hand
*** SUMMARY ***
Total pot $2 | Rake $0
Seat 1: stuart1973 (button) (small blind) folded before Flop
Seat 2: ChrisTuff (big blind) collected ($2)


PokerStars Hand #147900870418:  Hold'em Limit ($3/$6 USD) - 2016/01/29 17:36:09 ET
Table 'Zomba' 2-max Seat #2 is the button
Seat 1: stuart1973 ($106.30 in chips)
Seat 2: ChrisTuff ($157.10 in chips)
ChrisTuff: posts small blind $1
stuart1973: posts big blind $3
*** HOLE CARDS ***
ChrisTuff: raises $3 to $6
stuart1973: calls $3
*** FLOP *** [Jh 7c 5h]
stuart1973: bets $3
ChrisTuff: calls $3
*** TURN *** [Jh 7c 5h] [Kh]
stuart1973: bets $6
ChrisTuff: calls $6
*** RIVER *** [Jh 7c 5h Kh] [Ks]
stuart1973: bets $6
ChrisTuff: calls $6
*** SHOW DOWN ***
stuart1973: shows [Js 2c] (two pair, Kings and Jacks)
ChrisTuff: mucks hand
stuart1973 collected $41.50 from pot
*** SUMMARY ***
Total pot $42 | Rake $0.50
Board [Jh 7c 5h Kh Ks]
Seat 1: stuart1973 (big blind) showed [Js 2c] and won ($41.50) with two pair, Kings and Jacks
Seat 2: ChrisTuff (button) (small blind) mucked


PokerStars Hand #147900888711:  Hold'em Limit ($3/$6 USD) - 2016/01/29 17:36:27 ET
Table 'Zomba' 2-max Seat #2 is the button
Seat 1: stuart1973 ($125.80 in chips)
Seat 2: ChrisTuff ($137.10 in chips)
ChrisTuff: posts small blind $1
stuart1973: posts big blind $3
*** HOLE CARDS ***
ChrisTuff: folds
Uncalled bet ($2) returned to stuart1973
stuart1973 collected $2 from pot
*** SUMMARY ***
Total pot $2 | Rake $0
Seat 1: stuart1973 (big blind) collected ($2)
Seat 2: ChrisTuff (button) (small blind) folded before Flop


PokerStars Hand #147900892820:  Hold'em Limit ($3/$6 USD) - 2016/01/29 17:36:32 ET
Table 'Zomba' 2-max Seat #1 is the button
Seat 1: stuart1973 ($126.80 in chips)
Seat 2: ChrisTuff ($136.10 in chips)
stuart1973: posts small blind $1
ChrisTuff: posts big blind $3
*** HOLE CARDS ***
stuart1973: raises $3 to $6
ChrisTuff: calls $3
*** FLOP *** [7s 7h 2h]
ChrisTuff: checks
stuart1973: checks
*** TURN *** [7s 7h 2h] [5h]
ChrisTuff: bets $6
stuart1973: folds
Uncalled bet ($6) returned to ChrisTuff
ChrisTuff collected $11.76 from pot
ChrisTuff: doesn't show hand
*** SUMMARY ***
Total pot $12 | Rake $0.24
Board [7s 7h 2h 5h]
Seat 1: stuart1973 (button) (small blind) folded on the Turn
Seat 2: ChrisTuff (big blind) collected ($11.76)


PokerStars Hand #147900913359:  Hold'em Limit ($3/$6 USD) - 2016/01/29 17:36:52 ET
Table 'Zomba' 2-max Seat #1 is the button
Seat 1: stuart1973 ($114.80 in chips)
Seat 2: ChrisTuff ($147.62 in chips)
stuart1973: posts small blind $1
ChrisTuff: posts big blind $3
*** HOLE CARDS ***
stuart1973: folds
Uncalled bet ($2) returned to ChrisTuff
ChrisTuff collected $2 from pot
ChrisTuff: doesn't show hand
*** SUMMARY ***
Total pot $2 | Rake $0
Seat 1: stuart1973 (button) (small blind) folded before Flop
Seat 2: ChrisTuff (big blind) collected ($2)


PokerStars Hand #147900904841:  Hold'em Limit ($3/$6 USD) - 2016/01/29 17:36:44 ET
Table 'Zomba' 2-max Seat #2 is the button
Seat 1: stuart1973 ($120.80 in chips)
Seat 2: ChrisTuff ($141.86 in chips)
ChrisTuff: posts small blind $1
stuart1973: posts big blind $3
*** HOLE CARDS ***
ChrisTuff: raises $3 to $6
stuart1973: calls $3
*** FLOP *** [Ks Ah 5d]
stuart1973: checks
ChrisTuff: bets $3
stuart1973: folds
Uncalled bet ($3) returned to ChrisTuff
ChrisTuff collected $11.76 from pot
ChrisTuff: doesn't show hand
*** SUMMARY ***
Total pot $12 | Rake $0.24
Board [Ks Ah 5d]
Seat 1: stuart1973 (big blind) folded on the Flop
Seat 2: ChrisTuff (button) (small blind) collected ($11.76)


PokerStars Hand #147900918573:  Hold'em Limit ($3/$6 USD) - 2016/01/29 17:36:57 ET
Table 'Zomba' 2-max Seat #2 is the button
Seat 1: stuart1973 ($113.80 in chips)
Seat 2: ChrisTuff ($148.62 in chips)
ChrisTuff: posts small blind $1
stuart1973: posts big blind $3
*** HOLE CARDS ***
ChrisTuff: raises $3 to $6
stuart1973: raises $3 to $9
ChrisTuff: calls $3
*** FLOP *** [7d 3h Qs]
stuart1973: checks
ChrisTuff: checks
*** TURN *** [7d 3h Qs] [Ah]
stuart1973: bets $6
ChrisTuff: calls $6
*** RIVER *** [7d 3h Qs Ah] [4s]
stuart1973: checks
ChrisTuff: checks
*** SHOW DOWN ***
stuart1973: shows [8c Kh] (high card Ace)
ChrisTuff: shows [Kd 4h] (a pair of Fours)
ChrisTuff collected $29.50 from pot
*** SUMMARY ***
Total pot $30 | Rake $0.50
Board [7d 3h Qs Ah 4s]
Seat 1: stuart1973 (big blind) showed [8c Kh] and lost with high card Ace
Seat 2: ChrisTuff (button) (small blind) showed [Kd 4h] and won ($29.50) with a pair of Fours


PokerStars Hand #147900952766:  Hold'em Limit ($3/$6 USD) - 2016/01/29 17:37:32 ET
Table 'Zomba' 2-max Seat #2 is the button
Seat 1: stuart1973 ($125.30 in chips)
Seat 2: ChrisTuff ($136.12 in chips)
ChrisTuff: posts small blind $1
stuart1973: posts big blind $3
*** HOLE CARDS ***
ChrisTuff: folds
Uncalled bet ($2) returned to stuart1973
stuart1973 collected $2 from pot
*** SUMMARY ***
Total pot $2 | Rake $0
Seat 1: stuart1973 (big blind) collected ($2)
Seat 2: ChrisTuff (button) (small blind) folded before Flop


PokerStars Hand #147900937889:  Hold'em Limit ($3/$6 USD) - 2016/01/29 17:37:17 ET
Table 'Zomba' 2-max Seat #1 is the button
Seat 1: stuart1973 ($98.80 in chips)
Seat 2: ChrisTuff ($163.12 in chips)
stuart1973: posts small blind $1
ChrisTuff: posts big blind $3
*** HOLE CARDS ***
stuart1973: raises $3 to $6
ChrisTuff: raises $3 to $9
stuart1973: raises $3 to $12
Betting is capped
ChrisTuff: calls $3
*** FLOP *** [6s Ah 3h]
ChrisTuff: checks
stuart1973: bets $3
ChrisTuff: calls $3
*** TURN *** [6s Ah 3h] [Ac]
ChrisTuff: checks
stuart1973: bets $6
ChrisTuff: calls $6
*** RIVER *** [6s Ah 3h Ac] [Ts]
ChrisTuff: checks
stuart1973: bets $6
ChrisTuff: calls $6
*** SHOW DOWN ***
stuart1973: shows [8d As] (three of a kind, Aces)
ChrisTuff: mucks hand
stuart1973 collected $53.50 from pot
*** SUMMARY ***
Total pot $54 | Rake $0.50
Board [6s Ah 3h Ac Ts]
Seat 1: stuart1973 (button) (small blind) showed [8d As] and won ($53.50) with three of a kind, Aces
Seat 2: ChrisTuff (big blind) mucked


PokerStars Hand #147900961911:  Hold'em Limit ($3/$6 USD) - 2016/01/29 17:37:41 ET
Table 'Zomba' 2-max Seat #2 is the button
Seat 1: stuart1973 ($125.30 in chips)
Seat 2: ChrisTuff ($136.12 in chips)
ChrisTuff: posts small blind $1
stuart1973: posts big blind $3
*** HOLE CARDS ***
ChrisTuff: folds
Uncalled bet ($2) returned to stuart1973
stuart1973 collected $2 from pot
*** SUMMARY ***
Total pot $2 | Rake $0
Seat 1: stuart1973 (big blind) collected ($2)
Seat 2: ChrisTuff (button) (small blind) folded before Flop


PokerStars Hand #147900957022:  Hold'em Limit ($3/$6 USD) - 2016/01/29 17:37:36 ET
Table 'Zomba' 2-max Seat #1 is the button
Seat 1: stuart1973 ($126.30 in chips)
Seat 2: ChrisTuff ($135.12 in chips)
stuart1973: posts small blind $1
ChrisTuff: posts big blind $3
*** HOLE CARDS ***
stuart1973: folds
Uncalled bet ($2) returned to ChrisTuff
ChrisTuff collected $2 from pot
ChrisTuff: doesn't show hand
*** SUMMARY ***
Total pot $2 | Rake $0
Seat 1: stuart1973 (button) (small blind) folded before Flop
Seat 2: ChrisTuff (big blind) collected ($2)


PokerStars Hand #147900966698:  Hold'em Limit ($3/$6 USD) - 2016/01/29 17:37:46 ET
Table 'Zomba' 2-max Seat #1 is the button
Seat 1: stuart1973 ($126.30 in chips)
Seat 2: ChrisTuff ($135.12 in chips)
stuart1973: posts small blind $1
ChrisTuff: posts big blind $3
*** HOLE CARDS ***
stuart1973: raises $3 to $6
ChrisTuff: calls $3
*** FLOP *** [3d Qs 6d]
ChrisTuff: checks
stuart1973: checks
*** TURN *** [3d Qs 6d] [Td]
ChrisTuff: bets $6
stuart1973: calls $6
*** RIVER *** [3d Qs 6d Td] [Ts]
ChrisTuff: checks
stuart1973: checks
*** SHOW DOWN ***
ChrisTuff: shows [As 2d] (a pair of Tens)
stuart1973: mucks hand
ChrisTuff collected $23.52 from pot
*** SUMMARY ***
Total pot $24 | Rake $0.48
Board [3d Qs 6d Td Ts]
Seat 1: stuart1973 (button) (small blind) mucked
Seat 2: ChrisTuff (big blind) showed [As 2d] and won ($23.52) with a pair of Tens


PokerStars Hand #147900987003:  Hold'em Limit ($3/$6 USD) - 2016/01/29 17:38:06 ET
Table 'Zomba' 2-max Seat #2 is the button
Seat 1: stuart1973 ($114.30 in chips)
Seat 2: ChrisTuff ($146.64 in chips)
ChrisTuff: posts small blind $1
stuart1973: posts big blind $3
*** HOLE CARDS ***
ChrisTuff: raises $3 to $6
stuart1973: calls $3
*** FLOP *** [Kc 3s 5d]
stuart1973: checks
ChrisTuff: bets $3
stuart1973: calls $3
*** TURN *** [Kc 3s 5d] [7d]
stuart1973: checks
ChrisTuff: checks
*** RIVER *** [Kc 3s 5d 7d] [8c]
stuart1973: bets $6
ChrisTuff: calls $6
*** SHOW DOWN ***
stuart1973: shows [9d 5h] (a pair of Fives)
ChrisTuff: mucks hand
stuart1973 collected $29.50 from pot
*** SUMMARY ***
Total pot $30 | Rake $0.50
Board [Kc 3s 5d 7d 8c]
Seat 1: stuart1973 (big blind) showed [9d 5h] and won ($29.50) with a pair of Fives
Seat 2: ChrisTuff (button) (small blind) mucked


PokerStars Hand #147900999760:  Hold'em Limit ($3/$6 USD) - 2016/01/29 17:38:19 ET
Table 'Zomba' 2-max Seat #1 is the button
Seat 1: stuart1973 ($128.80 in chips)
Seat 2: ChrisTuff ($131.64 in chips)
stuart1973: posts small blind $1
ChrisTuff: posts big blind $3
*** HOLE CARDS ***
stuart1973: raises $3 to $6
ChrisTuff: folds
Uncalled bet ($3) returned to stuart1973
stuart1973 collected $6 from pot
*** SUMMARY ***
Total pot $6 | Rake $0
Seat 1: stuart1973 (button) (small blind) collected ($6)
Seat 2: ChrisTuff (big blind) folded before Flop


PokerStars Hand #147901004898:  Hold'em Limit ($3/$6 USD) - 2016/01/29 17:38:25 ET
Table 'Zomba' 2-max Seat #2 is the button
Seat 1: stuart1973 ($131.80 in chips)
Seat 2: ChrisTuff ($128.64 in chips)
ChrisTuff: posts small blind $1
stuart1973: posts big blind $3
*** HOLE CARDS ***
ChrisTuff: raises $3 to $6
stuart1973: raises $3 to $9
ChrisTuff: calls $3
*** FLOP *** [Kd 2h 6c]
stuart1973: bets $3
ChrisTuff: calls $3
*** TURN *** [Kd 2h 6c] [7d]
stuart1973: bets $6
ChrisTuff: calls $6
*** RIVER *** [Kd 2h 6c 7d] [4h]
stuart1973: bets $6
ChrisTuff: folds
Uncalled bet ($6) returned to stuart1973
stuart1973 collected $35.50 from pot
*** SUMMARY ***
Total pot $36 | Rake $0.50
Board [Kd 2h 6c 7d 4h]
Seat 1: stuart1973 (big blind) collected ($35.50)
Seat 2: ChrisTuff (button) (small blind) folded on the River


PokerStars Hand #147901081696:  Hold'em Limit ($3/$6 USD) - 2016/01/29 17:39:44 ET
Table 'Zomba' 2-max Seat #1 is the button
Seat 1: stuart1973 ($182.30 in chips)
Seat 2: ChrisTuff ($120 in chips)
stuart1973: posts small blind $1
ChrisTuff: posts big blind $3
*** HOLE CARDS ***
stuart1973: raises $3 to $6
ChrisTuff: folds
Uncalled bet ($3) returned to stuart1973
stuart1973 collected $6 from pot
*** SUMMARY ***
Total pot $6 | Rake $0
Seat 1: stuart1973 (button) (small blind) collected ($6)
Seat 2: ChrisTuff (big blind) folded before Flop


PokerStars Hand #147901064009:  Hold'em Limit ($3/$6 USD) - 2016/01/29 17:39:26 ET
Table 'Zomba' 2-max Seat #2 is the button
Seat 1: stuart1973 ($164.80 in chips)
Seat 2: ChrisTuff ($131.52 in chips)
ChrisTuff: posts small blind $1
stuart1973: posts big blind $3
*** HOLE CARDS ***
ChrisTuff: raises $3 to $6
stuart1973: raises $3 to $9
ChrisTuff: calls $3
*** FLOP *** [5h Ks 6s]
stuart1973: bets $3
ChrisTuff: calls $3
*** TURN *** [5h Ks 6s] [9h]
stuart1973: bets $6
ChrisTuff: calls $6
*** RIVER *** [5h Ks 6s 9h] [Kd]
stuart1973: checks
ChrisTuff: checks
*** SHOW DOWN ***
stuart1973: shows [5s Ad] (two pair, Kings and Fives)
ChrisTuff: mucks hand
stuart1973 collected $35.50 from pot
*** SUMMARY ***
Total pot $36 | Rake $0.50
Board [5h Ks 6s 9h Kd]
Seat 1: stuart1973 (big blind) showed [5s Ad] and won ($35.50) with two pair, Kings and Fives
Seat 2: ChrisTuff (button) (small blind) mucked


PokerStars Hand #147901049044:  Hold'em Limit ($3/$6 USD) - 2016/01/29 17:39:10 ET
Table 'Zomba' 2-max Seat #1 is the button
Seat 1: stuart1973 ($176.80 in chips)
Seat 2: ChrisTuff ($120 in chips)
stuart1973: posts small blind $1
ChrisTuff: posts big blind $3
*** HOLE CARDS ***
stuart1973: raises $3 to $6
ChrisTuff: raises $3 to $9
stuart1973: calls $3
*** FLOP *** [3c Ac 3s]
ChrisTuff: bets $3
stuart1973: calls $3
*** TURN *** [3c Ac 3s] [2c]
ChrisTuff: checks
stuart1973: checks
*** RIVER *** [3c Ac 3s 2c] [Ah]
ChrisTuff: bets $6
stuart1973: folds
Uncalled bet ($6) returned to ChrisTuff
ChrisTuff collected $23.52 from pot
ChrisTuff: doesn't show hand
*** SUMMARY ***
Total pot $24 | Rake $0.48
Board [3c Ac 3s 2c Ah]
Seat 1: stuart1973 (button) (small blind) folded on the River
Seat 2: ChrisTuff (big blind) collected ($23.52)


PokerStars Hand #147901044889:  Hold'em Limit ($3/$6 USD) - 2016/01/29 17:39:06 ET
Table 'Zomba' 2-max Seat #2 is the button
Seat 1: stuart1973 ($175.80 in chips)
Seat 2: ChrisTuff ($121 in chips)
ChrisTuff: posts small blind $1
stuart1973: posts big blind $3
*** HOLE CARDS ***
ChrisTuff: folds
Uncalled bet ($2) returned to stuart1973
stuart1973 collected $2 from pot
*** SUMMARY ***
Total pot $2 | Rake $0
Seat 1: stuart1973 (big blind) collected ($2)
Seat 2: ChrisTuff (button) (small blind) folded before Flop


PokerStars Hand #147901040075:  Hold'em Limit ($3/$6 USD) - 2016/01/29 17:39:01 ET
Table 'Zomba' 2-max Seat #1 is the button
Seat 1: stuart1973 ($176.80 in chips)
Seat 2: ChrisTuff ($120 in chips)
stuart1973: posts small blind $1
ChrisTuff: posts big blind $3
*** HOLE CARDS ***
stuart1973: folds
Uncalled bet ($2) returned to ChrisTuff
ChrisTuff collected $2 from pot
ChrisTuff: doesn't show hand
*** SUMMARY ***
Total pot $2 | Rake $0
Seat 1: stuart1973 (button) (small blind) folded before Flop
Seat 2: ChrisTuff (big blind) collected ($2)


PokerStars Hand #147901035882:  Hold'em Limit ($3/$6 USD) - 2016/01/29 17:38:56 ET
Table 'Zomba' 2-max Seat #2 is the button
Seat 1: stuart1973 ($175.80 in chips)
Seat 2: ChrisTuff ($120 in chips)
ChrisTuff: posts small blind $1
stuart1973: posts big blind $3
*** HOLE CARDS ***
ChrisTuff: folds
Uncalled bet ($2) returned to stuart1973
stuart1973 collected $2 from pot
*** SUMMARY ***
Total pot $2 | Rake $0
Seat 1: stuart1973 (big blind) collected ($2)
Seat 2: ChrisTuff (button) (small blind) folded before Flop


PokerStars Hand #147901019590:  Hold'em Limit ($3/$6 USD) - 2016/01/29 17:38:40 ET
Table 'Zomba' 2-max Seat #1 is the button
Seat 1: stuart1973 ($149.30 in chips)
Seat 2: ChrisTuff ($120 in chips)
stuart1973: posts small blind $1
ChrisTuff: posts big blind $3
*** HOLE CARDS ***
stuart1973: raises $3 to $6
ChrisTuff: raises $3 to $9
stuart1973: raises $3 to $12
Betting is capped
ChrisTuff: calls $3
*** FLOP *** [8d Th 7s]
ChrisTuff: checks
stuart1973: bets $3
ChrisTuff: calls $3
*** TURN *** [8d Th 7s] [6h]
ChrisTuff: checks
stuart1973: bets $6
ChrisTuff: calls $6
*** RIVER *** [8d Th 7s 6h] [Js]
ChrisTuff: checks
stuart1973: bets $6
ChrisTuff: calls $6
*** SHOW DOWN ***
stuart1973: shows [9d 9h] (a straight, Seven to Jack)
ChrisTuff: mucks hand
stuart1973 collected $53.50 from pot
*** SUMMARY ***
Total pot $54 | Rake $0.50
Board [8d Th 7s 6h Js]
Seat 1: stuart1973 (button) (small blind) showed [9d 9h] and won ($53.50) with a straight, Seven to Jack
Seat 2: ChrisTuff (big blind) mucked


PokerStars Hand #147901122432:  Hold'em Limit ($3/$6 USD) - 2016/01/29 17:40:26 ET
Table 'Zomba' 2-max Seat #1 is the button
Seat 1: stuart1973 ($169.82 in chips)
Seat 2: ChrisTuff ($140.50 in chips)
stuart1973: posts small blind $1
ChrisTuff: posts big blind $3
*** HOLE CARDS ***
stuart1973: raises $3 to $6
ChrisTuff: calls $3
*** FLOP *** [6s Qc 8d]
ChrisTuff: checks
stuart1973: bets $3
ChrisTuff: calls $3
*** TURN *** [6s Qc 8d] [Tc]
ChrisTuff: checks
stuart1973: checks
*** RIVER *** [6s Qc 8d Tc] [9c]
ChrisTuff: bets $6
stuart1973: calls $6
*** SHOW DOWN ***
ChrisTuff: shows [Kh 7s] (a straight, Six to Ten)
stuart1973: mucks hand
ChrisTuff collected $29.50 from pot
*** SUMMARY ***
Total pot $30 | Rake $0.50
Board [6s Qc 8d Tc 9c]
Seat 1: stuart1973 (button) (small blind) mucked
Seat 2: ChrisTuff (big blind) showed [Kh 7s] and won ($29.50) with a straight, Six to Ten


PokerStars Hand #147901108003:  Hold'em Limit ($3/$6 USD) - 2016/01/29 17:40:11 ET
Table 'Zomba' 2-max Seat #2 is the button
Seat 1: stuart1973 ($190.82 in chips)
Seat 2: ChrisTuff ($120 in chips)
ChrisTuff: posts small blind $1
stuart1973: posts big blind $3
*** HOLE CARDS ***
ChrisTuff: raises $3 to $6
stuart1973: calls $3
*** FLOP *** [Tc Jh 6s]
stuart1973: checks
ChrisTuff: bets $3
stuart1973: calls $3
*** TURN *** [Tc Jh 6s] [Ac]
stuart1973: checks
ChrisTuff: bets $6
stuart1973: calls $6
*** RIVER *** [Tc Jh 6s Ac] [4c]
stuart1973: checks
ChrisTuff: bets $6
stuart1973: calls $6
*** SHOW DOWN ***
ChrisTuff: shows [Ah 2c] (a pair of Aces)
stuart1973: mucks hand
ChrisTuff collected $41.50 from pot
*** SUMMARY ***
Total pot $42 | Rake $0.50
Board [Tc Jh 6s Ac 4c]
Seat 1: stuart1973 (big blind) mucked
Seat 2: ChrisTuff (button) (small blind) showed [Ah 2c] and won ($41.50) with a pair of Aces


PokerStars Hand #147901096588:  Hold'em Limit ($3/$6 USD) - 2016/01/29 17:39:59 ET
Table 'Zomba' 2-max Seat #1 is the button
Seat 1: stuart1973 ($179.30 in chips)
Seat 2: ChrisTuff ($125.76 in chips)
stuart1973: posts small blind $1
ChrisTuff: posts big blind $3
*** HOLE CARDS ***
stuart1973: raises $3 to $6
ChrisTuff: calls $3
*** FLOP *** [4c 6h Js]
ChrisTuff: checks
stuart1973: checks
*** TURN *** [4c 6h Js] [Kc]
ChrisTuff: bets $6
stuart1973: raises $6 to $12
ChrisTuff: folds
Uncalled bet ($6) returned to stuart1973
stuart1973 collected $23.52 from pot
*** SUMMARY ***
Total pot $24 | Rake $0.48
Board [4c 6h Js Kc]
Seat 1: stuart1973 (button) (small blind) collected ($23.52)
Seat 2: ChrisTuff (big blind) folded on the Turn


PokerStars Hand #147901087355:  Hold'em Limit ($3/$6 USD) - 2016/01/29 17:39:50 ET
Table 'Zomba' 2-max Seat #2 is the button
Seat 1: stuart1973 ($185.30 in chips)
Seat 2: ChrisTuff ($120 in chips)
ChrisTuff: posts small blind $1
stuart1973: posts big blind $3
*** HOLE CARDS ***
ChrisTuff: raises $3 to $6
stuart1973: calls $3
*** FLOP *** [Kd 2c Qc]
stuart1973: checks
ChrisTuff: bets $3
stuart1973: folds
Uncalled bet ($3) returned to ChrisTuff
ChrisTuff collected $11.76 from pot
ChrisTuff: doesn't show hand
*** SUMMARY ***
Total pot $12 | Rake $0.24
Board [Kd 2c Qc]
Seat 1: stuart1973 (big blind) folded on the Flop
Seat 2: ChrisTuff (button) (small blind) collected ($11.76)


PokerStars Hand #147901185062:  Hold'em Limit ($3/$6 USD) - 2016/01/29 17:41:31 ET
Table 'Zomba' 2-max Seat #2 is the button
Seat 1: stuart1973 ($149.08 in chips)
Seat 2: ChrisTuff ($159.50 in chips)
ChrisTuff: posts small blind $1
stuart1973: posts big blind $3
*** HOLE CARDS ***
ChrisTuff: raises $3 to $6
stuart1973: raises $3 to $9
ChrisTuff: raises $3 to $12
Betting is capped
stuart1973: calls $3
*** FLOP *** [6s 3c 6c]
stuart1973: checks
ChrisTuff: bets $3
stuart1973: calls $3
*** TURN *** [6s 3c 6c] [Js]
stuart1973: checks
ChrisTuff: bets $6
stuart1973: calls $6
*** RIVER *** [6s 3c 6c Js] [3s]
stuart1973: checks
ChrisTuff: bets $6
stuart1973: calls $6
*** SHOW DOWN ***
ChrisTuff: shows [Qs Ah] (two pair, Sixes and Threes)
stuart1973: shows [Td Ac] (two pair, Sixes and Threes)
stuart1973 collected $26.75 from pot
ChrisTuff collected $26.75 from pot
*** SUMMARY ***
Total pot $54 | Rake $0.50
Board [6s 3c 6c Js 3s]
Seat 1: stuart1973 (big blind) showed [Td Ac] and won ($26.75) with two pair, Sixes and Threes
Seat 2: ChrisTuff (button) (small blind) showed [Qs Ah] and won ($26.75) with two pair, Sixes and Threes


PokerStars Hand #147901167284:  Hold'em Limit ($3/$6 USD) - 2016/01/29 17:41:12 ET
Table 'Zomba' 2-max Seat #1 is the button
Seat 1: stuart1973 ($176.08 in chips)
Seat 2: ChrisTuff ($133 in chips)
stuart1973: posts small blind $1
ChrisTuff: posts big blind $3
*** HOLE CARDS ***
stuart1973: raises $3 to $6
ChrisTuff: calls $3
*** FLOP *** [5c 4d 5s]
ChrisTuff: checks
stuart1973: bets $3
ChrisTuff: calls $3
*** TURN *** [5c 4d 5s] [2h]
ChrisTuff: bets $6
stuart1973: raises $6 to $12
ChrisTuff: calls $6
*** RIVER *** [5c 4d 5s 2h] [2c]
ChrisTuff: bets $6
stuart1973: calls $6
*** SHOW DOWN ***
ChrisTuff: shows [Ac 2s] (a full house, Deuces full of Fives)
stuart1973: mucks hand
ChrisTuff collected $53.50 from pot
*** SUMMARY ***
Total pot $54 | Rake $0.50
Board [5c 4d 5s 2h 2c]
Seat 1: stuart1973 (button) (small blind) mucked
Seat 2: ChrisTuff (big blind) showed [Ac 2s] and won ($53.50) with a full house, Deuces full of Fives


PokerStars Hand #147901162947:  Hold'em Limit ($3/$6 USD) - 2016/01/29 17:41:08 ET
Table 'Zomba' 2-max Seat #2 is the button
Seat 1: stuart1973 ($175.08 in chips)
Seat 2: ChrisTuff ($134 in chips)
ChrisTuff: posts small blind $1
stuart1973: posts big blind $3
*** HOLE CARDS ***
ChrisTuff: folds
Uncalled bet ($2) returned to stuart1973
stuart1973 collected $2 from pot
*** SUMMARY ***
Total pot $2 | Rake $0
Seat 1: stuart1973 (big blind) collected ($2)
Seat 2: ChrisTuff (button) (small blind) folded before Flop


PokerStars Hand #147901154147:  Hold'em Limit ($3/$6 USD) - 2016/01/29 17:40:58 ET
Table 'Zomba' 2-max Seat #1 is the button
Seat 1: stuart1973 ($169.32 in chips)
Seat 2: ChrisTuff ($140 in chips)
stuart1973: posts small blind $1
ChrisTuff: posts big blind $3
*** HOLE CARDS ***
stuart1973: raises $3 to $6
ChrisTuff: calls $3
*** FLOP *** [7s Qc 8d]
ChrisTuff: checks
stuart1973: bets $3
ChrisTuff: folds
Uncalled bet ($3) returned to stuart1973
stuart1973 collected $11.76 from pot
*** SUMMARY ***
Total pot $12 | Rake $0.24
Board [7s Qc 8d]
Seat 1: stuart1973 (button) (small blind) collected ($11.76)
Seat 2: ChrisTuff (big blind) folded on the Flop


PokerStars Hand #147901137197:  Hold'em Limit ($3/$6 USD) - 2016/01/29 17:40:41 ET
Table 'Zomba' 2-max Seat #2 is the button
Seat 1: stuart1973 ($154.82 in chips)
Seat 2: ChrisTuff ($155 in chips)
ChrisTuff: posts small blind $1
stuart1973: posts big blind $3
*** HOLE CARDS ***
ChrisTuff: raises $3 to $6
stuart1973: calls $3
*** FLOP *** [6d Kc Td]
stuart1973: checks
ChrisTuff: bets $3
stuart1973: calls $3
*** TURN *** [6d Kc Td] [Qc]
stuart1973: checks
ChrisTuff: bets $6
stuart1973: calls $6
*** RIVER *** [6d Kc Td Qc] [9c]
stuart1973: checks
ChrisTuff: checks
*** SHOW DOWN ***
stuart1973: shows [Jh 8d] (a straight, Nine to King)
ChrisTuff: mucks hand
stuart1973 collected $29.50 from pot
*** SUMMARY ***
Total pot $30 | Rake $0.50
Board [6d Kc Td Qc 9c]
Seat 1: stuart1973 (big blind) showed [Jh 8d] and won ($29.50) with a straight, Nine to King
Seat 2: ChrisTuff (button) (small blind) mucked


PokerStars Hand #147901241405:  Hold'em Limit ($3/$6 USD) - 2016/01/29 17:42:28 ET
Table 'Zomba' 2-max Seat #2 is the button
Seat 1: stuart1973 ($127.35 in chips)
Seat 2: ChrisTuff ($179.63 in chips)
ChrisTuff: posts small blind $1
stuart1973: posts big blind $3
*** HOLE CARDS ***
ChrisTuff: raises $3 to $6
stuart1973: raises $3 to $9
ChrisTuff: calls $3
*** FLOP *** [Qh 5h 3d]
stuart1973: bets $3
ChrisTuff: calls $3
*** TURN *** [Qh 5h 3d] [Jc]
stuart1973: bets $6
ChrisTuff: raises $6 to $12
stuart1973: calls $6
*** RIVER *** [Qh 5h 3d Jc] [Th]
stuart1973: checks
ChrisTuff: checks
*** SHOW DOWN ***
stuart1973: shows [6d 6h] (a pair of Sixes)
ChrisTuff: shows [Qd 7d] (a pair of Queens)
ChrisTuff collected $47.50 from pot
*** SUMMARY ***
Total pot $48 | Rake $0.50
Board [Qh 5h 3d Jc Th]
Seat 1: stuart1973 (big blind) showed [6d 6h] and lost with a pair of Sixes
Seat 2: ChrisTuff (button) (small blind) showed [Qd 7d] and won ($47.50) with a pair of Queens


PokerStars Hand #147901231839:  Hold'em Limit ($3/$6 USD) - 2016/01/29 17:42:18 ET
Table 'Zomba' 2-max Seat #1 is the button
Seat 1: stuart1973 ($130.35 in chips)
Seat 2: ChrisTuff ($176.75 in chips)
stuart1973: posts small blind $1
ChrisTuff: posts big blind $3
*** HOLE CARDS ***
stuart1973: calls $2
ChrisTuff: checks
*** FLOP *** [Tc 6c 6s]
ChrisTuff: checks
stuart1973: checks
*** TURN *** [Tc 6c 6s] [2c]
ChrisTuff: bets $6
stuart1973: folds
Uncalled bet ($6) returned to ChrisTuff
ChrisTuff collected $5.88 from pot
ChrisTuff: doesn't show hand
*** SUMMARY ***
Total pot $6 | Rake $0.12
Board [Tc 6c 6s 2c]
Seat 1: stuart1973 (button) (small blind) folded on the Turn
Seat 2: ChrisTuff (big blind) collected ($5.88)


PokerStars Hand #147901217675:  Hold'em Limit ($3/$6 USD) - 2016/01/29 17:42:03 ET
Table 'Zomba' 2-max Seat #2 is the button
Seat 1: stuart1973 ($160.35 in chips)
Seat 2: ChrisTuff ($147.25 in chips)
ChrisTuff: posts small blind $1
stuart1973: posts big blind $3
*** HOLE CARDS ***
ChrisTuff: raises $3 to $6
stuart1973: raises $3 to $9
ChrisTuff: calls $3
*** FLOP *** [5h 7s Ah]
stuart1973: bets $3
ChrisTuff: calls $3
*** TURN *** [5h 7s Ah] [Ts]
stuart1973: bets $6
ChrisTuff: calls $6
*** RIVER *** [5h 7s Ah Ts] [2s]
stuart1973: bets $6
ChrisTuff: raises $6 to $12
stuart1973: calls $6
*** SHOW DOWN ***
ChrisTuff: shows [4s 5s] (a flush, Ten high)
stuart1973: mucks hand
ChrisTuff collected $59.50 from pot
*** SUMMARY ***
Total pot $60 | Rake $0.50
Board [5h 7s Ah Ts 2s]
Seat 1: stuart1973 (big blind) mucked
Seat 2: ChrisTuff (button) (small blind) showed [4s 5s] and won ($59.50) with a flush, Ten high


PokerStars Hand #147901204029:  Hold'em Limit ($3/$6 USD) - 2016/01/29 17:41:50 ET
Table 'Zomba' 2-max Seat #1 is the button
Seat 1: stuart1973 ($148.83 in chips)
Seat 2: ChrisTuff ($159.25 in chips)
stuart1973: posts small blind $1
ChrisTuff: posts big blind $3
*** HOLE CARDS ***
stuart1973: raises $3 to $6
ChrisTuff: calls $3
*** FLOP *** [Th Td Ks]
ChrisTuff: checks
stuart1973: checks
*** TURN *** [Th Td Ks] [4h]
ChrisTuff: checks
stuart1973: checks
*** RIVER *** [Th Td Ks 4h] [6c]
ChrisTuff: checks
stuart1973: bets $6
ChrisTuff: calls $6
*** SHOW DOWN ***
stuart1973: shows [6d 7d] (two pair, Tens and Sixes)
ChrisTuff: mucks hand
stuart1973 collected $23.52 from pot
*** SUMMARY ***
Total pot $24 | Rake $0.48
Board [Th Td Ks 4h 6c]
Seat 1: stuart1973 (button) (small blind) showed [6d 7d] and won ($23.52) with two pair, Tens and Sixes
Seat 2: ChrisTuff (big blind) mucked


PokerStars Hand #147901277679:  Hold'em Limit ($3/$6 USD) - 2016/01/29 17:43:06 ET
Table 'Zomba' 2-max Seat #1 is the button
Seat 1: stuart1973 ($73.35 in chips)
Seat 2: ChrisTuff ($232.39 in chips)
stuart1973: posts small blind $1
ChrisTuff: posts big blind $3
*** HOLE CARDS ***
stuart1973: raises $3 to $6
ChrisTuff: calls $3
*** FLOP *** [2d 7c 6s]
ChrisTuff: checks
stuart1973: bets $3
ChrisTuff: calls $3
*** TURN *** [2d 7c 6s] [Js]
ChrisTuff: checks
stuart1973: bets $6
ChrisTuff: raises $6 to $12
stuart1973: calls $6
*** RIVER *** [2d 7c 6s Js] [3d]
ChrisTuff: bets $6
stuart1973: calls $6
*** SHOW DOWN ***
ChrisTuff: shows [2s Jd] (two pair, Jacks and Deuces)
stuart1973: mucks hand
ChrisTuff collected $53.50 from pot
*** SUMMARY ***
Total pot $54 | Rake $0.50
Board [2d 7c 6s Js 3d]
Seat 1: stuart1973 (button) (small blind) mucked
Seat 2: ChrisTuff (big blind) showed [2s Jd] and won ($53.50) with two pair, Jacks and Deuces


PokerStars Hand #147901269803:  Hold'em Limit ($3/$6 USD) - 2016/01/29 17:42:58 ET
Table 'Zomba' 2-max Seat #2 is the button
Seat 1: stuart1973 ($79.35 in chips)
Seat 2: ChrisTuff ($226.63 in chips)
ChrisTuff: posts small blind $1
stuart1973: posts big blind $3
*** HOLE CARDS ***
ChrisTuff: raises $3 to $6
stuart1973: calls $3
*** FLOP *** [Jd 9d Jc]
stuart1973: checks
ChrisTuff: bets $3
stuart1973: folds
Uncalled bet ($3) returned to ChrisTuff
ChrisTuff collected $11.76 from pot
ChrisTuff: doesn't show hand
*** SUMMARY ***
Total pot $12 | Rake $0.24
Board [Jd 9d Jc]
Seat 1: stuart1973 (big blind) folded on the Flop
Seat 2: ChrisTuff (button) (small blind) collected ($11.76)


PokerStars Hand #147901255565:  Hold'em Limit ($3/$6 USD) - 2016/01/29 17:42:43 ET
Table 'Zomba' 2-max Seat #1 is the button
Seat 1: stuart1973 ($103.35 in chips)
Seat 2: ChrisTuff ($203.13 in chips)
stuart1973: posts small blind $1
ChrisTuff: posts big blind $3
*** HOLE CARDS ***
stuart1973: raises $3 to $6
ChrisTuff: raises $3 to $9
stuart1973: calls $3
*** FLOP *** [3s 4c 8c]
ChrisTuff: bets $3
stuart1973: calls $3
*** TURN *** [3s 4c 8c] [Jc]
ChrisTuff: bets $6
stuart1973: calls $6
*** RIVER *** [3s 4c 8c Jc] [3d]
ChrisTuff: bets $6
stuart1973: calls $6
*** SHOW DOWN ***
ChrisTuff: shows [Qh Qs] (two pair, Queens and Threes)
stuart1973: mucks hand
ChrisTuff collected $47.50 from pot
*** SUMMARY ***
Total pot $48 | Rake $0.50
Board [3s 4c 8c Jc 3d]
Seat 1: stuart1973 (button) (small blind) mucked
Seat 2: ChrisTuff (big blind) showed [Qh Qs] and won ($47.50) with two pair, Queens and Threes


