PokerStars Hand #155263216973:  Hold'em Limit ($3/$6 USD) - 2016/06/27 11:16:05 ET
Table 'Zoya' 6-max Seat #3 is the button
Seat 3: sawel888 ($120 in chips)
Seat 4: AzureCaper ($72 in chips)
sawel888: posts small blind $1
AzureCaper: posts big blind $3
*** HOLE CARDS ***
sawel888: calls $2
AzureCaper: checks
*** FLOP *** [8d 9s Qs]
AzureCaper: checks
sawel888: checks
*** TURN *** [8d 9s Qs] [8c]
AzureCaper: bets $6
sawel888: calls $6
*** RIVER *** [8d 9s Qs 8c] [4d]
AzureCaper: bets $6
sawel888: raises $6 to $12
AzureCaper: folds
Uncalled bet ($6) returned to sawel888
sawel888 collected $29.50 from pot
sawel888: doesn't show hand
*** SUMMARY ***
Total pot $30 | Rake $0.50
Board [8d 9s Qs 8c 4d]
Seat 3: sawel888 (button) (small blind) collected ($29.50)
Seat 4: AzureCaper (big blind) folded on the River


PokerStars Hand #155263247651:  Hold'em Limit ($3/$6 USD) - 2016/06/27 11:16:59 ET
Table 'Zoya' 6-max Seat #4 is the button
Seat 3: sawel888 ($142.14 in chips)
Seat 4: AzureCaper ($73 in chips)
AzureCaper: posts small blind $1
sawel888: posts big blind $3
*** HOLE CARDS ***
AzureCaper: raises $3 to $6
sawel888: calls $3
*** FLOP *** [Qh 2c Qs]
sawel888: checks
AzureCaper: bets $3
sawel888: calls $3
*** TURN *** [Qh 2c Qs] [Kh]
sawel888: checks
AzureCaper: bets $6
sawel888: calls $6
*** RIVER *** [Qh 2c Qs Kh] [Ac]
sawel888: bets $6
AzureCaper: folds
Uncalled bet ($6) returned to sawel888
sawel888 collected $29.50 from pot
sawel888: doesn't show hand
*** SUMMARY ***
Total pot $30 | Rake $0.50
Board [Qh 2c Qs Kh Ac]
Seat 3: sawel888 (big blind) collected ($29.50)
Seat 4: AzureCaper (button) (small blind) folded on the River


PokerStars Hand #155263244721:  Hold'em Limit ($3/$6 USD) - 2016/06/27 11:16:54 ET
Table 'Zoya' 6-max Seat #3 is the button
Seat 3: sawel888 ($143.14 in chips)
Seat 4: AzureCaper ($72 in chips)
sawel888: posts small blind $1
AzureCaper: posts big blind $3
*** HOLE CARDS ***
sawel888: folds
Uncalled bet ($2) returned to AzureCaper
AzureCaper collected $2 from pot
AzureCaper: doesn't show hand
*** SUMMARY ***
Total pot $2 | Rake $0
Seat 3: sawel888 (button) (small blind) folded before Flop
Seat 4: AzureCaper (big blind) collected ($2)


PokerStars Hand #155263233389:  Hold'em Limit ($3/$6 USD) - 2016/06/27 11:16:34 ET
Table 'Zoya' 6-max Seat #4 is the button
Seat 3: sawel888 ($134.50 in chips)
Seat 4: AzureCaper ($72 in chips)
AzureCaper: posts small blind $1
sawel888: posts big blind $3
*** HOLE CARDS ***
AzureCaper: raises $3 to $6
sawel888: calls $3
*** FLOP *** [4d Ah 6c]
sawel888: checks
AzureCaper: bets $3
sawel888: calls $3
*** TURN *** [4d Ah 6c] [Qs]
sawel888: checks
AzureCaper: checks
*** RIVER *** [4d Ah 6c Qs] [8c]
sawel888: bets $6
AzureCaper: folds
Uncalled bet ($6) returned to sawel888
sawel888 collected $17.64 from pot
sawel888: doesn't show hand
*** SUMMARY ***
Total pot $18 | Rake $0.36
Board [4d Ah 6c Qs 8c]
Seat 3: sawel888 (big blind) collected ($17.64)
Seat 4: AzureCaper (button) (small blind) folded on the River


PokerStars Hand #155263282971:  Hold'em Limit ($3/$6 USD) - 2016/06/27 11:18:02 ET
Table 'Zoya' 6-max Seat #3 is the button
Seat 3: sawel888 ($185.64 in chips)
Seat 4: AzureCaper ($72 in chips)
sawel888: posts small blind $1
AzureCaper: posts big blind $3
*** HOLE CARDS ***
sawel888: raises $3 to $6
AzureCaper: calls $3
*** FLOP *** [3c Th Kd]
AzureCaper: checks
sawel888: bets $3
AzureCaper: calls $3
*** TURN *** [3c Th Kd] [Ad]
AzureCaper: checks
sawel888: checks
*** RIVER *** [3c Th Kd Ad] [Jd]
AzureCaper: checks
sawel888: checks
*** SHOW DOWN ***
AzureCaper: shows [Tc 9d] (a pair of Tens)
sawel888: mucks hand
AzureCaper collected $17.64 from pot
*** SUMMARY ***
Total pot $18 | Rake $0.36
Board [3c Th Kd Ad Jd]
Seat 3: sawel888 (button) (small blind) mucked
Seat 4: AzureCaper (big blind) showed [Tc 9d] and won ($17.64) with a pair of Tens


PokerStars Hand #155263259084:  Hold'em Limit ($3/$6 USD) - 2016/06/27 11:17:19 ET
Table 'Zoya' 6-max Seat #3 is the button
Seat 3: sawel888 ($156.64 in chips)
Seat 4: AzureCaper ($72 in chips)
sawel888: posts small blind $1
AzureCaper: posts big blind $3
*** HOLE CARDS ***
sawel888: raises $3 to $6
AzureCaper: calls $3
*** FLOP *** [8c Js Ts]
AzureCaper: checks
sawel888: bets $3
AzureCaper: calls $3
*** TURN *** [8c Js Ts] [Kd]
AzureCaper: checks
sawel888: bets $6
AzureCaper: calls $6
*** RIVER *** [8c Js Ts Kd] [Td]
AzureCaper: checks
sawel888: bets $6
AzureCaper: folds
Uncalled bet ($6) returned to sawel888
sawel888 collected $29.50 from pot
sawel888: doesn't show hand
*** SUMMARY ***
Total pot $30 | Rake $0.50
Board [8c Js Ts Kd Td]
Seat 3: sawel888 (button) (small blind) collected ($29.50)
Seat 4: AzureCaper (big blind) folded on the River


PokerStars Hand #155263271937:  Hold'em Limit ($3/$6 USD) - 2016/06/27 11:17:42 ET
Table 'Zoya' 6-max Seat #4 is the button
Seat 3: sawel888 ($171.14 in chips)
Seat 4: AzureCaper ($72 in chips)
AzureCaper: posts small blind $1
sawel888: posts big blind $3
*** HOLE CARDS ***
AzureCaper: raises $3 to $6
sawel888: calls $3
*** FLOP *** [Js 2c 5c]
sawel888: checks
AzureCaper: bets $3
sawel888: calls $3
*** TURN *** [Js 2c 5c] [Qh]
sawel888: checks
AzureCaper: bets $6
sawel888: calls $6
*** RIVER *** [Js 2c 5c Qh] [Kc]
sawel888: bets $6
AzureCaper: folds
Uncalled bet ($6) returned to sawel888
sawel888 collected $29.50 from pot
sawel888: doesn't show hand
*** SUMMARY ***
Total pot $30 | Rake $0.50
Board [Js 2c 5c Qh Kc]
Seat 3: sawel888 (big blind) collected ($29.50)
Seat 4: AzureCaper (button) (small blind) folded on the River


PokerStars Hand #155263307217:  Hold'em Limit ($3/$6 USD) - 2016/06/27 11:18:44 ET
Table 'Zoya' 6-max Seat #3 is the button
Seat 3: sawel888 ($185.28 in chips)
Seat 4: AzureCaper ($72 in chips)
sawel888: posts small blind $1
AzureCaper: posts big blind $3
*** HOLE CARDS ***
sawel888: raises $3 to $6
AzureCaper: calls $3
*** FLOP *** [9c 2h Kh]
AzureCaper: checks
sawel888: checks
*** TURN *** [9c 2h Kh] [9h]
AzureCaper: checks
sawel888: bets $6
AzureCaper: folds
Uncalled bet ($6) returned to sawel888
sawel888 collected $11.76 from pot
sawel888: doesn't show hand
*** SUMMARY ***
Total pot $12 | Rake $0.24
Board [9c 2h Kh 9h]
Seat 3: sawel888 (button) (small blind) collected ($11.76)
Seat 4: AzureCaper (big blind) folded on the Turn


PokerStars Hand #155263315290:  Hold'em Limit ($3/$6 USD) - 2016/06/27 11:18:59 ET
Table 'Zoya' 6-max Seat #4 is the button
Seat 3: sawel888 ($191.04 in chips)
Seat 4: AzureCaper ($72 in chips)
AzureCaper: posts small blind $1
sawel888: posts big blind $3
*** HOLE CARDS ***
AzureCaper: raises $3 to $6
sawel888: calls $3
*** FLOP *** [7s Ah 6d]
sawel888: checks
AzureCaper: bets $3
sawel888: calls $3
*** TURN *** [7s Ah 6d] [8s]
sawel888: checks
AzureCaper: bets $6
sawel888: raises $6 to $12
AzureCaper: calls $6
*** RIVER *** [7s Ah 6d 8s] [Qh]
sawel888: bets $6
AzureCaper: calls $6
*** SHOW DOWN ***
sawel888: shows [5d Ad] (a pair of Aces)
AzureCaper: shows [Ac Kh] (a pair of Aces - King kicker)
AzureCaper collected $53.50 from pot
*** SUMMARY ***
Total pot $54 | Rake $0.50
Board [7s Ah 6d 8s Qh]
Seat 3: sawel888 (big blind) showed [5d Ad] and lost with a pair of Aces
Seat 4: AzureCaper (button) (small blind) showed [Ac Kh] and won ($53.50) with a pair of Aces


PokerStars Hand #155263292945:  Hold'em Limit ($3/$6 USD) - 2016/06/27 11:18:19 ET
Table 'Zoya' 6-max Seat #4 is the button
Seat 3: sawel888 ($176.64 in chips)
Seat 4: AzureCaper ($80.64 in chips)
AzureCaper: posts small blind $1
sawel888: posts big blind $3
*** HOLE CARDS ***
AzureCaper: raises $3 to $6
sawel888: calls $3
*** FLOP *** [9d Jd 4h]
sawel888: checks
AzureCaper: bets $3
sawel888: calls $3
*** TURN *** [9d Jd 4h] [6d]
sawel888: checks
AzureCaper: checks
*** RIVER *** [9d Jd 4h 6d] [3s]
sawel888: bets $6
AzureCaper: folds
Uncalled bet ($6) returned to sawel888
sawel888 collected $17.64 from pot
sawel888: doesn't show hand
*** SUMMARY ***
Total pot $18 | Rake $0.36
Board [9d Jd 4h 6d 3s]
Seat 3: sawel888 (big blind) collected ($17.64)
Seat 4: AzureCaper (button) (small blind) folded on the River


PokerStars Hand #155263358623:  Hold'em Limit ($3/$6 USD) - 2016/06/27 11:20:16 ET
Table 'Zoya' 6-max Seat #3 is the button
Seat 3: sawel888 ($169.54 in chips)
Seat 4: AzureCaper ($92.14 in chips)
sawel888: posts small blind $1
AzureCaper: posts big blind $3
*** HOLE CARDS ***
sawel888: raises $3 to $6
AzureCaper: calls $3
*** FLOP *** [3d 6h 7h]
AzureCaper: checks
sawel888: bets $3
AzureCaper: calls $3
*** TURN *** [3d 6h 7h] [Ah]
AzureCaper: checks
sawel888: bets $6
AzureCaper: calls $6
*** RIVER *** [3d 6h 7h Ah] [4c]
AzureCaper: checks
sawel888: bets $6
AzureCaper: calls $6
*** SHOW DOWN ***
sawel888: shows [4s Ad] (two pair, Aces and Fours)
AzureCaper: mucks hand
sawel888 collected $41.50 from pot
*** SUMMARY ***
Total pot $42 | Rake $0.50
Board [3d 6h 7h Ah 4c]
Seat 3: sawel888 (button) (small blind) showed [4s Ad] and won ($41.50) with two pair, Aces and Fours
Seat 4: AzureCaper (big blind) mucked


PokerStars Hand #155263331688:  Hold'em Limit ($3/$6 USD) - 2016/06/27 11:19:28 ET
Table 'Zoya' 6-max Seat #3 is the button
Seat 3: sawel888 ($164.04 in chips)
Seat 4: AzureCaper ($98.50 in chips)
sawel888: posts small blind $1
AzureCaper: posts big blind $3
*** HOLE CARDS ***
sawel888: raises $3 to $6
AzureCaper: calls $3
*** FLOP *** [7c 5d Td]
AzureCaper: checks
sawel888: bets $3
AzureCaper: raises $3 to $6
sawel888: raises $3 to $9
AzureCaper: calls $3
*** TURN *** [7c 5d Td] [Kc]
AzureCaper: checks
sawel888: bets $6
AzureCaper: folds
Uncalled bet ($6) returned to sawel888
sawel888 collected $29.50 from pot
sawel888: doesn't show hand
*** SUMMARY ***
Total pot $30 | Rake $0.50
Board [7c 5d Td Kc]
Seat 3: sawel888 (button) (small blind) collected ($29.50)
Seat 4: AzureCaper (big blind) folded on the Turn


PokerStars Hand #155263349268:  Hold'em Limit ($3/$6 USD) - 2016/06/27 11:19:59 ET
Table 'Zoya' 6-max Seat #4 is the button
Seat 3: sawel888 ($178.54 in chips)
Seat 4: AzureCaper ($83.50 in chips)
AzureCaper: posts small blind $1
sawel888: posts big blind $3
*** HOLE CARDS ***
AzureCaper: raises $3 to $6
sawel888: calls $3
*** FLOP *** [Ks 3d Js]
sawel888: bets $3
AzureCaper: calls $3
*** TURN *** [Ks 3d Js] [7d]
sawel888: checks
AzureCaper: bets $6
sawel888: folds
Uncalled bet ($6) returned to AzureCaper
AzureCaper collected $17.64 from pot
AzureCaper: doesn't show hand
*** SUMMARY ***
Total pot $18 | Rake $0.36
Board [Ks 3d Js 7d]
Seat 3: sawel888 (big blind) folded on the Turn
Seat 4: AzureCaper (button) (small blind) collected ($17.64)


PokerStars Hand #155263378508:  Hold'em Limit ($3/$6 USD) - 2016/06/27 11:20:51 ET
Table 'Zoya' 6-max Seat #3 is the button
Seat 3: sawel888 ($163.04 in chips)
Seat 4: AzureCaper ($98.50 in chips)
sawel888: posts small blind $1
AzureCaper: posts big blind $3
*** HOLE CARDS ***
sawel888: folds
Uncalled bet ($2) returned to AzureCaper
AzureCaper collected $2 from pot
AzureCaper: doesn't show hand
*** SUMMARY ***
Total pot $2 | Rake $0
Seat 3: sawel888 (button) (small blind) folded before Flop
Seat 4: AzureCaper (big blind) collected ($2)


PokerStars Hand #155263367590:  Hold'em Limit ($3/$6 USD) - 2016/06/27 11:20:32 ET
Table 'Zoya' 6-max Seat #4 is the button
Seat 3: sawel888 ($190.04 in chips)
Seat 4: AzureCaper ($72 in chips)
AzureCaper: posts small blind $1
sawel888: posts big blind $3
*** HOLE CARDS ***
AzureCaper: raises $3 to $6
sawel888: calls $3
*** FLOP *** [5c 7h Kh]
sawel888: checks
AzureCaper: bets $3
sawel888: calls $3
*** TURN *** [5c 7h Kh] [3d]
sawel888: checks
AzureCaper: bets $6
sawel888: raises $6 to $12
AzureCaper: calls $6
*** RIVER *** [5c 7h Kh 3d] [Kd]
sawel888: bets $6
AzureCaper: calls $6
*** SHOW DOWN ***
sawel888: shows [8h 7s] (two pair, Kings and Sevens)
AzureCaper: shows [7c Ad] (two pair, Kings and Sevens - Ace kicker)
AzureCaper collected $53.50 from pot
*** SUMMARY ***
Total pot $54 | Rake $0.50
Board [5c 7h Kh 3d Kd]
Seat 3: sawel888 (big blind) showed [8h 7s] and lost with two pair, Kings and Sevens
Seat 4: AzureCaper (button) (small blind) showed [7c Ad] and won ($53.50) with two pair, Kings and Sevens


PokerStars Hand #155263400958:  Hold'em Limit ($3/$6 USD) - 2016/06/27 11:21:31 ET
Table 'Zoya' 6-max Seat #4 is the button
Seat 3: sawel888 ($179.32 in chips)
Seat 4: AzureCaper ($81.50 in chips)
AzureCaper: posts small blind $1
sawel888: posts big blind $3
*** HOLE CARDS ***
AzureCaper: folds
Uncalled bet ($2) returned to sawel888
sawel888 collected $2 from pot
sawel888: doesn't show hand
*** SUMMARY ***
Total pot $2 | Rake $0
Seat 3: sawel888 (big blind) collected ($2)
Seat 4: AzureCaper (button) (small blind) folded before Flop


PokerStars Hand #155263395634:  Hold'em Limit ($3/$6 USD) - 2016/06/27 11:21:22 ET
Table 'Zoya' 6-max Seat #3 is the button
Seat 3: sawel888 ($173.56 in chips)
Seat 4: AzureCaper ($87.50 in chips)
sawel888: posts small blind $1
AzureCaper: posts big blind $3
*** HOLE CARDS ***
sawel888: raises $3 to $6
AzureCaper: calls $3
*** FLOP *** [4c Jd Ac]
AzureCaper: checks
sawel888: bets $3
AzureCaper: folds
Uncalled bet ($3) returned to sawel888
sawel888 collected $11.76 from pot
sawel888: doesn't show hand
*** SUMMARY ***
Total pot $12 | Rake $0.24
Board [4c Jd Ac]
Seat 3: sawel888 (button) (small blind) collected ($11.76)
Seat 4: AzureCaper (big blind) folded on the Flop


PokerStars Hand #155263392347:  Hold'em Limit ($3/$6 USD) - 2016/06/27 11:21:16 ET
Table 'Zoya' 6-max Seat #4 is the button
Seat 3: sawel888 ($176.56 in chips)
Seat 4: AzureCaper ($84.50 in chips)
AzureCaper: posts small blind $1
sawel888: posts big blind $3
*** HOLE CARDS ***
AzureCaper: raises $3 to $6
sawel888: folds
Uncalled bet ($3) returned to AzureCaper
AzureCaper collected $6 from pot
AzureCaper: doesn't show hand
*** SUMMARY ***
Total pot $6 | Rake $0
Seat 3: sawel888 (big blind) folded before Flop
Seat 4: AzureCaper (button) (small blind) collected ($6)


PokerStars Hand #155263389314:  Hold'em Limit ($3/$6 USD) - 2016/06/27 11:21:11 ET
Table 'Zoya' 6-max Seat #3 is the button
Seat 3: sawel888 ($173.56 in chips)
Seat 4: AzureCaper ($87.50 in chips)
sawel888: posts small blind $1
AzureCaper: posts big blind $3
*** HOLE CARDS ***
sawel888: raises $3 to $6
AzureCaper: folds
Uncalled bet ($3) returned to sawel888
sawel888 collected $6 from pot
sawel888: doesn't show hand
*** SUMMARY ***
Total pot $6 | Rake $0
Seat 3: sawel888 (button) (small blind) collected ($6)
Seat 4: AzureCaper (big blind) folded before Flop


PokerStars Hand #155263382059:  Hold'em Limit ($3/$6 USD) - 2016/06/27 11:20:58 ET
Table 'Zoya' 6-max Seat #4 is the button
Seat 3: sawel888 ($162.04 in chips)
Seat 4: AzureCaper ($99.50 in chips)
AzureCaper: posts small blind $1
sawel888: posts big blind $3
*** HOLE CARDS ***
AzureCaper: raises $3 to $6
sawel888: raises $3 to $9
AzureCaper: calls $3
*** FLOP *** [2s 4s 4d]
sawel888: bets $3
AzureCaper: calls $3
*** TURN *** [2s 4s 4d] [6d]
sawel888: bets $6
AzureCaper: folds
Uncalled bet ($6) returned to sawel888
sawel888 collected $23.52 from pot
sawel888: doesn't show hand
*** SUMMARY ***
Total pot $24 | Rake $0.48
Board [2s 4s 4d 6d]
Seat 3: sawel888 (big blind) collected ($23.52)
Seat 4: AzureCaper (button) (small blind) folded on the Turn


PokerStars Hand #155263420822:  Hold'em Limit ($3/$6 USD) - 2016/06/27 11:22:07 ET
Table 'Zoya' 6-max Seat #3 is the button
Seat 3: sawel888 ($179.07 in chips)
Seat 4: AzureCaper ($81.25 in chips)
sawel888: posts small blind $1
AzureCaper: posts big blind $3
*** HOLE CARDS ***
sawel888: raises $3 to $6
AzureCaper: calls $3
*** FLOP *** [5d Js 4h]
AzureCaper: checks
sawel888: checks
*** TURN *** [5d Js 4h] [Ah]
AzureCaper: checks
sawel888: bets $6
AzureCaper: folds
Uncalled bet ($6) returned to sawel888
sawel888 collected $11.76 from pot
sawel888: doesn't show hand
*** SUMMARY ***
Total pot $12 | Rake $0.24
Board [5d Js 4h Ah]
Seat 3: sawel888 (button) (small blind) collected ($11.76)
Seat 4: AzureCaper (big blind) folded on the Turn


PokerStars Hand #155263403407:  Hold'em Limit ($3/$6 USD) - 2016/06/27 11:21:36 ET
Table 'Zoya' 6-max Seat #3 is the button
Seat 3: sawel888 ($180.32 in chips)
Seat 4: AzureCaper ($80.50 in chips)
sawel888: posts small blind $1
AzureCaper: posts big blind $3
*** HOLE CARDS ***
sawel888: folds
Uncalled bet ($2) returned to AzureCaper
AzureCaper collected $2 from pot
AzureCaper: doesn't show hand
*** SUMMARY ***
Total pot $2 | Rake $0
Seat 3: sawel888 (button) (small blind) folded before Flop
Seat 4: AzureCaper (big blind) collected ($2)


PokerStars Hand #155263454542:  Hold'em Limit ($3/$6 USD) - 2016/06/27 11:23:07 ET
Table 'Zoya' 6-max Seat #3 is the button
Seat 3: sawel888 ($211.33 in chips)
Seat 4: AzureCaper ($72 in chips)
sawel888: posts small blind $1
AzureCaper: posts big blind $3
*** HOLE CARDS ***
sawel888: raises $3 to $6
AzureCaper: calls $3
*** FLOP *** [Jh 4h 3c]
AzureCaper: checks
sawel888: bets $3
AzureCaper: calls $3
*** TURN *** [Jh 4h 3c] [2h]
AzureCaper: checks
sawel888: checks
*** RIVER *** [Jh 4h 3c 2h] [As]
AzureCaper: checks
sawel888: bets $6
AzureCaper: raises $6 to $12
sawel888: calls $6
*** SHOW DOWN ***
AzureCaper: shows [4d 4s] (three of a kind, Fours)
sawel888: mucks hand
AzureCaper collected $41.50 from pot
*** SUMMARY ***
Total pot $42 | Rake $0.50
Board [Jh 4h 3c 2h As]
Seat 3: sawel888 (button) (small blind) mucked
Seat 4: AzureCaper (big blind) showed [4d 4s] and won ($41.50) with three of a kind, Fours


PokerStars Hand #155263452187:  Hold'em Limit ($3/$6 USD) - 2016/06/27 11:23:03 ET
Table 'Zoya' 6-max Seat #4 is the button
Seat 3: sawel888 ($210.33 in chips)
Seat 4: AzureCaper ($73 in chips)
AzureCaper: posts small blind $1
sawel888: posts big blind $3
*** HOLE CARDS ***
AzureCaper: folds
Uncalled bet ($2) returned to sawel888
sawel888 collected $2 from pot
sawel888: doesn't show hand
*** SUMMARY ***
Total pot $2 | Rake $0
Seat 3: sawel888 (big blind) collected ($2)
Seat 4: AzureCaper (button) (small blind) folded before Flop


PokerStars Hand #155263449408:  Hold'em Limit ($3/$6 USD) - 2016/06/27 11:22:58 ET
Table 'Zoya' 6-max Seat #3 is the button
Seat 3: sawel888 ($211.33 in chips)
Seat 4: AzureCaper ($72 in chips)
sawel888: posts small blind $1
AzureCaper: posts big blind $3
*** HOLE CARDS ***
sawel888: folds
Uncalled bet ($2) returned to AzureCaper
AzureCaper collected $2 from pot
AzureCaper: doesn't show hand
*** SUMMARY ***
Total pot $2 | Rake $0
Seat 3: sawel888 (button) (small blind) folded before Flop
Seat 4: AzureCaper (big blind) collected ($2)


PokerStars Hand #155263428951:  Hold'em Limit ($3/$6 USD) - 2016/06/27 11:22:21 ET
Table 'Zoya' 6-max Seat #4 is the button
Seat 3: sawel888 ($184.83 in chips)
Seat 4: AzureCaper ($75.25 in chips)
AzureCaper: posts small blind $1
sawel888: posts big blind $3
*** HOLE CARDS ***
AzureCaper: raises $3 to $6
sawel888: calls $3
*** FLOP *** [7s Kc 8d]
sawel888: checks
AzureCaper: bets $3
sawel888: calls $3
*** TURN *** [7s Kc 8d] [3h]
sawel888: checks
AzureCaper: bets $6
sawel888: calls $6
*** RIVER *** [7s Kc 8d 3h] [4s]
sawel888: checks
AzureCaper: bets $6
sawel888: raises $6 to $12
AzureCaper: calls $6
*** SHOW DOWN ***
sawel888: shows [8s 7c] (two pair, Eights and Sevens)
AzureCaper: mucks hand
sawel888 collected $53.50 from pot
*** SUMMARY ***
Total pot $54 | Rake $0.50
Board [7s Kc 8d 3h 4s]
Seat 3: sawel888 (big blind) showed [8s 7c] and won ($53.50) with two pair, Eights and Sevens
Seat 4: AzureCaper (button) (small blind) mucked


PokerStars Hand #155263446379:  Hold'em Limit ($3/$6 USD) - 2016/06/27 11:22:52 ET
Table 'Zoya' 6-max Seat #4 is the button
Seat 3: sawel888 ($210.33 in chips)
Seat 4: AzureCaper ($73 in chips)
AzureCaper: posts small blind $1
sawel888: posts big blind $3
*** HOLE CARDS ***
AzureCaper: folds
Uncalled bet ($2) returned to sawel888
sawel888 collected $2 from pot
sawel888: doesn't show hand
*** SUMMARY ***
Total pot $2 | Rake $0
Seat 3: sawel888 (big blind) collected ($2)
Seat 4: AzureCaper (button) (small blind) folded before Flop


PokerStars Hand #155263443424:  Hold'em Limit ($3/$6 USD) - 2016/06/27 11:22:47 ET
Table 'Zoya' 6-max Seat #3 is the button
Seat 3: sawel888 ($211.33 in chips)
Seat 4: AzureCaper ($72 in chips)
sawel888: posts small blind $1
AzureCaper: posts big blind $3
*** HOLE CARDS ***
sawel888: folds
Uncalled bet ($2) returned to AzureCaper
AzureCaper collected $2 from pot
AzureCaper: doesn't show hand
*** SUMMARY ***
Total pot $2 | Rake $0
Seat 3: sawel888 (button) (small blind) folded before Flop
Seat 4: AzureCaper (big blind) collected ($2)


PokerStars Hand #155263500775:  Hold'em Limit ($3/$6 USD) - 2016/06/27 11:24:30 ET
Table 'Zoya' 6-max Seat #4 is the button
Seat 3: sawel888 ($204.59 in chips)
Seat 4: AzureCaper ($76.78 in chips)
AzureCaper: posts small blind $1
sawel888: posts big blind $3
*** HOLE CARDS ***
AzureCaper: folds
Uncalled bet ($2) returned to sawel888
sawel888 collected $2 from pot
sawel888: doesn't show hand
*** SUMMARY ***
Total pot $2 | Rake $0
Seat 3: sawel888 (big blind) collected ($2)
Seat 4: AzureCaper (button) (small blind) folded before Flop


PokerStars Hand #155263494932:  Hold'em Limit ($3/$6 USD) - 2016/06/27 11:24:20 ET
Table 'Zoya' 6-max Seat #3 is the button
Seat 3: sawel888 ($198.83 in chips)
Seat 4: AzureCaper ($82.78 in chips)
sawel888: posts small blind $1
AzureCaper: posts big blind $3
*** HOLE CARDS ***
sawel888: raises $3 to $6
AzureCaper: calls $3
*** FLOP *** [4s 2h 4h]
AzureCaper: checks
sawel888: bets $3
AzureCaper: folds
Uncalled bet ($3) returned to sawel888
sawel888 collected $11.76 from pot
sawel888: doesn't show hand
*** SUMMARY ***
Total pot $12 | Rake $0.24
Board [4s 2h 4h]
Seat 3: sawel888 (button) (small blind) collected ($11.76)
Seat 4: AzureCaper (big blind) folded on the Flop


PokerStars Hand #155263465895:  Hold'em Limit ($3/$6 USD) - 2016/06/27 11:23:28 ET
Table 'Zoya' 6-max Seat #4 is the button
Seat 3: sawel888 ($190.33 in chips)
Seat 4: AzureCaper ($92.50 in chips)
AzureCaper: posts small blind $1
sawel888: posts big blind $3
*** HOLE CARDS ***
AzureCaper: raises $3 to $6
sawel888: calls $3
*** FLOP *** [2c Ac Ah]
sawel888: checks
AzureCaper: bets $3
sawel888: calls $3
*** TURN *** [2c Ac Ah] [3s]
sawel888: checks
AzureCaper: bets $6
sawel888: folds
Uncalled bet ($6) returned to AzureCaper
AzureCaper collected $17.64 from pot
AzureCaper: doesn't show hand
*** SUMMARY ***
Total pot $18 | Rake $0.36
Board [2c Ac Ah 3s]
Seat 3: sawel888 (big blind) folded on the Turn
Seat 4: AzureCaper (button) (small blind) collected ($17.64)


PokerStars Hand #155263476280:  Hold'em Limit ($3/$6 USD) - 2016/06/27 11:23:46 ET
Table 'Zoya' 6-max Seat #3 is the button
Seat 3: sawel888 ($181.33 in chips)
Seat 4: AzureCaper ($101.14 in chips)
sawel888: posts small blind $1
AzureCaper: posts big blind $3
*** HOLE CARDS ***
sawel888: raises $3 to $6
AzureCaper: calls $3
*** FLOP *** [9d 4d 8d]
AzureCaper: checks
sawel888: bets $3
AzureCaper: raises $3 to $6
sawel888: raises $3 to $9
AzureCaper: calls $3
*** TURN *** [9d 4d 8d] [Ah]
AzureCaper: checks
sawel888: bets $6
AzureCaper: calls $6
*** RIVER *** [9d 4d 8d Ah] [Jh]
AzureCaper: checks
sawel888: bets $6
AzureCaper: calls $6
*** SHOW DOWN ***
sawel888: shows [Qd Qs] (a pair of Queens)
AzureCaper: mucks hand
sawel888 collected $53.50 from pot
*** SUMMARY ***
Total pot $54 | Rake $0.50
Board [9d 4d 8d Ah Jh]
Seat 3: sawel888 (button) (small blind) showed [Qd Qs] and won ($53.50) with a pair of Queens
Seat 4: AzureCaper (big blind) mucked


PokerStars Hand #155263528798:  Hold'em Limit ($3/$6 USD) - 2016/06/27 11:25:20 ET
Table 'Zoya' 6-max Seat #3 is the button
Seat 3: sawel888 ($174.59 in chips)
Seat 4: AzureCaper ($106.04 in chips)
sawel888: posts small blind $1
AzureCaper: posts big blind $3
*** HOLE CARDS ***
sawel888: raises $3 to $6
AzureCaper: calls $3
*** FLOP *** [7c Kh 5c]
AzureCaper: checks
sawel888: bets $3
AzureCaper: calls $3
*** TURN *** [7c Kh 5c] [8h]
AzureCaper: checks
sawel888: bets $6
AzureCaper: folds
Uncalled bet ($6) returned to sawel888
sawel888 collected $17.64 from pot
sawel888: doesn't show hand
*** SUMMARY ***
Total pot $18 | Rake $0.36
Board [7c Kh 5c 8h]
Seat 3: sawel888 (button) (small blind) collected ($17.64)
Seat 4: AzureCaper (big blind) folded on the Turn


PokerStars Hand #155263522968:  Hold'em Limit ($3/$6 USD) - 2016/06/27 11:25:10 ET
Table 'Zoya' 6-max Seat #3 is the button
Seat 3: sawel888 ($178.59 in chips)
Seat 4: AzureCaper ($102.04 in chips)
sawel888: posts small blind $1
AzureCaper: posts big blind $3
*** HOLE CARDS ***
sawel888: folds
Uncalled bet ($2) returned to AzureCaper
AzureCaper collected $2 from pot
AzureCaper: doesn't show hand
*** SUMMARY ***
Total pot $2 | Rake $0
Seat 3: sawel888 (button) (small blind) folded before Flop
Seat 4: AzureCaper (big blind) collected ($2)


PokerStars Hand #155263511988:  Hold'em Limit ($3/$6 USD) - 2016/06/27 11:24:50 ET
Table 'Zoya' 6-max Seat #4 is the button
Seat 3: sawel888 ($199.59 in chips)
Seat 4: AzureCaper ($81.54 in chips)
AzureCaper: posts small blind $1
sawel888: posts big blind $3
*** HOLE CARDS ***
AzureCaper: raises $3 to $6
sawel888: raises $3 to $9
AzureCaper: calls $3
*** FLOP *** [Ac Tc 2s]
sawel888: checks
AzureCaper: checks
*** TURN *** [Ac Tc 2s] [3d]
sawel888: bets $6
AzureCaper: calls $6
*** RIVER *** [Ac Tc 2s 3d] [5s]
sawel888: bets $6
AzureCaper: calls $6
*** SHOW DOWN ***
sawel888: shows [9h 3h] (a pair of Threes)
AzureCaper: shows [Td Qh] (a pair of Tens)
AzureCaper collected $41.50 from pot
*** SUMMARY ***
Total pot $42 | Rake $0.50
Board [Ac Tc 2s 3d 5s]
Seat 3: sawel888 (big blind) showed [9h 3h] and lost with a pair of Threes
Seat 4: AzureCaper (button) (small blind) showed [Td Qh] and won ($41.50) with a pair of Tens


PokerStars Hand #155263504359:  Hold'em Limit ($3/$6 USD) - 2016/06/27 11:24:37 ET
Table 'Zoya' 6-max Seat #3 is the button
Seat 3: sawel888 ($205.59 in chips)
Seat 4: AzureCaper ($75.78 in chips)
sawel888: posts small blind $1
AzureCaper: posts big blind $3
*** HOLE CARDS ***
sawel888: raises $3 to $6
AzureCaper: calls $3
*** FLOP *** [2c 7h 4h]
AzureCaper: checks
sawel888: checks
*** TURN *** [2c 7h 4h] [9d]
AzureCaper: bets $6
sawel888: folds
Uncalled bet ($6) returned to AzureCaper
AzureCaper collected $11.76 from pot
AzureCaper: doesn't show hand
*** SUMMARY ***
Total pot $12 | Rake $0.24
Board [2c 7h 4h 9d]
Seat 3: sawel888 (button) (small blind) folded on the Turn
Seat 4: AzureCaper (big blind) collected ($11.76)


PokerStars Hand #155263525865:  Hold'em Limit ($3/$6 USD) - 2016/06/27 11:25:15 ET
Table 'Zoya' 6-max Seat #4 is the button
Seat 3: sawel888 ($177.59 in chips)
Seat 4: AzureCaper ($103.04 in chips)
AzureCaper: posts small blind $1
sawel888: posts big blind $3
*** HOLE CARDS ***
AzureCaper: raises $3 to $6
sawel888: folds
Uncalled bet ($3) returned to AzureCaper
AzureCaper collected $6 from pot
AzureCaper: doesn't show hand
*** SUMMARY ***
Total pot $6 | Rake $0
Seat 3: sawel888 (big blind) folded before Flop
Seat 4: AzureCaper (button) (small blind) collected ($6)


PokerStars Hand #155263543635:  Hold'em Limit ($3/$6 USD) - 2016/06/27 11:25:47 ET
Table 'Zoya' 6-max Seat #3 is the button
Seat 3: sawel888 ($191.87 in chips)
Seat 4: AzureCaper ($88.04 in chips)
sawel888: posts small blind $1
AzureCaper: posts big blind $3
*** HOLE CARDS ***
sawel888: raises $3 to $6
AzureCaper: folds
Uncalled bet ($3) returned to sawel888
sawel888 collected $6 from pot
sawel888: doesn't show hand
*** SUMMARY ***
Total pot $6 | Rake $0
Seat 3: sawel888 (button) (small blind) collected ($6)
Seat 4: AzureCaper (big blind) folded before Flop


PokerStars Hand #155263536213:  Hold'em Limit ($3/$6 USD) - 2016/06/27 11:25:33 ET
Table 'Zoya' 6-max Seat #4 is the button
Seat 3: sawel888 ($183.23 in chips)
Seat 4: AzureCaper ($97.04 in chips)
AzureCaper: posts small blind $1
sawel888: posts big blind $3
*** HOLE CARDS ***
AzureCaper: raises $3 to $6
sawel888: raises $3 to $9
AzureCaper: calls $3
*** FLOP *** [4d 2c 5c]
sawel888: checks
AzureCaper: checks
*** TURN *** [4d 2c 5c] [3h]
sawel888: bets $6
AzureCaper: folds
Uncalled bet ($6) returned to sawel888
sawel888 collected $17.64 from pot
sawel888: doesn't show hand
*** SUMMARY ***
Total pot $18 | Rake $0.36
Board [4d 2c 5c 3h]
Seat 3: sawel888 (big blind) collected ($17.64)
Seat 4: AzureCaper (button) (small blind) folded on the Turn


PokerStars Hand #155263547230:  Hold'em Limit ($3/$6 USD) - 2016/06/27 11:25:53 ET
Table 'Zoya' 6-max Seat #4 is the button
Seat 3: sawel888 ($194.87 in chips)
Seat 4: AzureCaper ($85.04 in chips)
$TJONNA$ joins the table at seat #2
AzureCaper: posts small blind $1
sawel888: posts big blind $3
*** HOLE CARDS ***
AzureCaper: raises $3 to $6
sawel888: raises $3 to $9
ABATAPP joins the table at seat #5
AzureCaper: calls $3
*** FLOP *** [Kc 3s 9h]
sawel888: checks
AzureCaper: checks
*** TURN *** [Kc 3s 9h] [7s]
sawel888: bets $6
AzureCaper: calls $6
*** RIVER *** [Kc 3s 9h 7s] [Jh]
sawel888: bets $6
AzureCaper: calls $6
*** SHOW DOWN ***
sawel888: shows [5c 7c] (a pair of Sevens)
AzureCaper: shows [8h 8s] (a pair of Eights)
AzureCaper collected $41.50 from pot
*** SUMMARY ***
Total pot $42 | Rake $0.50
Board [Kc 3s 9h 7s Jh]
Seat 3: sawel888 (big blind) showed [5c 7c] and lost with a pair of Sevens
Seat 4: AzureCaper (button) (small blind) showed [8h 8s] and won ($41.50) with a pair of Eights


PokerStars Hand #155263563345:  Hold'em Limit ($3/$6 USD) - 2016/06/27 11:26:22 ET
Table 'Zoya' 6-max Seat #3 is the button
Seat 3: sawel888 ($173.87 in chips)
Seat 4: AzureCaper ($105.54 in chips)
sawel888: posts small blind $1
AzureCaper: posts big blind $3
*** HOLE CARDS ***
sawel888: raises $3 to $6
AzureCaper: calls $3
*** FLOP *** [2c 4d 6s]
AzureCaper: checks
sawel888: bets $3
AzureCaper: raises $3 to $6
pepponni joins the table at seat #6
sawel888: calls $3
*** TURN *** [2c 4d 6s] [5s]
AzureCaper: bets $6
sawel888: calls $6
*** RIVER *** [2c 4d 6s 5s] [6h]
AzureCaper: bets $6
sawel888: raises $6 to $12
AzureCaper: calls $6
*** SHOW DOWN ***
sawel888: shows [8c 6c] (three of a kind, Sixes)
AzureCaper: shows [Jc 6d] (three of a kind, Sixes - Jack kicker)
AzureCaper collected $59.50 from pot
*** SUMMARY ***
Total pot $60 | Rake $0.50
Board [2c 4d 6s 5s 6h]
Seat 3: sawel888 (button) (small blind) showed [8c 6c] and lost with three of a kind, Sixes
Seat 4: AzureCaper (big blind) showed [Jc 6d] and won ($59.50) with three of a kind, Sixes


PokerStars Hand #155264524093:  Hold'em Limit ($3/$6 USD) - 2016/06/27 11:54:22 ET
Table 'Zoya' 6-max Seat #1 is the button
Seat 1: Smitaren ($265.16 in chips)
Seat 5: ABATAPP ($80.40 in chips)
Smitaren: posts small blind $1
AzureCaper: is sitting out
ABATAPP: posts big blind $3
*** HOLE CARDS ***
Smitaren: raises $3 to $6
AzureCaper leaves the table
ABATAPP: folds
Uncalled bet ($3) returned to Smitaren
Smitaren collected $6 from pot
Smitaren: doesn't show hand
*** SUMMARY ***
Total pot $6 | Rake $0
Seat 1: Smitaren (button) (small blind) collected ($6)
Seat 5: ABATAPP (big blind) folded before Flop


PokerStars Hand #155264527597:  Hold'em Limit ($3/$6 USD) - 2016/06/27 11:54:28 ET
Table 'Zoya' 6-max Seat #5 is the button
Seat 1: Smitaren ($268.16 in chips)
Seat 5: ABATAPP ($77.40 in chips)
ABATAPP: posts small blind $1
Smitaren: posts big blind $3
*** HOLE CARDS ***
ABATAPP: folds
Uncalled bet ($2) returned to Smitaren
Smitaren collected $2 from pot
Smitaren: doesn't show hand
*** SUMMARY ***
Total pot $2 | Rake $0
Seat 1: Smitaren (big blind) collected ($2)
Seat 5: ABATAPP (button) (small blind) folded before Flop


PokerStars Hand #155264587825:  Hold'em Limit ($3/$6 USD) - 2016/06/27 11:56:31 ET
Table 'Zoya' 6-max Seat #5 is the button
Seat 1: Smitaren ($270.92 in chips)
Seat 5: ABATAPP ($63.43 in chips)
ABATAPP: posts small blind $1
Smitaren: posts big blind $3
*** HOLE CARDS ***
ABATAPP: raises $3 to $6
Smitaren: calls $3
*** FLOP *** [Ks Kh 7d]
Smitaren: checks
ABATAPP: bets $3
Smitaren: folds
Uncalled bet ($3) returned to ABATAPP
ABATAPP collected $11.76 from pot
ABATAPP: doesn't show hand
*** SUMMARY ***
Total pot $12 | Rake $0.24
Board [Ks Kh 7d]
Seat 1: Smitaren (big blind) folded on the Flop
Seat 5: ABATAPP (button) (small blind) collected ($11.76)


PokerStars Hand #155264581308:  Hold'em Limit ($3/$6 USD) - 2016/06/27 11:56:17 ET
Table 'Zoya' 6-max Seat #1 is the button
Seat 1: Smitaren ($265.16 in chips)
Seat 5: ABATAPP ($69.43 in chips)
Smitaren: posts small blind $1
DismasX: is sitting out
ABATAPP: posts big blind $3
*** HOLE CARDS ***
sawel888 is disconnected
Smitaren: raises $3 to $6
ABATAPP: calls $3
*** FLOP *** [4d Td 2s]
ABATAPP: checks
Smitaren: bets $3
ABATAPP: folds
Uncalled bet ($3) returned to Smitaren
Smitaren collected $11.76 from pot
Smitaren: doesn't show hand
*** SUMMARY ***
Total pot $12 | Rake $0.24
Board [4d Td 2s]
Seat 1: Smitaren (button) (small blind) collected ($11.76)
Seat 5: ABATAPP (big blind) folded on the Flop


PokerStars Hand #155264596138:  Hold'em Limit ($3/$6 USD) - 2016/06/27 11:56:50 ET
Table 'Zoya' 6-max Seat #1 is the button
Seat 1: Smitaren ($264.92 in chips)
Seat 5: ABATAPP ($69.19 in chips)
Smitaren: posts small blind $1
ABATAPP: posts big blind $3
*** HOLE CARDS ***
Smitaren: folds
Uncalled bet ($2) returned to ABATAPP
ABATAPP collected $2 from pot
ABATAPP: doesn't show hand
*** SUMMARY ***
Total pot $2 | Rake $0
Seat 1: Smitaren (button) (small blind) folded before Flop
Seat 5: ABATAPP (big blind) collected ($2)


PokerStars Hand #155264604106:  Hold'em Limit ($3/$6 USD) - 2016/06/27 11:57:07 ET
Table 'Zoya' 6-max Seat #1 is the button
Seat 1: Smitaren ($257.92 in chips)
Seat 5: ABATAPP ($75.95 in chips)
Smitaren: posts small blind $1
ABATAPP: posts big blind $3
*** HOLE CARDS ***
Smitaren: raises $3 to $6
ABATAPP: folds
Uncalled bet ($3) returned to Smitaren
Smitaren collected $6 from pot
Smitaren: doesn't show hand
*** SUMMARY ***
Total pot $6 | Rake $0
Seat 1: Smitaren (button) (small blind) collected ($6)
Seat 5: ABATAPP (big blind) folded before Flop


PokerStars Hand #155264598191:  Hold'em Limit ($3/$6 USD) - 2016/06/27 11:56:54 ET
Table 'Zoya' 6-max Seat #5 is the button
Seat 1: Smitaren ($263.92 in chips)
Seat 5: ABATAPP ($70.19 in chips)
ABATAPP: posts small blind $1
Smitaren: posts big blind $3
*** HOLE CARDS ***
ABATAPP: raises $3 to $6
Smitaren: calls $3
*** FLOP *** [As 5s 6d]
niknazar leaves the table
Smitaren: checks
ABATAPP: bets $3
Smitaren: folds
Uncalled bet ($3) returned to ABATAPP
ABATAPP collected $11.76 from pot
ABATAPP: doesn't show hand
*** SUMMARY ***
Total pot $12 | Rake $0.24
Board [As 5s 6d]
Seat 1: Smitaren (big blind) folded on the Flop
Seat 5: ABATAPP (button) (small blind) collected ($11.76)


PokerStars Hand #155264711293:  Hold'em Limit ($3/$6 USD) - 2016/06/27 12:00:55 ET
Table 'Zoya' 6-max Seat #5 is the button
Seat 3: sawel888 ($320.19 in chips)
Seat 5: ABATAPP ($72.95 in chips)
ABATAPP: posts small blind $1
sawel888: posts big blind $3
*** HOLE CARDS ***
ABATAPP: folds
Uncalled bet ($2) returned to sawel888
sawel888 collected $2 from pot
sawel888: doesn't show hand
*** SUMMARY ***
Total pot $2 | Rake $0
Seat 3: sawel888 (big blind) collected ($2)
Seat 5: ABATAPP (button) (small blind) folded before Flop


PokerStars Hand #155264726657:  Hold'em Limit ($3/$6 USD) - 2016/06/27 12:01:25 ET
Table 'Zoya' 6-max Seat #5 is the button
Seat 3: sawel888 ($294.19 in chips)
Seat 5: ABATAPP ($98.45 in chips)
ABATAPP: posts small blind $1
sawel888: posts big blind $3
*** HOLE CARDS ***
ABATAPP: folds
Uncalled bet ($2) returned to sawel888
sawel888 collected $2 from pot
sawel888: doesn't show hand
*** SUMMARY ***
Total pot $2 | Rake $0
Seat 3: sawel888 (big blind) collected ($2)
Seat 5: ABATAPP (button) (small blind) folded before Flop


PokerStars Hand #155264713756:  Hold'em Limit ($3/$6 USD) - 2016/06/27 12:01:00 ET
Table 'Zoya' 6-max Seat #3 is the button
Seat 3: sawel888 ($321.19 in chips)
Seat 5: ABATAPP ($71.95 in chips)
sawel888: posts small blind $1
ABATAPP: posts big blind $3
*** HOLE CARDS ***
DismasX joins the table at seat #4
sawel888: raises $3 to $6
ABATAPP: calls $3
*** FLOP *** [As Ac Ts]
ABATAPP: checks
sawel888: bets $3
ABATAPP: raises $3 to $6
sawel888: raises $3 to $9
ABATAPP: calls $3
*** TURN *** [As Ac Ts] [8d]
ABATAPP: checks
sawel888: bets $6
ABATAPP: calls $6
*** RIVER *** [As Ac Ts 8d] [Kd]
ABATAPP: checks
sawel888: bets $6
ABATAPP: calls $6
*** SHOW DOWN ***
sawel888: shows [Js 2c] (a pair of Aces)
ABATAPP: shows [8h Tc] (two pair, Aces and Tens)
ABATAPP collected $53.50 from pot
*** SUMMARY ***
Total pot $54 | Rake $0.50
Board [As Ac Ts 8d Kd]
Seat 3: sawel888 (button) (small blind) showed [Js 2c] and lost with a pair of Aces
Seat 5: ABATAPP (big blind) showed [8h Tc] and won ($53.50) with two pair, Aces and Tens


PokerStars Hand #155266433813:  Hold'em Limit ($3/$6 USD) - 2016/06/27 12:53:53 ET
Table 'Zoya' 6-max Seat #2 is the button
Seat 2: manisped ($228.23 in chips)
Seat 4: DismasX ($93.89 in chips)
manisped: posts small blind $1
DismasX: posts big blind $3
*** HOLE CARDS ***
Smitaren leaves the table
manisped: folds
Uncalled bet ($2) returned to DismasX
DismasX collected $2 from pot
DismasX: doesn't show hand
*** SUMMARY ***
Total pot $2 | Rake $0
Seat 2: manisped (button) (small blind) folded before Flop
Seat 4: DismasX (big blind) collected ($2)


PokerStars Hand #155266430645:  Hold'em Limit ($3/$6 USD) - 2016/06/27 12:53:47 ET
Table 'Zoya' 6-max Seat #4 is the button
Seat 2: manisped ($227.23 in chips)
Seat 4: DismasX ($94.89 in chips)
DismasX: posts small blind $1
Smitaren: is sitting out
manisped: posts big blind $3
*** HOLE CARDS ***
DismasX: folds
Uncalled bet ($2) returned to manisped
manisped collected $2 from pot
*** SUMMARY ***
Total pot $2 | Rake $0
Seat 2: manisped (big blind) collected ($2)
Seat 4: DismasX (button) (small blind) folded before Flop


