PokerStars Hand #151349227939:  Hold'em Limit ($3/$6 USD) - 2016/04/02 23:57:08 ET
Table 'Zubaida' 6-max Seat #1 is the button
Seat 1: frazerchi ($30 in chips)
Seat 4: VolkovDmitri ($120 in chips)
frazerchi: posts small blind $1
VolkovDmitri: posts big blind $3
*** HOLE CARDS ***
frazerchi: raises $3 to $6
VolkovDmitri: calls $3
*** FLOP *** [5d Qh 5s]
VolkovDmitri: checks
frazerchi: checks
*** TURN *** [5d Qh 5s] [3c]
VolkovDmitri: checks
frazerchi: checks
*** RIVER *** [5d Qh 5s 3c] [Kh]
VolkovDmitri: checks
frazerchi: bets $6
VolkovDmitri: folds
Uncalled bet ($6) returned to frazerchi
frazerchi collected $11.76 from pot
frazerchi: doesn't show hand
*** SUMMARY ***
Total pot $12 | Rake $0.24
Board [5d Qh 5s 3c Kh]
Seat 1: frazerchi (button) (small blind) collected ($11.76)
Seat 4: VolkovDmitri (big blind) folded on the River


PokerStars Hand #151349247047:  Hold'em Limit ($3/$6 USD) - 2016/04/02 23:58:21 ET
Table 'Zubaida' 6-max Seat #4 is the button
Seat 1: frazerchi ($35.76 in chips)
Seat 4: VolkovDmitri ($120 in chips)
VolkovDmitri: posts small blind $1
frazerchi: posts big blind $3
*** HOLE CARDS ***
VolkovDmitri: raises $3 to $6
frazerchi: folds
Uncalled bet ($3) returned to VolkovDmitri
VolkovDmitri collected $6 from pot
VolkovDmitri: doesn't show hand
*** SUMMARY ***
Total pot $6 | Rake $0
Seat 1: frazerchi (big blind) folded before Flop
Seat 4: VolkovDmitri (button) (small blind) collected ($6)


PokerStars Hand #151349249667:  Hold'em Limit ($3/$6 USD) - 2016/04/02 23:58:31 ET
Table 'Zubaida' 6-max Seat #1 is the button
Seat 1: frazerchi ($32.76 in chips)
Seat 4: VolkovDmitri ($123 in chips)
frazerchi: posts small blind $1
VolkovDmitri: posts big blind $3
*** HOLE CARDS ***
frazerchi: raises $3 to $6
VolkovDmitri: raises $3 to $9
frazerchi: calls $3
*** FLOP *** [2d 2h 8h]
VolkovDmitri: bets $3
frazerchi: calls $3
*** TURN *** [2d 2h 8h] [3h]
VolkovDmitri: checks
frazerchi: bets $6
VolkovDmitri: calls $6
*** RIVER *** [2d 2h 8h 3h] [Ac]
VolkovDmitri: bets $6
frazerchi: calls $6
*** SHOW DOWN ***
VolkovDmitri: shows [4s As] (two pair, Aces and Deuces)
frazerchi: shows [Kh 2c] (three of a kind, Deuces)
frazerchi collected $47.50 from pot
*** SUMMARY ***
Total pot $48 | Rake $0.50
Board [2d 2h 8h 3h Ac]
Seat 1: frazerchi (button) (small blind) showed [Kh 2c] and won ($47.50) with three of a kind, Deuces
Seat 4: VolkovDmitri (big blind) showed [4s As] and lost with two pair, Aces and Deuces


PokerStars Hand #151349260196:  Hold'em Limit ($3/$6 USD) - 2016/04/02 23:59:11 ET
Table 'Zubaida' 6-max Seat #4 is the button
Seat 1: frazerchi ($56.26 in chips)
Seat 4: VolkovDmitri ($120 in chips)
VolkovDmitri: posts small blind $1
frazerchi: posts big blind $3
*** HOLE CARDS ***
VolkovDmitri: raises $3 to $6
frazerchi: calls $3
*** FLOP *** [Kc Qh Qs]
frazerchi: checks
VolkovDmitri: bets $3
frazerchi: calls $3
*** TURN *** [Kc Qh Qs] [3s]
frazerchi: checks
VolkovDmitri: bets $6
frazerchi: calls $6
*** RIVER *** [Kc Qh Qs 3s] [Qc]
frazerchi: bets $6
VolkovDmitri: calls $6
*** SHOW DOWN ***
frazerchi: shows [Ks 7c] (a full house, Queens full of Kings)
VolkovDmitri: mucks hand
frazerchi collected $41.50 from pot
*** SUMMARY ***
Total pot $42 | Rake $0.50
Board [Kc Qh Qs 3s Qc]
Seat 1: frazerchi (big blind) showed [Ks 7c] and won ($41.50) with a full house, Queens full of Kings
Seat 4: VolkovDmitri (button) (small blind) mucked


PokerStars Hand #151349276199:  Hold'em Limit ($3/$6 USD) - 2016/04/03 0:00:12 ET
Table 'Zubaida' 6-max Seat #1 is the button
Seat 1: frazerchi ($76.76 in chips)
Seat 4: VolkovDmitri ($120 in chips)
frazerchi: posts small blind $1
VolkovDmitri: posts big blind $3
*** HOLE CARDS ***
frazerchi: folds
Uncalled bet ($2) returned to VolkovDmitri
VolkovDmitri collected $2 from pot
VolkovDmitri: doesn't show hand
*** SUMMARY ***
Total pot $2 | Rake $0
Seat 1: frazerchi (button) (small blind) folded before Flop
Seat 4: VolkovDmitri (big blind) collected ($2)


PokerStars Hand #151349291592:  Hold'em Limit ($3/$6 USD) - 2016/04/03 0:01:07 ET
Table 'Zubaida' 6-max Seat #1 is the button
Seat 1: frazerchi ($60.76 in chips)
Seat 4: VolkovDmitri ($135.50 in chips)
frazerchi: posts small blind $1
VolkovDmitri: posts big blind $3
*** HOLE CARDS ***
frazerchi: folds
Uncalled bet ($2) returned to VolkovDmitri
VolkovDmitri collected $2 from pot
VolkovDmitri: doesn't show hand
*** SUMMARY ***
Total pot $2 | Rake $0
Seat 1: frazerchi (button) (small blind) folded before Flop
Seat 4: VolkovDmitri (big blind) collected ($2)


PokerStars Hand #151349277646:  Hold'em Limit ($3/$6 USD) - 2016/04/03 0:00:17 ET
Table 'Zubaida' 6-max Seat #4 is the button
Seat 1: frazerchi ($75.76 in chips)
Seat 4: VolkovDmitri ($121 in chips)
VolkovDmitri: posts small blind $1
frazerchi: posts big blind $3
*** HOLE CARDS ***
VolkovDmitri: raises $3 to $6
frazerchi: calls $3
*** FLOP *** [5c 8c 2h]
frazerchi: checks
VolkovDmitri: bets $3
frazerchi: calls $3
*** TURN *** [5c 8c 2h] [3c]
frazerchi: checks
VolkovDmitri: bets $6
frazerchi: calls $6
*** RIVER *** [5c 8c 2h 3c] [Jd]
frazerchi: checks
VolkovDmitri: bets $6
frazerchi: folds
Uncalled bet ($6) returned to VolkovDmitri
VolkovDmitri collected $29.50 from pot
VolkovDmitri: doesn't show hand
*** SUMMARY ***
Total pot $30 | Rake $0.50
Board [5c 8c 2h 3c Jd]
Seat 1: frazerchi (big blind) folded on the River
Seat 4: VolkovDmitri (button) (small blind) collected ($29.50)


PokerStars Hand #151349310038:  Hold'em Limit ($3/$6 USD) - 2016/04/03 0:02:10 ET
Table 'Zubaida' 6-max Seat #4 is the button
Seat 1: frazerchi ($67.40 in chips)
Seat 4: VolkovDmitri ($128.50 in chips)
VolkovDmitri: posts small blind $1
frazerchi: posts big blind $3
*** HOLE CARDS ***
VolkovDmitri: folds
Uncalled bet ($2) returned to frazerchi
frazerchi collected $2 from pot
frazerchi: doesn't show hand
*** SUMMARY ***
Total pot $2 | Rake $0
Seat 1: frazerchi (big blind) collected ($2)
Seat 4: VolkovDmitri (button) (small blind) folded before Flop


PokerStars Hand #151349307274:  Hold'em Limit ($3/$6 USD) - 2016/04/03 0:02:01 ET
Table 'Zubaida' 6-max Seat #1 is the button
Seat 1: frazerchi ($68.40 in chips)
Seat 4: VolkovDmitri ($127.50 in chips)
frazerchi: posts small blind $1
VolkovDmitri: posts big blind $3
*** HOLE CARDS ***
frazerchi: folds
Uncalled bet ($2) returned to VolkovDmitri
VolkovDmitri collected $2 from pot
VolkovDmitri: doesn't show hand
*** SUMMARY ***
Total pot $2 | Rake $0
Seat 1: frazerchi (button) (small blind) folded before Flop
Seat 4: VolkovDmitri (big blind) collected ($2)


PokerStars Hand #151349293135:  Hold'em Limit ($3/$6 USD) - 2016/04/03 0:01:12 ET
Table 'Zubaida' 6-max Seat #4 is the button
Seat 1: frazerchi ($59.76 in chips)
Seat 4: VolkovDmitri ($136.50 in chips)
VolkovDmitri: posts small blind $1
frazerchi: posts big blind $3
*** HOLE CARDS ***
VolkovDmitri: raises $3 to $6
frazerchi: calls $3
*** FLOP *** [Kd 5h Js]
frazerchi: checks
VolkovDmitri: bets $3
frazerchi: calls $3
*** TURN *** [Kd 5h Js] [9d]
frazerchi: checks
VolkovDmitri: checks
*** RIVER *** [Kd 5h Js 9d] [7h]
frazerchi: checks
VolkovDmitri: checks
*** SHOW DOWN ***
frazerchi: shows [5d 3d] (a pair of Fives)
VolkovDmitri: mucks hand
frazerchi collected $17.64 from pot
*** SUMMARY ***
Total pot $18 | Rake $0.36
Board [Kd 5h Js 9d 7h]
Seat 1: frazerchi (big blind) showed [5d 3d] and won ($17.64) with a pair of Fives
Seat 4: VolkovDmitri (button) (small blind) mucked


PokerStars Hand #151349330541:  Hold'em Limit ($3/$6 USD) - 2016/04/03 0:03:20 ET
Table 'Zubaida' 6-max Seat #1 is the button
Seat 1: frazerchi ($43.40 in chips)
Seat 4: VolkovDmitri ($151.66 in chips)
frazerchi: posts small blind $1
VolkovDmitri: posts big blind $3
*** HOLE CARDS ***
frazerchi: folds
Uncalled bet ($2) returned to VolkovDmitri
VolkovDmitri collected $2 from pot
VolkovDmitri: doesn't show hand
*** SUMMARY ***
Total pot $2 | Rake $0
Seat 1: frazerchi (button) (small blind) folded before Flop
Seat 4: VolkovDmitri (big blind) collected ($2)


PokerStars Hand #151349328410:  Hold'em Limit ($3/$6 USD) - 2016/04/03 0:03:13 ET
Table 'Zubaida' 6-max Seat #4 is the button
Seat 1: frazerchi ($46.40 in chips)
Seat 4: VolkovDmitri ($148.66 in chips)
VolkovDmitri: posts small blind $1
frazerchi: posts big blind $3
*** HOLE CARDS ***
VolkovDmitri: raises $3 to $6
frazerchi: folds
Uncalled bet ($3) returned to VolkovDmitri
VolkovDmitri collected $6 from pot
VolkovDmitri: doesn't show hand
*** SUMMARY ***
Total pot $6 | Rake $0
Seat 1: frazerchi (big blind) folded before Flop
Seat 4: VolkovDmitri (button) (small blind) collected ($6)


PokerStars Hand #151349326726:  Hold'em Limit ($3/$6 USD) - 2016/04/03 0:03:07 ET
Table 'Zubaida' 6-max Seat #1 is the button
Seat 1: frazerchi ($47.40 in chips)
Seat 4: VolkovDmitri ($147.66 in chips)
frazerchi: posts small blind $1
VolkovDmitri: posts big blind $3
*** HOLE CARDS ***
frazerchi: folds
Uncalled bet ($2) returned to VolkovDmitri
VolkovDmitri collected $2 from pot
VolkovDmitri: doesn't show hand
*** SUMMARY ***
Total pot $2 | Rake $0
Seat 1: frazerchi (button) (small blind) folded before Flop
Seat 4: VolkovDmitri (big blind) collected ($2)


PokerStars Hand #151349317829:  Hold'em Limit ($3/$6 USD) - 2016/04/03 0:02:36 ET
Table 'Zubaida' 6-max Seat #4 is the button
Seat 1: frazerchi ($56.40 in chips)
Seat 4: VolkovDmitri ($139.02 in chips)
VolkovDmitri: posts small blind $1
frazerchi: posts big blind $3
*** HOLE CARDS ***
VolkovDmitri: raises $3 to $6
frazerchi: calls $3
*** FLOP *** [6c 9c 4c]
frazerchi: checks
VolkovDmitri: bets $3
frazerchi: calls $3
*** TURN *** [6c 9c 4c] [2h]
frazerchi: checks
VolkovDmitri: checks
*** RIVER *** [6c 9c 4c 2h] [5s]
frazerchi: checks
VolkovDmitri: bets $6
frazerchi: folds
Uncalled bet ($6) returned to VolkovDmitri
VolkovDmitri collected $17.64 from pot
VolkovDmitri: doesn't show hand
*** SUMMARY ***
Total pot $18 | Rake $0.36
Board [6c 9c 4c 2h 5s]
Seat 1: frazerchi (big blind) folded on the River
Seat 4: VolkovDmitri (button) (small blind) collected ($17.64)


