PokerStars Hand #157435769225:  Hold'em Limit ($3/$6 USD) - 2016/08/18 13:04:16 ET
Table 'Zubaida' 6-max Seat #5 is the button
Seat 4: Actionni13 ($153 in chips)
Seat 5: Siwy56 ($99.43 in chips)
Siwy56: posts small blind $1
Actionni13: posts big blind $3
*** HOLE CARDS ***
Siwy56: raises $3 to $6
LExtorDurty joins the table at seat #6
Actionni13: calls $3
*** FLOP *** [3d 4s Kc]
Actionni13: checks
samurai.ru joins the table at seat #1
Siwy56: bets $3
Actionni13: folds
Uncalled bet ($3) returned to Siwy56
Siwy56 collected $11.76 from pot
Siwy56: doesn't show hand
*** SUMMARY ***
Total pot $12 | Rake $0.24
Board [3d 4s Kc]
Seat 4: Actionni13 (big blind) folded on the Flop
Seat 5: Siwy56 (button) (small blind) collected ($11.76)


PokerStars Hand #157435786931:  Hold'em Limit ($3/$6 USD) - 2016/08/18 13:04:42 ET
Table 'Zubaida' 6-max Seat #4 is the button
Seat 4: Actionni13 ($150 in chips)
Seat 5: Siwy56 ($105.19 in chips)
Actionni13: posts small blind $1
Siwy56: posts big blind $3
*** HOLE CARDS ***
wobetting joins the table at seat #2
Actionni13: raises $3 to $6
Siwy56: calls $3
*** FLOP *** [8c 2h 8h]
Siwy56: checks
Actionni13: bets $3
Siwy56: calls $3
*** TURN *** [8c 2h 8h] [4s]
LExtorDurty said, "lol"
Siwy56: checks
LExtorDurty said, "svershlos"
Actionni13: checks
*** RIVER *** [8c 2h 8h 4s] [7h]
Siwy56: bets $6
Actionni13: calls $6
*** SHOW DOWN ***
Siwy56: shows [5s Kc] (a pair of Eights)
Actionni13: shows [6h 7s] (two pair, Eights and Sevens)
Actionni13 collected $29.50 from pot
*** SUMMARY ***
Total pot $30 | Rake $0.50
Board [8c 2h 8h 4s 7h]
Seat 4: Actionni13 (button) (small blind) showed [6h 7s] and won ($29.50) with two pair, Eights and Sevens
Seat 5: Siwy56 (big blind) showed [5s Kc] and lost with a pair of Eights


PokerStars Hand #157437047492:  Hold'em Limit ($3/$6 USD) - 2016/08/18 13:35:02 ET
Table 'Zubaida' 6-max Seat #3 is the button
Seat 3: $polu4atel*$ ($143.06 in chips)
Seat 4: Actionni13 ($198.12 in chips)
$polu4atel*$: posts small blind $1
Actionni13: posts big blind $3
*** HOLE CARDS ***
$polu4atel*$: folds
Uncalled bet ($2) returned to Actionni13
Actionni13 collected $2 from pot
Actionni13: doesn't show hand
*** SUMMARY ***
Total pot $2 | Rake $0
Seat 3: $polu4atel*$ (button) (small blind) folded before Flop
Seat 4: Actionni13 (big blind) collected ($2)


PokerStars Hand #157437020672:  Hold'em Limit ($3/$6 USD) - 2016/08/18 13:34:23 ET
Table 'Zubaida' 6-max Seat #4 is the button
Seat 3: $polu4atel*$ ($119.56 in chips)
Seat 4: Actionni13 ($222.12 in chips)
Actionni13: posts small blind $1
krytalex: is sitting out
$polu4atel*$: posts big blind $3
*** HOLE CARDS ***
Actionni13: raises $3 to $6
$polu4atel*$: calls $3
*** FLOP *** [Kc 5d 9h]
$polu4atel*$: checks
wobetting leaves the table
Actionni13: bets $3
$polu4atel*$: raises $3 to $6
krytalex leaves the table
Actionni13: calls $3
*** TURN *** [Kc 5d 9h] [Kd]
$polu4atel*$: bets $6
Actionni13: calls $6
*** RIVER *** [Kc 5d 9h Kd] [6s]
$polu4atel*$: bets $6
Actionni13: calls $6
*** SHOW DOWN ***
$polu4atel*$: shows [Qh 9s] (two pair, Kings and Nines)
Actionni13: mucks hand
$polu4atel*$ collected $47.50 from pot
*** SUMMARY ***
Total pot $48 | Rake $0.50
Board [Kc 5d 9h Kd 6s]
Seat 3: $polu4atel*$ (big blind) showed [Qh 9s] and won ($47.50) with two pair, Kings and Nines
Seat 4: Actionni13 (button) (small blind) mucked


PokerStars Hand #157437082916:  Hold'em Limit ($3/$6 USD) - 2016/08/18 13:35:52 ET
Table 'Zubaida' 6-max Seat #4 is the button
Seat 3: foksas111 ($130.84 in chips)
Seat 4: Actionni13 ($199.12 in chips)
Actionni13: posts small blind $1
foksas111: posts big blind $3
*** HOLE CARDS ***
Actionni13: raises $3 to $6
foksas111: calls $3
*** FLOP *** [7h 4c 8s]
foksas111: checks
Actionni13: checks
*** TURN *** [7h 4c 8s] [2s]
foksas111: bets $6
crash19867 joins the table at seat #1
Actionni13: calls $6
*** RIVER *** [7h 4c 8s 2s] [2h]
foksas111: bets $6
Actionni13: raises $6 to $12
foksas111: calls $6
*** SHOW DOWN ***
Actionni13: shows [2d Qd] (three of a kind, Deuces)
foksas111: mucks hand
Actionni13 collected $47.50 from pot
*** SUMMARY ***
Total pot $48 | Rake $0.50
Board [7h 4c 8s 2s 2h]
Seat 3: foksas111 (big blind) mucked
Seat 4: Actionni13 (button) (small blind) showed [2d Qd] and won ($47.50) with three of a kind, Deuces


PokerStars Hand #157437101654:  Hold'em Limit ($3/$6 USD) - 2016/08/18 13:36:18 ET
Table 'Zubaida' 6-max Seat #3 is the button
Seat 3: foksas111 ($106.84 in chips)
Seat 4: Actionni13 ($222.62 in chips)
foksas111: posts small blind $1
Actionni13: posts big blind $3
*** HOLE CARDS ***
foksas111: raises $3 to $6
Actionni13: raises $3 to $9
foksas111: raises $3 to $12
Betting is capped
Actionni13: calls $3
*** FLOP *** [Js Jd Ks]
Actionni13: checks
foksas111: bets $3
Actionni13: calls $3
*** TURN *** [Js Jd Ks] [7h]
Actionni13: checks
foksas111: bets $6
Actionni13: raises $6 to $12
foksas111: calls $6
*** RIVER *** [Js Jd Ks 7h] [2c]
Actionni13: bets $6
foksas111: folds
Uncalled bet ($6) returned to Actionni13
Actionni13 collected $53.50 from pot
Actionni13: doesn't show hand
*** SUMMARY ***
Total pot $54 | Rake $0.50
Board [Js Jd Ks 7h 2c]
Seat 3: foksas111 (button) (small blind) folded on the River
Seat 4: Actionni13 (big blind) collected ($53.50)


