PokerStars Hand #171809605099:  Hold'em Limit ($3/$6 USD) - 2017/06/15 13:14:47 ET
Table 'Zulu' 6-max Seat #3 is the button
Seat 3: popesxxx ($30 in chips)
Seat 4: TbIP-TbIP 88 ($72 in chips)
popesxxx: posts small blind $1
vestimokrec joins the table at seat #5
TbIP-TbIP 88: posts big blind $3
*** HOLE CARDS ***
popesxxx: calls $2
TbIP-TbIP 88: raises $3 to $6
popesxxx: calls $3
*** FLOP *** [Jh 3d 6d]
TbIP-TbIP 88: bets $3
popesxxx: calls $3
*** TURN *** [Jh 3d 6d] [9d]
TbIP-TbIP 88: checks
popesxxx: checks
*** RIVER *** [Jh 3d 6d 9d] [Th]
TbIP-TbIP 88: checks
popesxxx: bets $6
TbIP-TbIP 88: folds
Uncalled bet ($6) returned to popesxxx
popesxxx collected $17.64 from pot
*** SUMMARY ***
Total pot $18 | Rake $0.36
Board [Jh 3d 6d 9d Th]
Seat 3: popesxxx (button) (small blind) collected ($17.64)
Seat 4: TbIP-TbIP 88 (big blind) folded on the River


PokerStars Hand #171810208489:  Hold'em Limit ($3/$6 USD) - 2017/06/15 13:28:33 ET
Table 'Zulu' 6-max Seat #3 is the button
Seat 2: Svedda70 ($494.61 in chips)
Seat 3: TbIP-TbIP 88 ($72 in chips)
TbIP-TbIP 88: posts small blind $1
Svedda70: posts big blind $3
*** HOLE CARDS ***
TbIP-TbIP 88: raises $3 to $6
Svedda70: calls $3
*** FLOP *** [3c Ad Qc]
Svedda70: checks
TbIP-TbIP 88: bets $3
Svedda70: folds
Uncalled bet ($3) returned to TbIP-TbIP 88
TbIP-TbIP 88 collected $11.76 from pot
TbIP-TbIP 88: doesn't show hand
*** SUMMARY ***
Total pot $12 | Rake $0.24
Board [3c Ad Qc]
Seat 2: Svedda70 (big blind) folded on the Flop
Seat 3: TbIP-TbIP 88 (button) (small blind) collected ($11.76)


PokerStars Hand #171810194899:  Hold'em Limit ($3/$6 USD) - 2017/06/15 13:28:15 ET
Table 'Zulu' 6-max Seat #6 is the button
Seat 3: TbIP-TbIP 88 ($72 in chips)
Seat 6: TheMuppet ($92.61 in chips)
TheMuppet: posts small blind $1
TbIP-TbIP 88: posts big blind $3
*** HOLE CARDS ***
TheMuppet: raises $3 to $6
TbIP-TbIP 88: folds
Uncalled bet ($3) returned to TheMuppet
TheMuppet collected $6 from pot
TheMuppet: doesn't show hand
*** SUMMARY ***
Total pot $6 | Rake $0
Seat 3: TbIP-TbIP 88 (big blind) folded before Flop
Seat 6: TheMuppet (button) (small blind) collected ($6)


PokerStars Hand #171810235173:  Hold'em Limit ($3/$6 USD) - 2017/06/15 13:29:02 ET
Table 'Zulu' 6-max Seat #3 is the button
Seat 2: Svedda70 ($487.61 in chips)
Seat 3: TbIP-TbIP 88 ($78.76 in chips)
TbIP-TbIP 88: posts small blind $1
Svedda70: posts big blind $3
*** HOLE CARDS ***
TbIP-TbIP 88: raises $3 to $6
Svedda70: raises $3 to $9
TbIP-TbIP 88: calls $3
*** FLOP *** [Tc 8h Ts]
Svedda70: bets $3
TbIP-TbIP 88: calls $3
*** TURN *** [Tc 8h Ts] [4c]
Svedda70: bets $6
TbIP-TbIP 88: calls $6
*** RIVER *** [Tc 8h Ts 4c] [3h]
Svedda70: bets $6
TbIP-TbIP 88: folds
Uncalled bet ($6) returned to Svedda70
Svedda70 collected $35.50 from pot
*** SUMMARY ***
Total pot $36 | Rake $0.50
Board [Tc 8h Ts 4c 3h]
Seat 2: Svedda70 (big blind) collected ($35.50)
Seat 3: TbIP-TbIP 88 (button) (small blind) folded on the River


PokerStars Hand #171810228517:  Hold'em Limit ($3/$6 USD) - 2017/06/15 13:28:53 ET
Table 'Zulu' 6-max Seat #2 is the button
Seat 2: Svedda70 ($488.61 in chips)
Seat 3: TbIP-TbIP 88 ($77.76 in chips)
Svedda70: posts small blind $1
TbIP-TbIP 88: posts big blind $3
*** HOLE CARDS ***
Svedda70: folds
Uncalled bet ($2) returned to TbIP-TbIP 88
TbIP-TbIP 88 collected $2 from pot
TbIP-TbIP 88: doesn't show hand
*** SUMMARY ***
Total pot $2 | Rake $0
Seat 2: Svedda70 (button) (small blind) folded before Flop
Seat 3: TbIP-TbIP 88 (big blind) collected ($2)


PokerStars Hand #171810291097:  Hold'em Limit ($3/$6 USD) - 2017/06/15 13:30:19 ET
Table 'Zulu' 6-max Seat #3 is the button
Seat 2: Svedda70 ($499.11 in chips)
Seat 3: TbIP-TbIP 88 ($77.76 in chips)
TbIP-TbIP 88: posts small blind $1
Svedda70: posts big blind $3
*** HOLE CARDS ***
TbIP-TbIP 88: folds
Uncalled bet ($2) returned to Svedda70
Svedda70 collected $2 from pot
*** SUMMARY ***
Total pot $2 | Rake $0
Seat 2: Svedda70 (big blind) collected ($2)
Seat 3: TbIP-TbIP 88 (button) (small blind) folded before Flop


PokerStars Hand #171810268953:  Hold'em Limit ($3/$6 USD) - 2017/06/15 13:29:49 ET
Table 'Zulu' 6-max Seat #2 is the button
Seat 2: Svedda70 ($505.11 in chips)
Seat 3: TbIP-TbIP 88 ($72 in chips)
Svedda70: posts small blind $1
TbIP-TbIP 88: posts big blind $3
*** HOLE CARDS ***
Svedda70: raises $3 to $6
TbIP-TbIP 88: calls $3
*** FLOP *** [3d 4h Jh]
TbIP-TbIP 88: checks
Svedda70: checks
*** TURN *** [3d 4h Jh] [6s]
TbIP-TbIP 88: bets $6
Svedda70: folds
Uncalled bet ($6) returned to TbIP-TbIP 88
TbIP-TbIP 88 collected $11.76 from pot
TbIP-TbIP 88: doesn't show hand
*** SUMMARY ***
Total pot $12 | Rake $0.24
Board [3d 4h Jh 6s]
Seat 2: Svedda70 (button) (small blind) folded on the Turn
Seat 3: TbIP-TbIP 88 (big blind) collected ($11.76)


PokerStars Hand #171810294555:  Hold'em Limit ($3/$6 USD) - 2017/06/15 13:30:24 ET
Table 'Zulu' 6-max Seat #2 is the button
Seat 2: Svedda70 ($500.11 in chips)
Seat 3: TbIP-TbIP 88 ($76.76 in chips)
Svedda70: posts small blind $1
TbIP-TbIP 88: posts big blind $3
*** HOLE CARDS ***
Svedda70: raises $3 to $6
TbIP-TbIP 88: calls $3
*** FLOP *** [Th 6c 2s]
TbIP-TbIP 88: checks
Svedda70: bets $3
TbIP-TbIP 88: folds
Uncalled bet ($3) returned to Svedda70
Svedda70 collected $11.76 from pot
*** SUMMARY ***
Total pot $12 | Rake $0.24
Board [Th 6c 2s]
Seat 2: Svedda70 (button) (small blind) collected ($11.76)
Seat 3: TbIP-TbIP 88 (big blind) folded on the Flop


PokerStars Hand #171810337487:  Hold'em Limit ($3/$6 USD) - 2017/06/15 13:31:23 ET
Table 'Zulu' 6-max Seat #2 is the button
Seat 2: Svedda70 ($506.87 in chips)
Seat 3: TbIP-TbIP 88 ($72 in chips)
Svedda70: posts small blind $1
TbIP-TbIP 88: posts big blind $3
*** HOLE CARDS ***
Svedda70: folds
Uncalled bet ($2) returned to TbIP-TbIP 88
TbIP-TbIP 88 collected $2 from pot
TbIP-TbIP 88: doesn't show hand
*** SUMMARY ***
Total pot $2 | Rake $0
Seat 2: Svedda70 (button) (small blind) folded before Flop
Seat 3: TbIP-TbIP 88 (big blind) collected ($2)


PokerStars Hand #171810333624:  Hold'em Limit ($3/$6 USD) - 2017/06/15 13:31:17 ET
Table 'Zulu' 6-max Seat #3 is the button
Seat 2: Svedda70 ($505.87 in chips)
Seat 3: TbIP-TbIP 88 ($72 in chips)
TbIP-TbIP 88: posts small blind $1
Svedda70: posts big blind $3
*** HOLE CARDS ***
TbIP-TbIP 88: folds
Uncalled bet ($2) returned to Svedda70
Svedda70 collected $2 from pot
*** SUMMARY ***
Total pot $2 | Rake $0
Seat 2: Svedda70 (big blind) collected ($2)
Seat 3: TbIP-TbIP 88 (button) (small blind) folded before Flop


PokerStars Hand #171810341584:  Hold'em Limit ($3/$6 USD) - 2017/06/15 13:31:28 ET
Table 'Zulu' 6-max Seat #3 is the button
Seat 2: Svedda70 ($505.87 in chips)
Seat 3: TbIP-TbIP 88 ($73 in chips)
TbIP-TbIP 88: posts small blind $1
Svedda70: posts big blind $3
*** HOLE CARDS ***
TbIP-TbIP 88: raises $3 to $6
Svedda70: folds
Uncalled bet ($3) returned to TbIP-TbIP 88
TbIP-TbIP 88 collected $6 from pot
TbIP-TbIP 88: doesn't show hand
*** SUMMARY ***
Total pot $6 | Rake $0
Seat 2: Svedda70 (big blind) folded before Flop
Seat 3: TbIP-TbIP 88 (button) (small blind) collected ($6)


PokerStars Hand #171810348479:  Hold'em Limit ($3/$6 USD) - 2017/06/15 13:31:38 ET
Table 'Zulu' 6-max Seat #2 is the button
Seat 2: Svedda70 ($502.87 in chips)
Seat 3: TbIP-TbIP 88 ($76 in chips)
Svedda70: posts small blind $1
TbIP-TbIP 88: posts big blind $3
*** HOLE CARDS ***
Svedda70: raises $3 to $6
TbIP-TbIP 88: folds
Uncalled bet ($3) returned to Svedda70
Svedda70 collected $6 from pot
*** SUMMARY ***
Total pot $6 | Rake $0
Seat 2: Svedda70 (button) (small blind) collected ($6)
Seat 3: TbIP-TbIP 88 (big blind) folded before Flop


PokerStars Hand #171810366259:  Hold'em Limit ($3/$6 USD) - 2017/06/15 13:32:02 ET
Table 'Zulu' 6-max Seat #3 is the button
Seat 2: Svedda70 ($505.87 in chips)
Seat 3: TbIP-TbIP 88 ($73 in chips)
TbIP-TbIP 88: posts small blind $1
Svedda70: posts big blind $3
*** HOLE CARDS ***
TbIP-TbIP 88: raises $3 to $6
Svedda70: raises $3 to $9
TbIP-TbIP 88: calls $3
*** FLOP *** [3s 5h 2c]
Svedda70: bets $3
TbIP-TbIP 88: calls $3
*** TURN *** [3s 5h 2c] [3h]
Svedda70: bets $6
TbIP-TbIP 88: raises $6 to $12
Svedda70: folds
Uncalled bet ($6) returned to TbIP-TbIP 88
TbIP-TbIP 88 collected $35.50 from pot
TbIP-TbIP 88: doesn't show hand
*** SUMMARY ***
Total pot $36 | Rake $0.50
Board [3s 5h 2c 3h]
Seat 2: Svedda70 (big blind) folded on the Turn
Seat 3: TbIP-TbIP 88 (button) (small blind) collected ($35.50)


PokerStars Hand #171810378028:  Hold'em Limit ($3/$6 USD) - 2017/06/15 13:32:18 ET
Table 'Zulu' 6-max Seat #2 is the button
Seat 2: Svedda70 ($487.87 in chips)
Seat 3: TbIP-TbIP 88 ($90.50 in chips)
Svedda70: posts small blind $1
TbIP-TbIP 88: posts big blind $3
*** HOLE CARDS ***
Svedda70: raises $3 to $6
TbIP-TbIP 88: calls $3
*** FLOP *** [6h 9c 5d]
TbIP-TbIP 88: checks
Svedda70: bets $3
TbIP-TbIP 88: raises $3 to $6
Svedda70: calls $3
*** TURN *** [6h 9c 5d] [9s]
TbIP-TbIP 88: bets $6
Svedda70: raises $6 to $12
TbIP-TbIP 88: calls $6
*** RIVER *** [6h 9c 5d 9s] [Ks]
TbIP-TbIP 88: checks
Svedda70: checks
*** SHOW DOWN ***
TbIP-TbIP 88: shows [Th 9h] (three of a kind, Nines)
Svedda70: mucks hand
TbIP-TbIP 88 collected $47.50 from pot
*** SUMMARY ***
Total pot $48 | Rake $0.50
Board [6h 9c 5d 9s Ks]
Seat 2: Svedda70 (button) (small blind) mucked
Seat 3: TbIP-TbIP 88 (big blind) showed [Th 9h] and won ($47.50) with three of a kind, Nines


PokerStars Hand #171810396915:  Hold'em Limit ($3/$6 USD) - 2017/06/15 13:32:44 ET
Table 'Zulu' 6-max Seat #3 is the button
Seat 2: Svedda70 ($463.87 in chips)
Seat 3: TbIP-TbIP 88 ($114 in chips)
TbIP-TbIP 88: posts small blind $1
Svedda70: posts big blind $3
*** HOLE CARDS ***
TbIP-TbIP 88: raises $3 to $6
Svedda70: raises $3 to $9
TbIP-TbIP 88: calls $3
*** FLOP *** [2d 4d 8d]
Svedda70: bets $3
TbIP-TbIP 88: calls $3
*** TURN *** [2d 4d 8d] [6s]
Svedda70: bets $6
TbIP-TbIP 88: raises $6 to $12
Svedda70: calls $6
*** RIVER *** [2d 4d 8d 6s] [6h]
Svedda70: checks
TbIP-TbIP 88: bets $6
Svedda70: calls $6
*** SHOW DOWN ***
TbIP-TbIP 88: shows [3d Jd] (a flush, Jack high)
Svedda70: mucks hand
TbIP-TbIP 88 collected $59.50 from pot
*** SUMMARY ***
Total pot $60 | Rake $0.50
Board [2d 4d 8d 6s 6h]
Seat 2: Svedda70 (big blind) mucked
Seat 3: TbIP-TbIP 88 (button) (small blind) showed [3d Jd] and won ($59.50) with a flush, Jack high


PokerStars Hand #171810417521:  Hold'em Limit ($3/$6 USD) - 2017/06/15 13:33:12 ET
Table 'Zulu' 6-max Seat #3 is the button
Seat 2: Svedda70 ($432.87 in chips)
Seat 3: TbIP-TbIP 88 ($144.50 in chips)
TbIP-TbIP 88: posts small blind $1
Svedda70: posts big blind $3
*** HOLE CARDS ***
TbIP-TbIP 88: folds
Uncalled bet ($2) returned to Svedda70
Svedda70 collected $2 from pot
*** SUMMARY ***
Total pot $2 | Rake $0
Seat 2: Svedda70 (big blind) collected ($2)
Seat 3: TbIP-TbIP 88 (button) (small blind) folded before Flop


PokerStars Hand #171810413849:  Hold'em Limit ($3/$6 USD) - 2017/06/15 13:33:07 ET
Table 'Zulu' 6-max Seat #2 is the button
Seat 2: Svedda70 ($433.87 in chips)
Seat 3: TbIP-TbIP 88 ($143.50 in chips)
Svedda70: posts small blind $1
TbIP-TbIP 88: posts big blind $3
*** HOLE CARDS ***
Svedda70: folds
Uncalled bet ($2) returned to TbIP-TbIP 88
TbIP-TbIP 88 collected $2 from pot
TbIP-TbIP 88: doesn't show hand
*** SUMMARY ***
Total pot $2 | Rake $0
Seat 2: Svedda70 (button) (small blind) folded before Flop
Seat 3: TbIP-TbIP 88 (big blind) collected ($2)


PokerStars Hand #171810422328:  Hold'em Limit ($3/$6 USD) - 2017/06/15 13:33:18 ET
Table 'Zulu' 6-max Seat #2 is the button
Seat 2: Svedda70 ($433.87 in chips)
Seat 3: TbIP-TbIP 88 ($143.50 in chips)
Svedda70: posts small blind $1
TbIP-TbIP 88: posts big blind $3
*** HOLE CARDS ***
Svedda70: folds
Uncalled bet ($2) returned to TbIP-TbIP 88
TbIP-TbIP 88 collected $2 from pot
TbIP-TbIP 88: doesn't show hand
*** SUMMARY ***
Total pot $2 | Rake $0
Seat 2: Svedda70 (button) (small blind) folded before Flop
Seat 3: TbIP-TbIP 88 (big blind) collected ($2)


PokerStars Hand #171810425962:  Hold'em Limit ($3/$6 USD) - 2017/06/15 13:33:23 ET
Table 'Zulu' 6-max Seat #3 is the button
Seat 2: Svedda70 ($432.87 in chips)
Seat 3: TbIP-TbIP 88 ($144.50 in chips)
TbIP-TbIP 88: posts small blind $1
Svedda70: posts big blind $3
*** HOLE CARDS ***
TbIP-TbIP 88: raises $3 to $6
Svedda70: raises $3 to $9
TbIP-TbIP 88: calls $3
*** FLOP *** [Ac 8h Ts]
Svedda70: bets $3
TbIP-TbIP 88: calls $3
*** TURN *** [Ac 8h Ts] [As]
Svedda70: bets $6
TbIP-TbIP 88: raises $6 to $12
Svedda70: calls $6
*** RIVER *** [Ac 8h Ts As] [Ks]
Svedda70: checks
TbIP-TbIP 88: checks
*** SHOW DOWN ***
Svedda70: shows [6d 6c] (two pair, Aces and Sixes)
TbIP-TbIP 88: mucks hand
Svedda70 collected $47.50 from pot
*** SUMMARY ***
Total pot $48 | Rake $0.50
Board [Ac 8h Ts As Ks]
Seat 2: Svedda70 (big blind) showed [6d 6c] and won ($47.50) with two pair, Aces and Sixes
Seat 3: TbIP-TbIP 88 (button) (small blind) mucked


PokerStars Hand #171810443056:  Hold'em Limit ($3/$6 USD) - 2017/06/15 13:33:47 ET
Table 'Zulu' 6-max Seat #2 is the button
Seat 2: Svedda70 ($456.37 in chips)
Seat 3: TbIP-TbIP 88 ($120.50 in chips)
Svedda70: posts small blind $1
TbIP-TbIP 88: posts big blind $3
*** HOLE CARDS ***
Svedda70: folds
Uncalled bet ($2) returned to TbIP-TbIP 88
TbIP-TbIP 88 collected $2 from pot
TbIP-TbIP 88: doesn't show hand
*** SUMMARY ***
Total pot $2 | Rake $0
Seat 2: Svedda70 (button) (small blind) folded before Flop
Seat 3: TbIP-TbIP 88 (big blind) collected ($2)


PokerStars Hand #171810447145:  Hold'em Limit ($3/$6 USD) - 2017/06/15 13:33:52 ET
Table 'Zulu' 6-max Seat #3 is the button
Seat 2: Svedda70 ($455.37 in chips)
Seat 3: TbIP-TbIP 88 ($121.50 in chips)
TbIP-TbIP 88: posts small blind $1
Svedda70: posts big blind $3
*** HOLE CARDS ***
TbIP-TbIP 88: raises $3 to $6
Svedda70: calls $3
*** FLOP *** [8h 4c Js]
Svedda70: checks
TbIP-TbIP 88: bets $3
Svedda70: calls $3
*** TURN *** [8h 4c Js] [Kh]
Svedda70: checks
TbIP-TbIP 88: bets $6
Svedda70: calls $6
*** RIVER *** [8h 4c Js Kh] [4h]
Svedda70: checks
TbIP-TbIP 88: bets $6
Svedda70: folds
Uncalled bet ($6) returned to TbIP-TbIP 88
TbIP-TbIP 88 collected $29.50 from pot
TbIP-TbIP 88: doesn't show hand
*** SUMMARY ***
Total pot $30 | Rake $0.50
Board [8h 4c Js Kh 4h]
Seat 2: Svedda70 (big blind) folded on the River
Seat 3: TbIP-TbIP 88 (button) (small blind) collected ($29.50)


PokerStars Hand #171810465819:  Hold'em Limit ($3/$6 USD) - 2017/06/15 13:34:18 ET
Table 'Zulu' 6-max Seat #2 is the button
Seat 2: Svedda70 ($440.37 in chips)
Seat 3: TbIP-TbIP 88 ($136 in chips)
Svedda70: posts small blind $1
TbIP-TbIP 88: posts big blind $3
*** HOLE CARDS ***
Svedda70: raises $3 to $6
TbIP-TbIP 88: calls $3
*** FLOP *** [9d Kh 5d]
TbIP-TbIP 88: checks
Svedda70: bets $3
TbIP-TbIP 88: folds
Uncalled bet ($3) returned to Svedda70
Svedda70 collected $11.76 from pot
*** SUMMARY ***
Total pot $12 | Rake $0.24
Board [9d Kh 5d]
Seat 2: Svedda70 (button) (small blind) collected ($11.76)
Seat 3: TbIP-TbIP 88 (big blind) folded on the Flop


PokerStars Hand #171810554263:  Hold'em Limit ($3/$6 USD) - 2017/06/15 13:36:19 ET
Table 'Zulu' 6-max Seat #3 is the button
Seat 2: Svedda70 ($388.89 in chips)
Seat 3: TbIP-TbIP 88 ($185.40 in chips)
TbIP-TbIP 88: posts small blind $1
Svedda70: posts big blind $3
*** HOLE CARDS ***
TbIP-TbIP 88: raises $3 to $6
Svedda70: calls $3
*** FLOP *** [Kc 7h Jc]
Svedda70: checks
TbIP-TbIP 88: bets $3
Svedda70: calls $3
*** TURN *** [Kc 7h Jc] [Td]
Svedda70: checks
TbIP-TbIP 88: checks
*** RIVER *** [Kc 7h Jc Td] [6d]
Svedda70: bets $6
TbIP-TbIP 88: folds
Uncalled bet ($6) returned to Svedda70
Svedda70 collected $17.64 from pot
*** SUMMARY ***
Total pot $18 | Rake $0.36
Board [Kc 7h Jc Td 6d]
Seat 2: Svedda70 (big blind) collected ($17.64)
Seat 3: TbIP-TbIP 88 (button) (small blind) folded on the River


PokerStars Hand #171810601392:  Hold'em Limit ($3/$6 USD) - 2017/06/15 13:37:23 ET
Table 'Zulu' 6-max Seat #2 is the button
Seat 2: Svedda70 ($364.53 in chips)
Seat 3: TbIP-TbIP 88 ($208.90 in chips)
Svedda70: posts small blind $1
TbIP-TbIP 88: posts big blind $3
*** HOLE CARDS ***
Svedda70: folds
Uncalled bet ($2) returned to TbIP-TbIP 88
TbIP-TbIP 88 collected $2 from pot
TbIP-TbIP 88: doesn't show hand
*** SUMMARY ***
Total pot $2 | Rake $0
Seat 2: Svedda70 (button) (small blind) folded before Flop
Seat 3: TbIP-TbIP 88 (big blind) collected ($2)


PokerStars Hand #171810576689:  Hold'em Limit ($3/$6 USD) - 2017/06/15 13:36:50 ET
Table 'Zulu' 6-max Seat #3 is the button
Seat 2: Svedda70 ($400.53 in chips)
Seat 3: TbIP-TbIP 88 ($173.40 in chips)
TbIP-TbIP 88: posts small blind $1
Svedda70: posts big blind $3
*** HOLE CARDS ***
TbIP-TbIP 88: raises $3 to $6
Svedda70: raises $3 to $9
TbIP-TbIP 88: calls $3
*** FLOP *** [7s As 8c]
Svedda70: bets $3
TbIP-TbIP 88: calls $3
*** TURN *** [7s As 8c] [3s]
Svedda70: bets $6
TbIP-TbIP 88: raises $6 to $12
Svedda70: raises $6 to $18
TbIP-TbIP 88: calls $6
*** RIVER *** [7s As 8c 3s] [9d]
Svedda70: bets $6
TbIP-TbIP 88: calls $6
*** SHOW DOWN ***
Svedda70: shows [8h Kd] (a pair of Eights)
TbIP-TbIP 88: shows [7d Ac] (two pair, Aces and Sevens)
TbIP-TbIP 88 collected $71.50 from pot
*** SUMMARY ***
Total pot $72 | Rake $0.50
Board [7s As 8c 3s 9d]
Seat 2: Svedda70 (big blind) showed [8h Kd] and lost with a pair of Eights
Seat 3: TbIP-TbIP 88 (button) (small blind) showed [7d Ac] and won ($71.50) with two pair, Aces and Sevens


PokerStars Hand #171810569057:  Hold'em Limit ($3/$6 USD) - 2017/06/15 13:36:39 ET
Table 'Zulu' 6-max Seat #2 is the button
Seat 2: Svedda70 ($397.53 in chips)
Seat 3: TbIP-TbIP 88 ($176.40 in chips)
Svedda70: posts small blind $1
TbIP-TbIP 88: posts big blind $3
*** HOLE CARDS ***
Svedda70: raises $3 to $6
TbIP-TbIP 88: folds
Uncalled bet ($3) returned to Svedda70
Svedda70 collected $6 from pot
*** SUMMARY ***
Total pot $6 | Rake $0
Seat 2: Svedda70 (button) (small blind) collected ($6)
Seat 3: TbIP-TbIP 88 (big blind) folded before Flop


PokerStars Hand #171810475826:  Hold'em Limit ($3/$6 USD) - 2017/06/15 13:34:32 ET
Table 'Zulu' 6-max Seat #3 is the button
Seat 2: Svedda70 ($446.13 in chips)
Seat 3: TbIP-TbIP 88 ($130 in chips)
TbIP-TbIP 88: posts small blind $1
Svedda70: posts big blind $3
*** HOLE CARDS ***
TbIP-TbIP 88: raises $3 to $6
Svedda70: raises $3 to $9
TbIP-TbIP 88: calls $3
*** FLOP *** [9d 2h 7c]
Svedda70: bets $3
TbIP-TbIP 88: calls $3
*** TURN *** [9d 2h 7c] [3d]
Svedda70: bets $6
TbIP-TbIP 88: calls $6
*** RIVER *** [9d 2h 7c 3d] [3h]
Svedda70: bets $6
TbIP-TbIP 88: raises $6 to $12
Svedda70: raises $6 to $18
TbIP-TbIP 88: calls $6
*** SHOW DOWN ***
Svedda70: shows [9h Js] (two pair, Nines and Threes)
TbIP-TbIP 88: shows [3c Ah] (three of a kind, Threes)
TbIP-TbIP 88 collected $71.50 from pot
*** SUMMARY ***
Total pot $72 | Rake $0.50
Board [9d 2h 7c 3d 3h]
Seat 2: Svedda70 (big blind) showed [9h Js] and lost with two pair, Nines and Threes
Seat 3: TbIP-TbIP 88 (button) (small blind) showed [3c Ah] and won ($71.50) with three of a kind, Threes


PokerStars Hand #171810498623:  Hold'em Limit ($3/$6 USD) - 2017/06/15 13:35:02 ET
Table 'Zulu' 6-max Seat #2 is the button
Seat 2: Svedda70 ($410.13 in chips)
Seat 3: TbIP-TbIP 88 ($165.50 in chips)
Svedda70: posts small blind $1
TbIP-TbIP 88: posts big blind $3
*** HOLE CARDS ***
Svedda70: raises $3 to $6
TbIP-TbIP 88: folds
Uncalled bet ($3) returned to Svedda70
Svedda70 collected $6 from pot
*** SUMMARY ***
Total pot $6 | Rake $0
Seat 2: Svedda70 (button) (small blind) collected ($6)
Seat 3: TbIP-TbIP 88 (big blind) folded before Flop


PokerStars Hand #171810504067:  Hold'em Limit ($3/$6 USD) - 2017/06/15 13:35:10 ET
Table 'Zulu' 6-max Seat #3 is the button
Seat 2: Svedda70 ($413.13 in chips)
Seat 3: TbIP-TbIP 88 ($162.50 in chips)
TbIP-TbIP 88: posts small blind $1
Svedda70: posts big blind $3
*** HOLE CARDS ***
TbIP-TbIP 88: raises $3 to $6
Svedda70: raises $3 to $9
TbIP-TbIP 88: calls $3
*** FLOP *** [Js 3d 5c]
Svedda70: checks
TbIP-TbIP 88: bets $3
Svedda70: folds
Uncalled bet ($3) returned to TbIP-TbIP 88
TbIP-TbIP 88 collected $17.64 from pot
TbIP-TbIP 88: doesn't show hand
*** SUMMARY ***
Total pot $18 | Rake $0.36
Board [Js 3d 5c]
Seat 2: Svedda70 (big blind) folded on the Flop
Seat 3: TbIP-TbIP 88 (button) (small blind) collected ($17.64)


PokerStars Hand #171810517727:  Hold'em Limit ($3/$6 USD) - 2017/06/15 13:35:29 ET
Table 'Zulu' 6-max Seat #2 is the button
Seat 2: Svedda70 ($404.13 in chips)
Seat 3: TbIP-TbIP 88 ($171.14 in chips)
Svedda70: posts small blind $1
TbIP-TbIP 88: posts big blind $3
*** HOLE CARDS ***
Svedda70: raises $3 to $6
TbIP-TbIP 88: calls $3
*** FLOP *** [Kc 3h Td]
TbIP-TbIP 88: checks
Svedda70: bets $3
TbIP-TbIP 88: calls $3
*** TURN *** [Kc 3h Td] [9h]
TbIP-TbIP 88: checks
Svedda70: bets $6
TbIP-TbIP 88: raises $6 to $12
Svedda70: folds
Uncalled bet ($6) returned to TbIP-TbIP 88
TbIP-TbIP 88 collected $29.50 from pot
TbIP-TbIP 88: doesn't show hand
*** SUMMARY ***
Total pot $30 | Rake $0.50
Board [Kc 3h Td 9h]
Seat 2: Svedda70 (button) (small blind) folded on the Turn
Seat 3: TbIP-TbIP 88 (big blind) collected ($29.50)


PokerStars Hand #171810532090:  Hold'em Limit ($3/$6 USD) - 2017/06/15 13:35:48 ET
Table 'Zulu' 6-max Seat #3 is the button
Seat 2: Svedda70 ($389.13 in chips)
Seat 3: TbIP-TbIP 88 ($185.64 in chips)
TbIP-TbIP 88: posts small blind $1
Svedda70: posts big blind $3
*** HOLE CARDS ***
TbIP-TbIP 88: raises $3 to $6
Svedda70: calls $3
*** FLOP *** [Kh 6s Td]
Svedda70: checks
TbIP-TbIP 88: bets $3
Svedda70: folds
Uncalled bet ($3) returned to TbIP-TbIP 88
TbIP-TbIP 88 collected $11.76 from pot
TbIP-TbIP 88: doesn't show hand
*** SUMMARY ***
Total pot $12 | Rake $0.24
Board [Kh 6s Td]
Seat 2: Svedda70 (big blind) folded on the Flop
Seat 3: TbIP-TbIP 88 (button) (small blind) collected ($11.76)


PokerStars Hand #171810543278:  Hold'em Limit ($3/$6 USD) - 2017/06/15 13:36:04 ET
Table 'Zulu' 6-max Seat #2 is the button
Seat 2: Svedda70 ($383.13 in chips)
Seat 3: TbIP-TbIP 88 ($191.40 in chips)
Svedda70: posts small blind $1
TbIP-TbIP 88: posts big blind $3
*** HOLE CARDS ***
Svedda70: raises $3 to $6
TbIP-TbIP 88: calls $3
*** FLOP *** [4h Ks Jh]
TbIP-TbIP 88: checks
Svedda70: bets $3
TbIP-TbIP 88: folds
Uncalled bet ($3) returned to Svedda70
Svedda70 collected $11.76 from pot
*** SUMMARY ***
Total pot $12 | Rake $0.24
Board [4h Ks Jh]
Seat 2: Svedda70 (button) (small blind) collected ($11.76)
Seat 3: TbIP-TbIP 88 (big blind) folded on the Flop


PokerStars Hand #171810627678:  Hold'em Limit ($3/$6 USD) - 2017/06/15 13:38:00 ET
Table 'Zulu' 6-max Seat #2 is the button
Seat 2: Svedda70 ($372.17 in chips)
Seat 3: TbIP-TbIP 88 ($200.90 in chips)
Svedda70: posts small blind $1
TbIP-TbIP 88: posts big blind $3
*** HOLE CARDS ***
Svedda70: raises $3 to $6
TbIP-TbIP 88: calls $3
*** FLOP *** [4c 6s 7s]
TbIP-TbIP 88: checks
Svedda70: bets $3
TbIP-TbIP 88: folds
Uncalled bet ($3) returned to Svedda70
Svedda70 collected $11.76 from pot
*** SUMMARY ***
Total pot $12 | Rake $0.24
Board [4c 6s 7s]
Seat 2: Svedda70 (button) (small blind) collected ($11.76)
Seat 3: TbIP-TbIP 88 (big blind) folded on the Flop


PokerStars Hand #171810604672:  Hold'em Limit ($3/$6 USD) - 2017/06/15 13:37:28 ET
Table 'Zulu' 6-max Seat #3 is the button
Seat 2: Svedda70 ($363.53 in chips)
Seat 3: TbIP-TbIP 88 ($209.90 in chips)
TbIP-TbIP 88: posts small blind $1
Svedda70: posts big blind $3
*** HOLE CARDS ***
TbIP-TbIP 88: raises $3 to $6
Svedda70: calls $3
*** FLOP *** [Ts Jh 2s]
Svedda70: checks
TbIP-TbIP 88: bets $3
Svedda70: calls $3
*** TURN *** [Ts Jh 2s] [5c]
Svedda70: checks
TbIP-TbIP 88: checks
*** RIVER *** [Ts Jh 2s 5c] [5d]
Svedda70: bets $6
TbIP-TbIP 88: folds
Uncalled bet ($6) returned to Svedda70
Svedda70 collected $17.64 from pot
*** SUMMARY ***
Total pot $18 | Rake $0.36
Board [Ts Jh 2s 5c 5d]
Seat 2: Svedda70 (big blind) collected ($17.64)
Seat 3: TbIP-TbIP 88 (button) (small blind) folded on the River


PokerStars Hand #171810650388:  Hold'em Limit ($3/$6 USD) - 2017/06/15 13:38:31 ET
Table 'Zulu' 6-max Seat #3 is the button
Seat 2: Svedda70 ($377.93 in chips)
Seat 3: TbIP-TbIP 88 ($194.90 in chips)
TbIP-TbIP 88: posts small blind $1
Svedda70: posts big blind $3
*** HOLE CARDS ***
TbIP-TbIP 88: raises $3 to $6
Svedda70: folds
Uncalled bet ($3) returned to TbIP-TbIP 88
TbIP-TbIP 88 collected $6 from pot
TbIP-TbIP 88: doesn't show hand
*** SUMMARY ***
Total pot $6 | Rake $0
Seat 2: Svedda70 (big blind) folded before Flop
Seat 3: TbIP-TbIP 88 (button) (small blind) collected ($6)


PokerStars Hand #171810687749:  Hold'em Limit ($3/$6 USD) - 2017/06/15 13:39:22 ET
Table 'Zulu' 6-max Seat #3 is the button
Seat 2: Svedda70 ($377.93 in chips)
Seat 3: TbIP-TbIP 88 ($194.90 in chips)
TbIP-TbIP 88: posts small blind $1
Svedda70: posts big blind $3
*** HOLE CARDS ***
TbIP-TbIP 88: folds
Uncalled bet ($2) returned to Svedda70
Svedda70 collected $2 from pot
*** SUMMARY ***
Total pot $2 | Rake $0
Seat 2: Svedda70 (big blind) collected ($2)
Seat 3: TbIP-TbIP 88 (button) (small blind) folded before Flop


PokerStars Hand #171810655616:  Hold'em Limit ($3/$6 USD) - 2017/06/15 13:38:38 ET
Table 'Zulu' 6-max Seat #2 is the button
Seat 2: Svedda70 ($374.93 in chips)
Seat 3: TbIP-TbIP 88 ($197.90 in chips)
Svedda70: posts small blind $1
TbIP-TbIP 88: posts big blind $3
*** HOLE CARDS ***
Svedda70: raises $3 to $6
TbIP-TbIP 88: folds
Uncalled bet ($3) returned to Svedda70
Svedda70 collected $6 from pot
*** SUMMARY ***
Total pot $6 | Rake $0
Seat 2: Svedda70 (button) (small blind) collected ($6)
Seat 3: TbIP-TbIP 88 (big blind) folded before Flop


PokerStars Hand #171810725772:  Hold'em Limit ($3/$6 USD) - 2017/06/15 13:40:14 ET
Table 'Zulu' 6-max Seat #2 is the button
Seat 2: Svedda70 ($389.45 in chips)
Seat 3: TbIP-TbIP 88 ($182.90 in chips)
Svedda70: posts small blind $1
TbIP-TbIP 88: posts big blind $3
*** HOLE CARDS ***
Svedda70: raises $3 to $6
TbIP-TbIP 88: calls $3
*** FLOP *** [6c Qs 3d]
TbIP-TbIP 88: checks
Svedda70: bets $3
TbIP-TbIP 88: folds
Uncalled bet ($3) returned to Svedda70
TheMuppet is disconnected
Svedda70 collected $11.76 from pot
*** SUMMARY ***
Total pot $12 | Rake $0.24
Board [6c Qs 3d]
Seat 2: Svedda70 (button) (small blind) collected ($11.76)
Seat 3: TbIP-TbIP 88 (big blind) folded on the Flop


PokerStars Hand #171810706677:  Hold'em Limit ($3/$6 USD) - 2017/06/15 13:39:48 ET
Table 'Zulu' 6-max Seat #3 is the button
Seat 2: Svedda70 ($377.93 in chips)
Seat 3: TbIP-TbIP 88 ($194.90 in chips)
TbIP-TbIP 88: posts small blind $1
Svedda70: posts big blind $3
*** HOLE CARDS ***
TbIP-TbIP 88: raises $3 to $6
Svedda70: raises $3 to $9
TbIP-TbIP 88: calls $3
*** FLOP *** [Ks 2d 3c]
Svedda70: bets $3
TbIP-TbIP 88: calls $3
*** TURN *** [Ks 2d 3c] [6d]
Svedda70: bets $6
TbIP-TbIP 88: folds
Uncalled bet ($6) returned to Svedda70
Svedda70 collected $23.52 from pot
*** SUMMARY ***
Total pot $24 | Rake $0.48
Board [Ks 2d 3c 6d]
Seat 2: Svedda70 (big blind) collected ($23.52)
Seat 3: TbIP-TbIP 88 (button) (small blind) folded on the Turn


PokerStars Hand #171810701283:  Hold'em Limit ($3/$6 USD) - 2017/06/15 13:39:41 ET
Table 'Zulu' 6-max Seat #2 is the button
Seat 2: Svedda70 ($378.93 in chips)
Seat 3: TbIP-TbIP 88 ($193.90 in chips)
Svedda70: posts small blind $1
TbIP-TbIP 88: posts big blind $3
*** HOLE CARDS ***
Svedda70: folds
Uncalled bet ($2) returned to TbIP-TbIP 88
TbIP-TbIP 88 collected $2 from pot
TbIP-TbIP 88: doesn't show hand
*** SUMMARY ***
Total pot $2 | Rake $0
Seat 2: Svedda70 (button) (small blind) folded before Flop
Seat 3: TbIP-TbIP 88 (big blind) collected ($2)


PokerStars Hand #171810765526:  Hold'em Limit ($3/$6 USD) - 2017/06/15 13:41:08 ET
Table 'Zulu' 6-max Seat #3 is the button
Seat 2: Svedda70 ($379.21 in chips)
Seat 3: TbIP-TbIP 88 ($192.40 in chips)
TbIP-TbIP 88: posts small blind $1
Svedda70: posts big blind $3
*** HOLE CARDS ***
TbIP-TbIP 88: raises $3 to $6
Svedda70: raises $3 to $9
TbIP-TbIP 88: calls $3
*** FLOP *** [4s 5s Qd]
Svedda70: bets $3
TbIP-TbIP 88: calls $3
*** TURN *** [4s 5s Qd] [Ac]
Svedda70: bets $6
TbIP-TbIP 88: calls $6
*** RIVER *** [4s 5s Qd Ac] [5h]
Svedda70: bets $6
TbIP-TbIP 88: calls $6
*** SHOW DOWN ***
Svedda70: shows [5d Jd] (three of a kind, Fives)
TbIP-TbIP 88: mucks hand
Svedda70 collected $47.50 from pot
*** SUMMARY ***
Total pot $48 | Rake $0.50
Board [4s 5s Qd Ac 5h]
Seat 2: Svedda70 (big blind) showed [5d Jd] and won ($47.50) with three of a kind, Fives
Seat 3: TbIP-TbIP 88 (button) (small blind) mucked


PokerStars Hand #171810762027:  Hold'em Limit ($3/$6 USD) - 2017/06/15 13:41:04 ET
Table 'Zulu' 6-max Seat #2 is the button
Seat 2: Svedda70 ($380.21 in chips)
Seat 3: TbIP-TbIP 88 ($191.40 in chips)
Svedda70: posts small blind $1
TbIP-TbIP 88: posts big blind $3
*** HOLE CARDS ***
Svedda70: folds
Uncalled bet ($2) returned to TbIP-TbIP 88
TbIP-TbIP 88 collected $2 from pot
TbIP-TbIP 88: doesn't show hand
*** SUMMARY ***
Total pot $2 | Rake $0
Seat 2: Svedda70 (button) (small blind) folded before Flop
Seat 3: TbIP-TbIP 88 (big blind) collected ($2)


PokerStars Hand #171810747489:  Hold'em Limit ($3/$6 USD) - 2017/06/15 13:40:44 ET
Table 'Zulu' 6-max Seat #3 is the button
Seat 2: Svedda70 ($395.21 in chips)
Seat 3: TbIP-TbIP 88 ($176.90 in chips)
TbIP-TbIP 88: posts small blind $1
Svedda70: posts big blind $3
*** HOLE CARDS ***
TbIP-TbIP 88: raises $3 to $6
Svedda70: raises $3 to $9
TbIP-TbIP 88: calls $3
*** FLOP *** [Qs Ad Ah]
Svedda70: checks
TbIP-TbIP 88: checks
*** TURN *** [Qs Ad Ah] [5c]
Svedda70: checks
TbIP-TbIP 88: checks
*** RIVER *** [Qs Ad Ah 5c] [5h]
Svedda70: bets $6
TbIP-TbIP 88: calls $6
*** SHOW DOWN ***
Svedda70: shows [7c Th] (two pair, Aces and Fives)
TbIP-TbIP 88: shows [Js Kh] (two pair, Aces and Fives - King kicker)
TbIP-TbIP 88 collected $29.50 from pot
*** SUMMARY ***
Total pot $30 | Rake $0.50
Board [Qs Ad Ah 5c 5h]
Seat 2: Svedda70 (big blind) showed [7c Th] and lost with two pair, Aces and Fives
Seat 3: TbIP-TbIP 88 (button) (small blind) showed [Js Kh] and won ($29.50) with two pair, Aces and Fives


PokerStars Hand #171810816042:  Hold'em Limit ($3/$6 USD) - 2017/06/15 13:42:18 ET
Table 'Zulu' 6-max Seat #3 is the button
Seat 2: Svedda70 ($367.71 in chips)
Seat 3: TbIP-TbIP 88 ($202.90 in chips)
TbIP-TbIP 88: posts small blind $1
Svedda70: posts big blind $3
*** HOLE CARDS ***
TbIP-TbIP 88: raises $3 to $6
Svedda70: folds
Uncalled bet ($3) returned to TbIP-TbIP 88
TbIP-TbIP 88 collected $6 from pot
TbIP-TbIP 88: doesn't show hand
*** SUMMARY ***
Total pot $6 | Rake $0
Seat 2: Svedda70 (big blind) folded before Flop
Seat 3: TbIP-TbIP 88 (button) (small blind) collected ($6)


PokerStars Hand #171810811130:  Hold'em Limit ($3/$6 USD) - 2017/06/15 13:42:11 ET
Table 'Zulu' 6-max Seat #2 is the button
Seat 2: Svedda70 ($364.71 in chips)
Seat 3: TbIP-TbIP 88 ($205.90 in chips)
Svedda70: posts small blind $1
TbIP-TbIP 88: posts big blind $3
*** HOLE CARDS ***
Svedda70: raises $3 to $6
TbIP-TbIP 88: folds
Uncalled bet ($3) returned to Svedda70
Svedda70 collected $6 from pot
*** SUMMARY ***
Total pot $6 | Rake $0
Seat 2: Svedda70 (button) (small blind) collected ($6)
Seat 3: TbIP-TbIP 88 (big blind) folded before Flop


PokerStars Hand #171810807188:  Hold'em Limit ($3/$6 USD) - 2017/06/15 13:42:06 ET
Table 'Zulu' 6-max Seat #3 is the button
Seat 2: Svedda70 ($363.71 in chips)
Seat 3: TbIP-TbIP 88 ($206.90 in chips)
TbIP-TbIP 88: posts small blind $1
Svedda70: posts big blind $3
*** HOLE CARDS ***
TbIP-TbIP 88: folds
Uncalled bet ($2) returned to Svedda70
Svedda70 collected $2 from pot
*** SUMMARY ***
Total pot $2 | Rake $0
Seat 2: Svedda70 (big blind) collected ($2)
Seat 3: TbIP-TbIP 88 (button) (small blind) folded before Flop


PokerStars Hand #171810776574:  Hold'em Limit ($3/$6 USD) - 2017/06/15 13:41:24 ET
Table 'Zulu' 6-max Seat #2 is the button
Seat 2: Svedda70 ($402.71 in chips)
Seat 3: TbIP-TbIP 88 ($168.40 in chips)
Svedda70: posts small blind $1
TbIP-TbIP 88: posts big blind $3
*** HOLE CARDS ***
Svedda70: raises $3 to $6
TbIP-TbIP 88: raises $3 to $9
Svedda70: raises $3 to $12
Betting is capped
TbIP-TbIP 88: calls $3
*** FLOP *** [2h 6h Jd]
TbIP-TbIP 88: bets $3
Svedda70: calls $3
*** TURN *** [2h 6h Jd] [6d]
TbIP-TbIP 88: bets $6
Svedda70: raises $6 to $12
TbIP-TbIP 88: calls $6
*** RIVER *** [2h 6h Jd 6d] [6c]
TbIP-TbIP 88: checks
Svedda70: bets $6
TbIP-TbIP 88: raises $6 to $12
Svedda70: calls $6
*** SHOW DOWN ***
TbIP-TbIP 88: shows [Kc Kh] (a full house, Sixes full of Kings)
Svedda70: mucks hand
TbIP-TbIP 88 collected $77.50 from pot
*** SUMMARY ***
Total pot $78 | Rake $0.50
Board [2h 6h Jd 6d 6c]
Seat 2: Svedda70 (button) (small blind) mucked
Seat 3: TbIP-TbIP 88 (big blind) showed [Kc Kh] and won ($77.50) with a full house, Sixes full of Kings


PokerStars Hand #171810821385:  Hold'em Limit ($3/$6 USD) - 2017/06/15 13:42:25 ET
Table 'Zulu' 6-max Seat #2 is the button
Seat 2: Svedda70 ($364.71 in chips)
Seat 3: TbIP-TbIP 88 ($205.90 in chips)
Svedda70: posts small blind $1
TbIP-TbIP 88: posts big blind $3
*** HOLE CARDS ***
Svedda70: raises $3 to $6
TbIP-TbIP 88: folds
Uncalled bet ($3) returned to Svedda70
Svedda70 collected $6 from pot
*** SUMMARY ***
Total pot $6 | Rake $0
Seat 2: Svedda70 (button) (small blind) collected ($6)
Seat 3: TbIP-TbIP 88 (big blind) folded before Flop


PokerStars Hand #171810829033:  Hold'em Limit ($3/$6 USD) - 2017/06/15 13:42:36 ET
Table 'Zulu' 6-max Seat #3 is the button
Seat 2: Svedda70 ($367.71 in chips)
Seat 3: TbIP-TbIP 88 ($202.90 in chips)
TbIP-TbIP 88: posts small blind $1
Svedda70: posts big blind $3
*** HOLE CARDS ***
TbIP-TbIP 88: raises $3 to $6
Svedda70: raises $3 to $9
TbIP-TbIP 88: calls $3
*** FLOP *** [3s Js 6c]
Svedda70: bets $3
TbIP-TbIP 88: calls $3
*** TURN *** [3s Js 6c] [3h]
Svedda70: checks
TbIP-TbIP 88: checks
*** RIVER *** [3s Js 6c 3h] [8h]
Svedda70: bets $6
TbIP-TbIP 88: calls $6
*** SHOW DOWN ***
Svedda70: shows [8d Kh] (two pair, Eights and Threes)
TbIP-TbIP 88: mucks hand
Svedda70 collected $35.50 from pot
*** SUMMARY ***
Total pot $36 | Rake $0.50
Board [3s Js 6c 3h 8h]
Seat 2: Svedda70 (big blind) showed [8d Kh] and won ($35.50) with two pair, Eights and Threes
Seat 3: TbIP-TbIP 88 (button) (small blind) mucked


PokerStars Hand #171810841629:  Hold'em Limit ($3/$6 USD) - 2017/06/15 13:42:53 ET
Table 'Zulu' 6-max Seat #2 is the button
Seat 2: Svedda70 ($385.21 in chips)
Seat 3: TbIP-TbIP 88 ($184.90 in chips)
Svedda70: posts small blind $1
TbIP-TbIP 88: posts big blind $3
*** HOLE CARDS ***
Svedda70: folds
Uncalled bet ($2) returned to TbIP-TbIP 88
TbIP-TbIP 88 collected $2 from pot
TbIP-TbIP 88: doesn't show hand
*** SUMMARY ***
Total pot $2 | Rake $0
Seat 2: Svedda70 (button) (small blind) folded before Flop
Seat 3: TbIP-TbIP 88 (big blind) collected ($2)


PokerStars Hand #171810845162:  Hold'em Limit ($3/$6 USD) - 2017/06/15 13:42:58 ET
Table 'Zulu' 6-max Seat #3 is the button
Seat 2: Svedda70 ($384.21 in chips)
Seat 3: TbIP-TbIP 88 ($185.90 in chips)
TbIP-TbIP 88: posts small blind $1
Svedda70: posts big blind $3
*** HOLE CARDS ***
TbIP-TbIP 88: raises $3 to $6
Svedda70: calls $3
*** FLOP *** [2c 6s 3c]
Svedda70: checks
TbIP-TbIP 88: bets $3
Svedda70: folds
Uncalled bet ($3) returned to TbIP-TbIP 88
TbIP-TbIP 88 collected $11.76 from pot
TbIP-TbIP 88: doesn't show hand
*** SUMMARY ***
Total pot $12 | Rake $0.24
Board [2c 6s 3c]
Seat 2: Svedda70 (big blind) folded on the Flop
Seat 3: TbIP-TbIP 88 (button) (small blind) collected ($11.76)


PokerStars Hand #171810852477:  Hold'em Limit ($3/$6 USD) - 2017/06/15 13:43:08 ET
Table 'Zulu' 6-max Seat #2 is the button
Seat 2: Svedda70 ($378.21 in chips)
Seat 3: TbIP-TbIP 88 ($191.66 in chips)
Svedda70: posts small blind $1
TbIP-TbIP 88: posts big blind $3
*** HOLE CARDS ***
Svedda70: raises $3 to $6
TbIP-TbIP 88: calls $3
*** FLOP *** [Jc 8h Kd]
TbIP-TbIP 88: checks
Svedda70: bets $3
TbIP-TbIP 88: folds
Uncalled bet ($3) returned to Svedda70
Svedda70 collected $11.76 from pot
*** SUMMARY ***
Total pot $12 | Rake $0.24
Board [Jc 8h Kd]
Seat 2: Svedda70 (button) (small blind) collected ($11.76)
Seat 3: TbIP-TbIP 88 (big blind) folded on the Flop


PokerStars Hand #171810865557:  Hold'em Limit ($3/$6 USD) - 2017/06/15 13:43:27 ET
Table 'Zulu' 6-max Seat #3 is the button
Seat 2: Svedda70 ($383.97 in chips)
Seat 3: TbIP-TbIP 88 ($185.66 in chips)
TbIP-TbIP 88: posts small blind $1
Svedda70: posts big blind $3
*** HOLE CARDS ***
TbIP-TbIP 88: raises $3 to $6
popesxxx joins the table at seat #4
Svedda70: raises $3 to $9
TbIP-TbIP 88: calls $3
*** FLOP *** [Th Jd Kd]
Svedda70: bets $3
TbIP-TbIP 88: folds
Uncalled bet ($3) returned to Svedda70
Svedda70 collected $17.64 from pot
*** SUMMARY ***
Total pot $18 | Rake $0.36
Board [Th Jd Kd]
Seat 2: Svedda70 (big blind) collected ($17.64)
Seat 3: TbIP-TbIP 88 (button) (small blind) folded on the Flop


PokerStars Hand #171810886064:  Hold'em Limit ($3/$6 USD) - 2017/06/15 13:43:55 ET
Table 'Zulu' 6-max Seat #2 is the button
Seat 2: Svedda70 ($392.61 in chips)
Seat 3: TbIP-TbIP 88 ($176.66 in chips)
Svedda70: posts small blind $1
TbIP-TbIP 88: posts big blind $3
*** HOLE CARDS ***
Svedda70: raises $3 to $6
TbIP-TbIP 88: calls $3
*** FLOP *** [Tc As 2s]
TbIP-TbIP 88: checks
Svedda70: bets $3
TbIP-TbIP 88: folds
Uncalled bet ($3) returned to Svedda70
boriskloris joins the table at seat #5
Svedda70 collected $11.76 from pot
*** SUMMARY ***
Total pot $12 | Rake $0.24
Board [Tc As 2s]
Seat 2: Svedda70 (button) (small blind) collected ($11.76)
Seat 3: TbIP-TbIP 88 (big blind) folded on the Flop


PokerStars Hand #171811058867:  Hold'em Limit ($3/$6 USD) - 2017/06/15 13:47:51 ET
Table 'Zulu' 6-max Seat #3 is the button
Seat 2: Svedda70 ($442.70 in chips)
Seat 3: TbIP-TbIP 88 ($209.68 in chips)
TbIP-TbIP 88: posts small blind $1
vestimokrec: is sitting out
Svedda70: posts big blind $3
*** HOLE CARDS ***
vestimokrec leaves the table
TbIP-TbIP 88: raises $3 to $6
Svedda70: folds
Uncalled bet ($3) returned to TbIP-TbIP 88
TbIP-TbIP 88 collected $6 from pot
TbIP-TbIP 88: doesn't show hand
*** SUMMARY ***
Total pot $6 | Rake $0
Seat 2: Svedda70 (big blind) folded before Flop
Seat 3: TbIP-TbIP 88 (button) (small blind) collected ($6)


PokerStars Hand #171811066078:  Hold'em Limit ($3/$6 USD) - 2017/06/15 13:48:01 ET
Table 'Zulu' 6-max Seat #2 is the button
Seat 2: Svedda70 ($439.70 in chips)
Seat 3: TbIP-TbIP 88 ($212.68 in chips)
Svedda70: posts small blind $1
TbIP-TbIP 88: posts big blind $3
*** HOLE CARDS ***
Svedda70: raises $3 to $6
TbIP-TbIP 88: calls $3
*** FLOP *** [Kh Jh Ah]
vestimokrec joins the table at seat #5
TbIP-TbIP 88: checks
Svedda70: bets $3
TbIP-TbIP 88: calls $3
*** TURN *** [Kh Jh Ah] [6d]
TbIP-TbIP 88: checks
Svedda70: bets $6
TbIP-TbIP 88: calls $6
*** RIVER *** [Kh Jh Ah 6d] [7h]
TbIP-TbIP 88: checks
Svedda70: checks
*** SHOW DOWN ***
TbIP-TbIP 88: shows [5c Jc] (a pair of Jacks)
Svedda70: mucks hand
TbIP-TbIP 88 collected $29.50 from pot
*** SUMMARY ***
Total pot $30 | Rake $0.50
Board [Kh Jh Ah 6d 7h]
Seat 2: Svedda70 (button) (small blind) mucked
Seat 3: TbIP-TbIP 88 (big blind) showed [5c Jc] and won ($29.50) with a pair of Jacks


