PokerStars Hand #145782601816:  Hold'em Limit ($3/$6 USD) - 2015/12/23 4:55:08 ET
Table 'Zulu' 6-max Seat #3 is the button
Seat 3: daniya73 ($52.64 in chips)
Seat 4: MTails ($116.76 in chips)
daniya73: posts small blind $1
MTails: posts big blind $3
*** HOLE CARDS ***
daniya73: folds
Uncalled bet ($2) returned to MTails
MTails collected $2 from pot
*** SUMMARY ***
Total pot $2 | Rake $0
Seat 3: daniya73 (button) (small blind) folded before Flop
Seat 4: MTails (big blind) collected ($2)


PokerStars Hand #145782593700:  Hold'em Limit ($3/$6 USD) - 2015/12/23 4:54:48 ET
Table 'Zulu' 6-max Seat #4 is the button
Seat 3: daniya73 ($58.64 in chips)
Seat 4: MTails ($111 in chips)
MTails: posts small blind $1
daniya73: posts big blind $3
*** HOLE CARDS ***
MTails: raises $3 to $6
daniya73: calls $3
*** FLOP *** [Td 7s 9h]
daniya73: checks
MTails: bets $3
daniya73: folds
Uncalled bet ($3) returned to MTails
MTails collected $11.76 from pot
*** SUMMARY ***
Total pot $12 | Rake $0.24
Board [Td 7s 9h]
Seat 3: daniya73 (big blind) folded on the Flop
Seat 4: MTails (button) (small blind) collected ($11.76)


PokerStars Hand #145782583906:  Hold'em Limit ($3/$6 USD) - 2015/12/23 4:54:23 ET
Table 'Zulu' 6-max Seat #3 is the button
Seat 3: daniya73 ($50 in chips)
Seat 4: MTails ($120 in chips)
daniya73: posts small blind $1
MTails: posts big blind $3
*** HOLE CARDS ***
daniya73: raises $3 to $6
MTails: calls $3
*** FLOP *** [5h 9s 5d]
MTails: checks
daniya73: bets $3
MTails: calls $3
*** TURN *** [5h 9s 5d] [3c]
MTails: checks
daniya73: checks
*** RIVER *** [5h 9s 5d 3c] [3h]
MTails: checks
daniya73: bets $6
MTails: folds
Uncalled bet ($6) returned to daniya73
daniya73 collected $17.64 from pot
daniya73: doesn't show hand
*** SUMMARY ***
Total pot $18 | Rake $0.36
Board [5h 9s 5d 3c 3h]
Seat 3: daniya73 (button) (small blind) collected ($17.64)
Seat 4: MTails (big blind) folded on the River


PokerStars Hand #145782581982:  Hold'em Limit ($3/$6 USD) - 2015/12/23 4:54:18 ET
Table 'Zulu' 6-max Seat #4 is the button
Seat 3: daniya73 ($49 in chips)
Seat 4: MTails ($121 in chips)
MTails: posts small blind $1
daniya73: posts big blind $3
*** HOLE CARDS ***
MTails: folds
Uncalled bet ($2) returned to daniya73
daniya73 collected $2 from pot
daniya73: doesn't show hand
*** SUMMARY ***
Total pot $2 | Rake $0
Seat 3: daniya73 (big blind) collected ($2)
Seat 4: MTails (button) (small blind) folded before Flop


PokerStars Hand #145782576737:  Hold'em Limit ($3/$6 USD) - 2015/12/23 4:54:05 ET
Table 'Zulu' 6-max Seat #3 is the button
Seat 3: daniya73 ($50 in chips)
Seat 4: MTails ($120 in chips)
daniya73: posts small blind $1
MTails: posts big blind $3
*** HOLE CARDS ***
daniya73: folds
Uncalled bet ($2) returned to MTails
MTails collected $2 from pot
*** SUMMARY ***
Total pot $2 | Rake $0
Seat 3: daniya73 (button) (small blind) folded before Flop
Seat 4: MTails (big blind) collected ($2)


PokerStars Hand #145782610644:  Hold'em Limit ($3/$6 USD) - 2015/12/23 4:55:35 ET
Table 'Zulu' 6-max Seat #3 is the button
Seat 3: daniya73 ($42.64 in chips)
Seat 4: MTails ($126.40 in chips)
daniya73: posts small blind $1
MTails: posts big blind $3
*** HOLE CARDS ***
daniya73: raises $3 to $6
MTails: calls $3
*** FLOP *** [8h 7c Jd]
MTails: checks
daniya73: bets $3
MTails: raises $3 to $6
daniya73: calls $3
*** TURN *** [8h 7c Jd] [8s]
MTails: bets $6
daniya73: calls $6
*** RIVER *** [8h 7c Jd 8s] [5h]
MTails: checks
daniya73: checks
*** SHOW DOWN ***
MTails: shows [7h Td] (two pair, Eights and Sevens)
daniya73: shows [7d Tc] (two pair, Eights and Sevens)
MTails collected $17.75 from pot
daniya73 collected $17.75 from pot
*** SUMMARY ***
Total pot $36 | Rake $0.50
Board [8h 7c Jd 8s 5h]
Seat 3: daniya73 (button) (small blind) showed [7d Tc] and won ($17.75) with two pair, Eights and Sevens
Seat 4: MTails (big blind) showed [7h Td] and won ($17.75) with two pair, Eights and Sevens


PokerStars Hand #145782603796:  Hold'em Limit ($3/$6 USD) - 2015/12/23 4:55:14 ET
Table 'Zulu' 6-max Seat #4 is the button
Seat 3: daniya73 ($51.64 in chips)
Seat 4: MTails ($117.76 in chips)
MTails: posts small blind $1
daniya73: posts big blind $3
*** HOLE CARDS ***
MTails: raises $3 to $6
daniya73: calls $3
*** FLOP *** [As 8s 6d]
daniya73: checks
MTails: bets $3
daniya73: calls $3
*** TURN *** [As 8s 6d] [4h]
daniya73: checks
MTails: bets $6
daniya73: folds
Uncalled bet ($6) returned to MTails
MTails collected $17.64 from pot
*** SUMMARY ***
Total pot $18 | Rake $0.36
Board [As 8s 6d 4h]
Seat 3: daniya73 (big blind) folded on the Turn
Seat 4: MTails (button) (small blind) collected ($17.64)


PokerStars Hand #145782624047:  Hold'em Limit ($3/$6 USD) - 2015/12/23 4:56:16 ET
Table 'Zulu' 6-max Seat #3 is the button
Seat 3: daniya73 ($33.39 in chips)
Seat 4: MTails ($134.79 in chips)
daniya73: posts small blind $1
MTails: posts big blind $3
*** HOLE CARDS ***
daniya73: folds
Uncalled bet ($2) returned to MTails
MTails collected $2 from pot
*** SUMMARY ***
Total pot $2 | Rake $0
Seat 3: daniya73 (button) (small blind) folded before Flop
Seat 4: MTails (big blind) collected ($2)


PokerStars Hand #145782616755:  Hold'em Limit ($3/$6 USD) - 2015/12/23 4:55:54 ET
Table 'Zulu' 6-max Seat #4 is the button
Seat 3: daniya73 ($42.39 in chips)
Seat 4: MTails ($126.15 in chips)
MTails: posts small blind $1
daniya73: posts big blind $3
*** HOLE CARDS ***
MTails: raises $3 to $6
daniya73: calls $3
*** FLOP *** [5h 2h 3d]
daniya73: checks
MTails: bets $3
daniya73: calls $3
*** TURN *** [5h 2h 3d] [5d]
daniya73: checks
MTails: bets $6
daniya73: folds
Uncalled bet ($6) returned to MTails
MTails collected $17.64 from pot
*** SUMMARY ***
Total pot $18 | Rake $0.36
Board [5h 2h 3d 5d]
Seat 3: daniya73 (big blind) folded on the Turn
Seat 4: MTails (button) (small blind) collected ($17.64)


PokerStars Hand #145782625749:  Hold'em Limit ($3/$6 USD) - 2015/12/23 4:56:22 ET
Table 'Zulu' 6-max Seat #4 is the button
Seat 3: daniya73 ($32.39 in chips)
Seat 4: MTails ($135.79 in chips)
MTails: posts small blind $1
daniya73: posts big blind $3
*** HOLE CARDS ***
MTails: raises $3 to $6
daniya73: calls $3
*** FLOP *** [8c 5h 8s]
daniya73: checks
MTails: bets $3
daniya73: raises $3 to $6
MTails: calls $3
*** TURN *** [8c 5h 8s] [5c]
daniya73: bets $6
MTails: folds
Uncalled bet ($6) returned to daniya73
daniya73 collected $23.52 from pot
daniya73: doesn't show hand
*** SUMMARY ***
Total pot $24 | Rake $0.48
Board [8c 5h 8s 5c]
Seat 3: daniya73 (big blind) collected ($23.52)
Seat 4: MTails (button) (small blind) folded on the Turn


PokerStars Hand #145782630535:  Hold'em Limit ($3/$6 USD) - 2015/12/23 4:56:36 ET
Table 'Zulu' 6-max Seat #3 is the button
Seat 3: daniya73 ($43.91 in chips)
Seat 4: MTails ($123.79 in chips)
daniya73: posts small blind $1
MTails: posts big blind $3
*** HOLE CARDS ***
daniya73: raises $3 to $6
MTails: calls $3
*** FLOP *** [3c 8d Jd]
MTails: checks
daniya73: bets $3
MTails: folds
Uncalled bet ($3) returned to daniya73
daniya73 collected $11.76 from pot
daniya73: doesn't show hand
*** SUMMARY ***
Total pot $12 | Rake $0.24
Board [3c 8d Jd]
Seat 3: daniya73 (button) (small blind) collected ($11.76)
Seat 4: MTails (big blind) folded on the Flop


PokerStars Hand #145782634785:  Hold'em Limit ($3/$6 USD) - 2015/12/23 4:56:49 ET
Table 'Zulu' 6-max Seat #4 is the button
Seat 3: daniya73 ($49.67 in chips)
Seat 4: MTails ($117.79 in chips)
MTails: posts small blind $1
daniya73: posts big blind $3
*** HOLE CARDS ***
MTails: raises $3 to $6
daniya73: calls $3
*** FLOP *** [Ks 4d 8d]
@92gara42@ joins the table at seat #2
daniya73: checks
MTails: bets $3
daniya73: folds
Uncalled bet ($3) returned to MTails
MTails collected $11.76 from pot
*** SUMMARY ***
Total pot $12 | Rake $0.24
Board [Ks 4d 8d]
Seat 3: daniya73 (big blind) folded on the Flop
Seat 4: MTails (button) (small blind) collected ($11.76)


PokerStars Hand #145782640301:  Hold'em Limit ($3/$6 USD) - 2015/12/23 4:57:06 ET
Table 'Zulu' 6-max Seat #3 is the button
Seat 3: daniya73 ($43.67 in chips)
Seat 4: MTails ($123.55 in chips)
daniya73: posts small blind $1
MTails: posts big blind $3
*** HOLE CARDS ***
daniya73: folds
Uncalled bet ($2) returned to MTails
MTails collected $2 from pot
*** SUMMARY ***
Total pot $2 | Rake $0
Seat 3: daniya73 (button) (small blind) folded before Flop
Seat 4: MTails (big blind) collected ($2)


PokerStars Hand #145783774618:  Hold'em Limit ($3/$6 USD) - 2015/12/23 5:40:21 ET
Table 'Zulu' 6-max Seat #5 is the button
Seat 2: scorpio04 ($75 in chips)
Seat 5: TopDJTex ($110.86 in chips)
TopDJTex: posts small blind $1
scorpio04: posts big blind $3
*** HOLE CARDS ***
TopDJTex: raises $3 to $6
scorpio04: calls $3
*** FLOP *** [4h 7h Ad]
scorpio04: checks
TopDJTex: bets $3
scorpio04: calls $3
*** TURN *** [4h 7h Ad] [2s]
scorpio04: checks
TopDJTex: bets $6
scorpio04: folds
Uncalled bet ($6) returned to TopDJTex
TopDJTex collected $17.64 from pot
*** SUMMARY ***
Total pot $18 | Rake $0.36
Board [4h 7h Ad 2s]
Seat 2: scorpio04 (big blind) folded on the Turn
Seat 5: TopDJTex (button) (small blind) collected ($17.64)


PokerStars Hand #145783770209:  Hold'em Limit ($3/$6 USD) - 2015/12/23 5:40:11 ET
Table 'Zulu' 6-max Seat #2 is the button
Seat 2: scorpio04 ($72 in chips)
Seat 5: TopDJTex ($113.86 in chips)
scorpio04: posts small blind $1
TbIP-TbIP 88: is sitting out
HAL9QQQ: is sitting out
TopDJTex: posts big blind $3
*** HOLE CARDS ***
scorpio04: raises $3 to $6
HAL9QQQ leaves the table
TopDJTex: folds
Uncalled bet ($3) returned to scorpio04
scorpio04 collected $6 from pot
scorpio04: doesn't show hand
*** SUMMARY ***
Total pot $6 | Rake $0
Seat 2: scorpio04 (button) (small blind) collected ($6)
Seat 5: TopDJTex (big blind) folded before Flop


PokerStars Hand #145783812911:  Hold'em Limit ($3/$6 USD) - 2015/12/23 5:41:43 ET
Table 'Zulu' 6-max Seat #2 is the button
Seat 1: renedreise ($55.58 in chips)
Seat 2: scorpio04 ($92.50 in chips)
scorpio04: posts small blind $1
renedreise: posts big blind $3
*** HOLE CARDS ***
scorpio04: raises $3 to $6
renedreise: calls $3
*** FLOP *** [5s 4d 8s]
renedreise: checks
scorpio04: bets $3
renedreise: calls $3
*** TURN *** [5s 4d 8s] [Jd]
renedreise: checks
scorpio04: bets $6
renedreise: folds
Uncalled bet ($6) returned to scorpio04
scorpio04 collected $17.64 from pot
scorpio04: doesn't show hand
*** SUMMARY ***
Total pot $18 | Rake $0.36
Board [5s 4d 8s Jd]
Seat 1: renedreise (big blind) folded on the Turn
Seat 2: scorpio04 (button) (small blind) collected ($17.64)


PokerStars Hand #145783802605:  Hold'em Limit ($3/$6 USD) - 2015/12/23 5:41:21 ET
Table 'Zulu' 6-max Seat #1 is the button
Seat 1: renedreise ($76.58 in chips)
Seat 2: scorpio04 ($72 in chips)
renedreise: posts small blind $1
scorpio04: posts big blind $3
*** HOLE CARDS ***
renedreise: calls $2
scorpio04: raises $3 to $6
renedreise: calls $3
*** FLOP *** [8s 7h 5d]
scorpio04: bets $3
renedreise: calls $3
*** TURN *** [8s 7h 5d] [3d]
scorpio04: bets $6
renedreise: calls $6
*** RIVER *** [8s 7h 5d 3d] [6d]
scorpio04: bets $6
renedreise: calls $6
*** SHOW DOWN ***
scorpio04: shows [8c Qc] (a pair of Eights)
renedreise: mucks hand
scorpio04 collected $41.50 from pot
*** SUMMARY ***
Total pot $42 | Rake $0.50
Board [8s 7h 5d 3d 6d]
Seat 1: renedreise (button) (small blind) mucked
Seat 2: scorpio04 (big blind) showed [8c Qc] and won ($41.50) with a pair of Eights


PokerStars Hand #145783798453:  Hold'em Limit ($3/$6 USD) - 2015/12/23 5:41:12 ET
Table 'Zulu' 6-max Seat #2 is the button
Seat 1: renedreise ($75.58 in chips)
Seat 2: scorpio04 ($72 in chips)
scorpio04: posts small blind $1
renedreise: posts big blind $3
*** HOLE CARDS ***
scorpio04: folds
Uncalled bet ($2) returned to renedreise
renedreise collected $2 from pot
renedreise: doesn't show hand
*** SUMMARY ***
Total pot $2 | Rake $0
Seat 1: renedreise (big blind) collected ($2)
Seat 2: scorpio04 (button) (small blind) folded before Flop


PokerStars Hand #145783833685:  Hold'em Limit ($3/$6 USD) - 2015/12/23 5:42:28 ET
Table 'Zulu' 6-max Seat #1 is the button
Seat 1: renedreise ($62.08 in chips)
Seat 2: scorpio04 ($85.14 in chips)
renedreise: posts small blind $1
scorpio04: posts big blind $3
*** HOLE CARDS ***
renedreise: calls $2
scorpio04: checks
*** FLOP *** [3h Ts 8h]
scorpio04: bets $3
renedreise: calls $3
*** TURN *** [3h Ts 8h] [As]
scorpio04: bets $6
renedreise: calls $6
*** RIVER *** [3h Ts 8h As] [2s]
scorpio04: bets $6
renedreise: folds
Uncalled bet ($6) returned to scorpio04
scorpio04 collected $23.52 from pot
scorpio04: doesn't show hand
*** SUMMARY ***
Total pot $24 | Rake $0.48
Board [3h Ts 8h As 2s]
Seat 1: renedreise (button) (small blind) folded on the River
Seat 2: scorpio04 (big blind) collected ($23.52)


PokerStars Hand #145783831563:  Hold'em Limit ($3/$6 USD) - 2015/12/23 5:42:23 ET
Table 'Zulu' 6-max Seat #2 is the button
Seat 1: renedreise ($61.08 in chips)
Seat 2: scorpio04 ($86.14 in chips)
scorpio04: posts small blind $1
renedreise: posts big blind $3
*** HOLE CARDS ***
scorpio04: folds
Uncalled bet ($2) returned to renedreise
renedreise collected $2 from pot
renedreise: doesn't show hand
*** SUMMARY ***
Total pot $2 | Rake $0
Seat 1: renedreise (big blind) collected ($2)
Seat 2: scorpio04 (button) (small blind) folded before Flop


PokerStars Hand #145783819406:  Hold'em Limit ($3/$6 USD) - 2015/12/23 5:41:57 ET
Table 'Zulu' 6-max Seat #1 is the button
Seat 1: renedreise ($46.58 in chips)
Seat 2: scorpio04 ($101.14 in chips)
renedreise: posts small blind $1
scorpio04: posts big blind $3
*** HOLE CARDS ***
renedreise: calls $2
scorpio04: raises $3 to $6
renedreise: calls $3
*** FLOP *** [4h 6h 2c]
scorpio04: bets $3
renedreise: calls $3
*** TURN *** [4h 6h 2c] [6c]
scorpio04: bets $6
renedreise: calls $6
*** RIVER *** [4h 6h 2c 6c] [5s]
scorpio04: checks
renedreise: bets $6
scorpio04: folds
Uncalled bet ($6) returned to renedreise
renedreise collected $29.50 from pot
renedreise: doesn't show hand
*** SUMMARY ***
Total pot $30 | Rake $0.50
Board [4h 6h 2c 6c 5s]
Seat 1: renedreise (button) (small blind) collected ($29.50)
Seat 2: scorpio04 (big blind) folded on the River


PokerStars Hand #145783860375:  Hold'em Limit ($3/$6 USD) - 2015/12/23 5:43:25 ET
Table 'Zulu' 6-max Seat #1 is the button
Seat 1: renedreise ($41.08 in chips)
Seat 2: scorpio04 ($105.30 in chips)
renedreise: posts small blind $1
scorpio04: posts big blind $3
*** HOLE CARDS ***
renedreise: calls $2
scorpio04: raises $3 to $6
renedreise: calls $3
*** FLOP *** [7c 4h 8s]
scorpio04: bets $3
renedreise: calls $3
*** TURN *** [7c 4h 8s] [4d]
daniya73 joins the table at seat #4
scorpio04: bets $6
renedreise: calls $6
*** RIVER *** [7c 4h 8s 4d] [Th]
RockKillerTY joins the table at seat #5
scorpio04: bets $6
renedreise: calls $6
*** SHOW DOWN ***
scorpio04: shows [5c 8c] (two pair, Eights and Fours)
renedreise: shows [9d 8d] (two pair, Eights and Fours)
scorpio04 collected $20.75 from pot
renedreise collected $20.75 from pot
*** SUMMARY ***
Total pot $42 | Rake $0.50
Board [7c 4h 8s 4d Th]
Seat 1: renedreise (button) (small blind) showed [9d 8d] and won ($20.75) with two pair, Eights and Fours
Seat 2: scorpio04 (big blind) showed [5c 8c] and won ($20.75) with two pair, Eights and Fours


PokerStars Hand #145783843846:  Hold'em Limit ($3/$6 USD) - 2015/12/23 5:42:50 ET
Table 'Zulu' 6-max Seat #2 is the button
Seat 1: renedreise ($50.08 in chips)
Seat 2: scorpio04 ($96.66 in chips)
scorpio04: posts small blind $1
renedreise: posts big blind $3
*** HOLE CARDS ***
scorpio04: raises $3 to $6
renedreise: calls $3
*** FLOP *** [2s Qh 8d]
renedreise: bets $3
scorpio04: calls $3
*** TURN *** [2s Qh 8d] [Jh]
renedreise: checks
scorpio04: bets $6
renedreise: folds
Uncalled bet ($6) returned to scorpio04
scorpio04 collected $17.64 from pot
scorpio04: doesn't show hand
*** SUMMARY ***
Total pot $18 | Rake $0.36
Board [2s Qh 8d Jh]
Seat 1: renedreise (big blind) folded on the Turn
Seat 2: scorpio04 (button) (small blind) collected ($17.64)


PokerStars Hand #145791378793:  Hold'em Limit ($3/$6 USD) - 2015/12/23 9:26:58 ET
Table 'Zulu' 6-max Seat #3 is the button
Seat 3: bentinck113 ($80.57 in chips)
Seat 4: Actionni13 ($179.43 in chips)
bentinck113: posts small blind $1
Actionni13: posts big blind $3
*** HOLE CARDS ***
bentinck113: raises $3 to $6
Actionni13: folds
Uncalled bet ($3) returned to bentinck113
bentinck113 collected $6 from pot
bentinck113: doesn't show hand
*** SUMMARY ***
Total pot $6 | Rake $0
Seat 3: bentinck113 (button) (small blind) collected ($6)
Seat 4: Actionni13 (big blind) folded before Flop


PokerStars Hand #145791365744:  Hold'em Limit ($3/$6 USD) - 2015/12/23 9:26:39 ET
Table 'Zulu' 6-max Seat #4 is the button
Seat 3: bentinck113 ($71.93 in chips)
Seat 4: Actionni13 ($188.43 in chips)
Actionni13: posts small blind $1
HAL9QQQ: is sitting out
bentinck113: posts big blind $3
*** HOLE CARDS ***
Actionni13: raises $3 to $6
HAL9QQQ leaves the table
bentinck113: raises $3 to $9
Actionni13: calls $3
*** FLOP *** [7c Ad Tc]
bentinck113: bets $3
Actionni13: folds
Uncalled bet ($3) returned to bentinck113
bentinck113 collected $17.64 from pot
bentinck113: doesn't show hand
*** SUMMARY ***
Total pot $18 | Rake $0.36
Board [7c Ad Tc]
Seat 3: bentinck113 (big blind) collected ($17.64)
Seat 4: Actionni13 (button) (small blind) folded on the Flop


PokerStars Hand #145791384038:  Hold'em Limit ($3/$6 USD) - 2015/12/23 9:27:06 ET
Table 'Zulu' 6-max Seat #4 is the button
Seat 3: bentinck113 ($83.57 in chips)
Seat 4: Actionni13 ($176.43 in chips)
Actionni13: posts small blind $1
JSDM8682 was removed from the table for failing to post
bentinck113: posts big blind $3
*** HOLE CARDS ***
Actionni13: raises $3 to $6
bentinck113: calls $3
*** FLOP *** [5s Ad 7h]
bentinck113: checks
Actionni13: bets $3
bentinck113: folds
Uncalled bet ($3) returned to Actionni13
Actionni13 collected $11.76 from pot
Actionni13: doesn't show hand
*** SUMMARY ***
Total pot $12 | Rake $0.24
Board [5s Ad 7h]
Seat 3: bentinck113 (big blind) folded on the Flop
Seat 4: Actionni13 (button) (small blind) collected ($11.76)


PokerStars Hand #145791421114:  Hold'em Limit ($3/$6 USD) - 2015/12/23 9:28:02 ET
Table 'Zulu' 6-max Seat #4 is the button
Seat 3: bentinck113 ($95.07 in chips)
Seat 4: Actionni13 ($164.19 in chips)
Actionni13: posts small blind $1
bentinck113: posts big blind $3
*** HOLE CARDS ***
Actionni13: raises $3 to $6
bentinck113: folds
Uncalled bet ($3) returned to Actionni13
Actionni13 collected $6 from pot
Actionni13: doesn't show hand
*** SUMMARY ***
Total pot $6 | Rake $0
Seat 3: bentinck113 (big blind) folded before Flop
Seat 4: Actionni13 (button) (small blind) collected ($6)


PokerStars Hand #145791392624:  Hold'em Limit ($3/$6 USD) - 2015/12/23 9:27:19 ET
Table 'Zulu' 6-max Seat #3 is the button
Seat 3: bentinck113 ($77.57 in chips)
Seat 4: Actionni13 ($182.19 in chips)
bentinck113: posts small blind $1
Actionni13: posts big blind $3
*** HOLE CARDS ***
bentinck113: raises $3 to $6
Actionni13: raises $3 to $9
bentinck113: calls $3
*** FLOP *** [6c 5s 7c]
Actionni13: checks
bentinck113: bets $3
Actionni13: calls $3
*** TURN *** [6c 5s 7c] [5c]
Actionni13: checks
bentinck113: bets $6
Actionni13: calls $6
*** RIVER *** [6c 5s 7c 5c] [Ts]
Actionni13: checks
bentinck113: bets $6
Actionni13: folds
Uncalled bet ($6) returned to bentinck113
bentinck113 collected $35.50 from pot
bentinck113: doesn't show hand
*** SUMMARY ***
Total pot $36 | Rake $0.50
Board [6c 5s 7c 5c Ts]
Seat 3: bentinck113 (button) (small blind) collected ($35.50)
Seat 4: Actionni13 (big blind) folded on the River


PokerStars Hand #145791440293:  Hold'em Limit ($3/$6 USD) - 2015/12/23 9:28:31 ET
Table 'Zulu' 6-max Seat #4 is the button
Seat 3: bentinck113 ($80.07 in chips)
Seat 4: Actionni13 ($178.71 in chips)
Actionni13: posts small blind $1
bentinck113: posts big blind $3
*** HOLE CARDS ***
Actionni13: raises $3 to $6
bentinck113: calls $3
*** FLOP *** [Jd Jc Jh]
bentinck113: checks
Actionni13: bets $3
bentinck113: folds
Uncalled bet ($3) returned to Actionni13
Actionni13 collected $11.76 from pot
Actionni13: doesn't show hand
*** SUMMARY ***
Total pot $12 | Rake $0.24
Board [Jd Jc Jh]
Seat 3: bentinck113 (big blind) folded on the Flop
Seat 4: Actionni13 (button) (small blind) collected ($11.76)


PokerStars Hand #145791425785:  Hold'em Limit ($3/$6 USD) - 2015/12/23 9:28:09 ET
Table 'Zulu' 6-max Seat #3 is the button
Seat 3: bentinck113 ($92.07 in chips)
Seat 4: Actionni13 ($167.19 in chips)
bentinck113: posts small blind $1
Actionni13: posts big blind $3
*** HOLE CARDS ***
bentinck113: raises $3 to $6
Actionni13: raises $3 to $9
bentinck113: calls $3
*** FLOP *** [Ad 7s 2d]
Actionni13: bets $3
bentinck113: calls $3
*** TURN *** [Ad 7s 2d] [Kh]
Actionni13: checks
bentinck113: checks
*** RIVER *** [Ad 7s 2d Kh] [Tc]
Actionni13: bets $6
bentinck113: folds
Uncalled bet ($6) returned to Actionni13
Actionni13 collected $23.52 from pot
Actionni13: doesn't show hand
*** SUMMARY ***
Total pot $24 | Rake $0.48
Board [Ad 7s 2d Kh Tc]
Seat 3: bentinck113 (button) (small blind) folded on the River
Seat 4: Actionni13 (big blind) collected ($23.52)


PokerStars Hand #145791448839:  Hold'em Limit ($3/$6 USD) - 2015/12/23 9:28:44 ET
Table 'Zulu' 6-max Seat #3 is the button
Seat 3: bentinck113 ($74.07 in chips)
Seat 4: Actionni13 ($184.47 in chips)
bentinck113: posts small blind $1
Actionni13: posts big blind $3
*** HOLE CARDS ***
bentinck113: folds
Uncalled bet ($2) returned to Actionni13
Actionni13 collected $2 from pot
Actionni13: doesn't show hand
*** SUMMARY ***
Total pot $2 | Rake $0
Seat 3: bentinck113 (button) (small blind) folded before Flop
Seat 4: Actionni13 (big blind) collected ($2)


PokerStars Hand #145791474182:  Hold'em Limit ($3/$6 USD) - 2015/12/23 9:29:24 ET
Table 'Zulu' 6-max Seat #3 is the button
Seat 3: bentinck113 ($49.07 in chips)
Seat 4: Actionni13 ($208.97 in chips)
bentinck113: posts small blind $1
Actionni13: posts big blind $3
*** HOLE CARDS ***
bentinck113: raises $3 to $6
Actionni13: calls $3
*** FLOP *** [Ts 2c Ah]
Actionni13: checks
bentinck113: bets $3
Actionni13: calls $3
*** TURN *** [Ts 2c Ah] [7d]
Actionni13: checks
bentinck113: bets $6
Actionni13: calls $6
*** RIVER *** [Ts 2c Ah 7d] [Kh]
Actionni13: checks
bentinck113: bets $6
Actionni13: folds
Uncalled bet ($6) returned to bentinck113
bentinck113 collected $29.50 from pot
bentinck113: doesn't show hand
*** SUMMARY ***
Total pot $30 | Rake $0.50
Board [Ts 2c Ah 7d Kh]
Seat 3: bentinck113 (button) (small blind) collected ($29.50)
Seat 4: Actionni13 (big blind) folded on the River


PokerStars Hand #145791452246:  Hold'em Limit ($3/$6 USD) - 2015/12/23 9:28:49 ET
Table 'Zulu' 6-max Seat #4 is the button
Seat 3: bentinck113 ($73.07 in chips)
Seat 4: Actionni13 ($185.47 in chips)
Actionni13: posts small blind $1
bentinck113: posts big blind $3
*** HOLE CARDS ***
Actionni13: raises $3 to $6
bentinck113: calls $3
*** FLOP *** [5d Jc 4d]
bentinck113: checks
Actionni13: bets $3
bentinck113: raises $3 to $6
Actionni13: calls $3
*** TURN *** [5d Jc 4d] [3d]
bentinck113: bets $6
Actionni13: raises $6 to $12
bentinck113: calls $6
*** RIVER *** [5d Jc 4d 3d] [As]
bentinck113: checks
Actionni13: bets $6
bentinck113: folds
Uncalled bet ($6) returned to Actionni13
Actionni13 collected $47.50 from pot
Actionni13: doesn't show hand
*** SUMMARY ***
Total pot $48 | Rake $0.50
Board [5d Jc 4d 3d As]
Seat 3: bentinck113 (big blind) folded on the River
Seat 4: Actionni13 (button) (small blind) collected ($47.50)


PokerStars Hand #145791522255:  Hold'em Limit ($3/$6 USD) - 2015/12/23 9:30:32 ET
Table 'Zulu' 6-max Seat #3 is the button
Seat 3: bentinck113 ($92.57 in chips)
Seat 4: Actionni13 ($163.97 in chips)
bentinck113: posts small blind $1
Actionni13: posts big blind $3
*** HOLE CARDS ***
bentinck113: raises $3 to $6
Actionni13: calls $3
*** FLOP *** [6h 2s 4s]
Actionni13: bets $3
bentinck113: folds
Uncalled bet ($3) returned to Actionni13
Actionni13 collected $11.76 from pot
Actionni13: doesn't show hand
*** SUMMARY ***
Total pot $12 | Rake $0.24
Board [6h 2s 4s]
Seat 3: bentinck113 (button) (small blind) folded on the Flop
Seat 4: Actionni13 (big blind) collected ($11.76)


PokerStars Hand #145791517505:  Hold'em Limit ($3/$6 USD) - 2015/12/23 9:30:25 ET
Table 'Zulu' 6-max Seat #4 is the button
Seat 3: bentinck113 ($95.57 in chips)
Seat 4: Actionni13 ($160.97 in chips)
Actionni13: posts small blind $1
bentinck113: posts big blind $3
*** HOLE CARDS ***
Actionni13: raises $3 to $6
bentinck113: folds
Uncalled bet ($3) returned to Actionni13
Actionni13 collected $6 from pot
Actionni13: doesn't show hand
*** SUMMARY ***
Total pot $6 | Rake $0
Seat 3: bentinck113 (big blind) folded before Flop
Seat 4: Actionni13 (button) (small blind) collected ($6)


PokerStars Hand #145791505388:  Hold'em Limit ($3/$6 USD) - 2015/12/23 9:30:07 ET
Table 'Zulu' 6-max Seat #3 is the button
Seat 3: bentinck113 ($78.07 in chips)
Seat 4: Actionni13 ($178.97 in chips)
bentinck113: posts small blind $1
Actionni13: posts big blind $3
*** HOLE CARDS ***
bentinck113: raises $3 to $6
Actionni13: calls $3
*** FLOP *** [8s 8d 6s]
Actionni13: checks
bentinck113: checks
*** TURN *** [8s 8d 6s] [7d]
Actionni13: bets $6
bentinck113: calls $6
*** RIVER *** [8s 8d 6s 7d] [9h]
Actionni13: checks
bentinck113: bets $6
Actionni13: calls $6
*** SHOW DOWN ***
bentinck113: shows [9d 4d] (two pair, Nines and Eights)
Actionni13: mucks hand
bentinck113 collected $35.50 from pot
*** SUMMARY ***
Total pot $36 | Rake $0.50
Board [8s 8d 6s 7d 9h]
Seat 3: bentinck113 (button) (small blind) showed [9d 4d] and won ($35.50) with two pair, Nines and Eights
Seat 4: Actionni13 (big blind) mucked


PokerStars Hand #145791488826:  Hold'em Limit ($3/$6 USD) - 2015/12/23 9:29:47 ET
Table 'Zulu' 6-max Seat #4 is the button
Seat 3: bentinck113 ($63.57 in chips)
Seat 4: Actionni13 ($193.97 in chips)
Actionni13: posts small blind $1
bentinck113: posts big blind $3
*** HOLE CARDS ***
Actionni13: raises $3 to $6
bentinck113: calls $3
*** FLOP *** [Ac 6d 4d]
bentinck113: checks
Actionni13: bets $3
bentinck113: calls $3
*** TURN *** [Ac 6d 4d] [Qh]
bentinck113: checks
Actionni13: bets $6
bentinck113: calls $6
*** RIVER *** [Ac 6d 4d Qh] [Qc]
bentinck113: checks
Actionni13: checks
*** SHOW DOWN ***
bentinck113: shows [Jc 6h] (two pair, Queens and Sixes)
Actionni13: mucks hand
bentinck113 collected $29.50 from pot
*** SUMMARY ***
Total pot $30 | Rake $0.50
Board [Ac 6d 4d Qh Qc]
Seat 3: bentinck113 (big blind) showed [Jc 6h] and won ($29.50) with two pair, Queens and Sixes
Seat 4: Actionni13 (button) (small blind) mucked


PokerStars Hand #145791530434:  Hold'em Limit ($3/$6 USD) - 2015/12/23 9:30:44 ET
Table 'Zulu' 6-max Seat #4 is the button
Seat 3: bentinck113 ($86.57 in chips)
Seat 4: Actionni13 ($169.73 in chips)
Actionni13: posts small blind $1
bentinck113: posts big blind $3
*** HOLE CARDS ***
Actionni13: raises $3 to $6
bentinck113: raises $3 to $9
Actionni13: calls $3
*** FLOP *** [7h 3c 6c]
bentinck113: bets $3
Actionni13: raises $3 to $6
bentinck113: calls $3
*** TURN *** [7h 3c 6c] [8d]
bentinck113: checks
Actionni13: bets $6
bentinck113: calls $6
*** RIVER *** [7h 3c 6c 8d] [6s]
bentinck113: checks
Actionni13: bets $6
bentinck113: raises $6 to $12
Actionni13: folds
Uncalled bet ($6) returned to bentinck113
bentinck113 collected $53.50 from pot
bentinck113: doesn't show hand
*** SUMMARY ***
Total pot $54 | Rake $0.50
Board [7h 3c 6c 8d 6s]
Seat 3: bentinck113 (big blind) collected ($53.50)
Seat 4: Actionni13 (button) (small blind) folded on the River


PokerStars Hand #145791546274:  Hold'em Limit ($3/$6 USD) - 2015/12/23 9:31:07 ET
Table 'Zulu' 6-max Seat #3 is the button
Seat 3: bentinck113 ($113.07 in chips)
Seat 4: Actionni13 ($150 in chips)
bentinck113: posts small blind $1
Actionni13: posts big blind $3
*** HOLE CARDS ***
bentinck113: raises $3 to $6
kumarmoh joins the table at seat #5
Actionni13: raises $3 to $9
bentinck113: raises $3 to $12
Betting is capped
Actionni13: calls $3
*** FLOP *** [7h Qc Qs]
Actionni13: checks
bentinck113: bets $3
@92gara42@ joins the table at seat #2
Actionni13: calls $3
*** TURN *** [7h Qc Qs] [4c]
Actionni13: checks
bentinck113: bets $6
Actionni13: folds
Uncalled bet ($6) returned to bentinck113
bentinck113 collected $29.50 from pot
bentinck113: doesn't show hand
*** SUMMARY ***
Total pot $30 | Rake $0.50
Board [7h Qc Qs 4c]
Seat 3: bentinck113 (button) (small blind) collected ($29.50)
Seat 4: Actionni13 (big blind) folded on the Turn


