PokerStars Hand #163935621966:  Hold'em Limit ($3/$6 USD) - 2017/01/02 17:12:27 ET
Table 'Zulu' 6-max Seat #4 is the button
Seat 3: tutones87 ($48.62 in chips)
Seat 4: dragon1893 ($150 in chips)
dragon1893: posts small blind $1
tutones87: posts big blind $3
*** HOLE CARDS ***
dragon1893: folds
Uncalled bet ($2) returned to tutones87
tutones87 collected $2 from pot
*** SUMMARY ***
Total pot $2 | Rake $0
Seat 3: tutones87 (big blind) collected ($2)
Seat 4: dragon1893 (button) (small blind) folded before Flop


PokerStars Hand #163935640847:  Hold'em Limit ($3/$6 USD) - 2017/01/02 17:12:46 ET
Table 'Zulu' 6-max Seat #4 is the button
Seat 3: tutones87 ($43.62 in chips)
Seat 4: dragon1893 ($155.76 in chips)
dragon1893: posts small blind $1
tutones87: posts big blind $3
*** HOLE CARDS ***
dragon1893: raises $3 to $6
tutones87: raises $3 to $9
dragon1893: calls $3
*** FLOP *** [Td 3h Th]
tutones87: checks
dragon1893: checks
*** TURN *** [Td 3h Th] [5s]
tutones87: bets $6
dragon1893: calls $6
*** RIVER *** [Td 3h Th 5s] [5d]
tutones87: checks
dragon1893: checks
*** SHOW DOWN ***
tutones87: shows [Kh 7c] (two pair, Tens and Fives)
dragon1893: mucks hand
tutones87 collected $29.50 from pot
*** SUMMARY ***
Total pot $30 | Rake $0.50
Board [Td 3h Th 5s 5d]
Seat 3: tutones87 (big blind) showed [Kh 7c] and won ($29.50) with two pair, Tens and Fives
Seat 4: dragon1893 (button) (small blind) mucked


PokerStars Hand #163935664464:  Hold'em Limit ($3/$6 USD) - 2017/01/02 17:13:11 ET
Table 'Zulu' 6-max Seat #3 is the button
Seat 3: tutones87 ($58.12 in chips)
Seat 4: dragon1893 ($150 in chips)
RaisemyNut$ joins the table at seat #5
tutones87: posts small blind $1
dragon1893: posts big blind $3
*** HOLE CARDS ***
tutones87: raises $3 to $6
dragon1893: calls $3
*** FLOP *** [5h 8h Qd]
dragon1893: checks
tutones87: bets $3
dragon1893: calls $3
*** TURN *** [5h 8h Qd] [Qc]
dragon1893: checks
tutones87: bets $6
dragon1893: calls $6
*** RIVER *** [5h 8h Qd Qc] [2h]
dragon1893: checks
tutones87: checks
*** SHOW DOWN ***
dragon1893: shows [6c 7h] (a pair of Queens)
tutones87: shows [7s 5s] (two pair, Queens and Fives)
tutones87 collected $29.50 from pot
*** SUMMARY ***
Total pot $30 | Rake $0.50
Board [5h 8h Qd Qc 2h]
Seat 3: tutones87 (button) (small blind) showed [7s 5s] and won ($29.50) with two pair, Queens and Fives
Seat 4: dragon1893 (big blind) showed [6c 7h] and lost with a pair of Queens


PokerStars Hand #163935626598:  Hold'em Limit ($3/$6 USD) - 2017/01/02 17:12:32 ET
Table 'Zulu' 6-max Seat #3 is the button
Seat 3: tutones87 ($49.62 in chips)
Seat 4: dragon1893 ($150 in chips)
tutones87: posts small blind $1
dragon1893: posts big blind $3
*** HOLE CARDS ***
tutones87: raises $3 to $6
dragon1893: calls $3
*** FLOP *** [Ah 9d Jc]
dragon1893: checks
tutones87: checks
*** TURN *** [Ah 9d Jc] [Ts]
dragon1893: bets $6
tutones87: folds
Uncalled bet ($6) returned to dragon1893
dragon1893 collected $11.76 from pot
dragon1893: doesn't show hand
*** SUMMARY ***
Total pot $12 | Rake $0.24
Board [Ah 9d Jc Ts]
Seat 3: tutones87 (button) (small blind) folded on the Turn
Seat 4: dragon1893 (big blind) collected ($11.76)


PokerStars Hand #163935740763:  Hold'em Limit ($3/$6 USD) - 2017/01/02 17:14:29 ET
Table 'Zulu' 6-max Seat #3 is the button
Seat 3: tutones87 ($74.90 in chips)
Seat 5: RaisemyNut$ ($117.43 in chips)
tutones87: posts small blind $1
dragon1893: is sitting out
RaisemyNut$: posts big blind $3
*** HOLE CARDS ***
tutones87: folds
Uncalled bet ($2) returned to RaisemyNut$
RaisemyNut$ collected $2 from pot
RaisemyNut$: doesn't show hand
*** SUMMARY ***
Total pot $2 | Rake $0
Seat 3: tutones87 (button) (small blind) folded before Flop
Seat 5: RaisemyNut$ (big blind) collected ($2)


PokerStars Hand #163935758023:  Hold'em Limit ($3/$6 USD) - 2017/01/02 17:14:47 ET
Table 'Zulu' 6-max Seat #3 is the button
Seat 3: tutones87 ($82.54 in chips)
Seat 5: RaisemyNut$ ($109.43 in chips)
tutones87: posts small blind $1
RaisemyNut$: posts big blind $3
*** HOLE CARDS ***
tutones87: raises $3 to $6
RaisemyNut$: calls $3
*** FLOP *** [2c Ts 4c]
RaisemyNut$: checks
tutones87: bets $3
RaisemyNut$: calls $3
*** TURN *** [2c Ts 4c] [Ah]
dragon1893 leaves the table
RaisemyNut$: checks
tutones87: bets $6
RaisemyNut$: raises $6 to $12
tutones87: raises $6 to $18
RaisemyNut$: calls $6
*** RIVER *** [2c Ts 4c Ah] [Ks]
RaisemyNut$: checks
tutones87: bets $6
RaisemyNut$: calls $6
*** SHOW DOWN ***
tutones87: shows [2h 4h] (two pair, Fours and Deuces)
RaisemyNut$: mucks hand
tutones87 collected $65.50 from pot
*** SUMMARY ***
Total pot $66 | Rake $0.50
Board [2c Ts 4c Ah Ks]
Seat 3: tutones87 (button) (small blind) showed [2h 4h] and won ($65.50) with two pair, Fours and Deuces
Seat 5: RaisemyNut$ (big blind) mucked


PokerStars Hand #163935782887:  Hold'em Limit ($3/$6 USD) - 2017/01/02 17:15:12 ET
Table 'Zulu' 6-max Seat #5 is the button
Seat 3: tutones87 ($115.04 in chips)
Seat 5: RaisemyNut$ ($76.43 in chips)
RaisemyNut$: posts small blind $1
tutones87: posts big blind $3
*** HOLE CARDS ***
RaisemyNut$: raises $3 to $6
tutones87: calls $3
*** FLOP *** [Jc 6s Qh]
tutones87: checks
RaisemyNut$: bets $3
tutones87: folds
Uncalled bet ($3) returned to RaisemyNut$
RaisemyNut$ collected $11.76 from pot
RaisemyNut$: doesn't show hand
*** SUMMARY ***
Total pot $12 | Rake $0.24
Board [Jc 6s Qh]
Seat 3: tutones87 (big blind) folded on the Flop
Seat 5: RaisemyNut$ (button) (small blind) collected ($11.76)


PokerStars Hand #163935746698:  Hold'em Limit ($3/$6 USD) - 2017/01/02 17:14:35 ET
Table 'Zulu' 6-max Seat #5 is the button
Seat 3: tutones87 ($73.90 in chips)
Seat 5: RaisemyNut$ ($118.43 in chips)
RaisemyNut$: posts small blind $1
tutones87: posts big blind $3
*** HOLE CARDS ***
RaisemyNut$: raises $3 to $6
tutones87: raises $3 to $9
RaisemyNut$: calls $3
*** FLOP *** [7d 3c Ks]
tutones87: bets $3
RaisemyNut$: folds
Uncalled bet ($3) returned to tutones87
tutones87 collected $17.64 from pot
tutones87: doesn't show hand
*** SUMMARY ***
Total pot $18 | Rake $0.36
Board [7d 3c Ks]
Seat 3: tutones87 (big blind) collected ($17.64)
Seat 5: RaisemyNut$ (button) (small blind) folded on the Flop


PokerStars Hand #163935844224:  Hold'em Limit ($3/$6 USD) - 2017/01/02 17:16:13 ET
Table 'Zulu' 6-max Seat #5 is the button
Seat 3: tutones87 ($78.04 in chips)
Seat 5: RaisemyNut$ ($112.45 in chips)
RaisemyNut$: posts small blind $1
tutones87: posts big blind $3
*** HOLE CARDS ***
RaisemyNut$: folds
Uncalled bet ($2) returned to tutones87
tutones87 collected $2 from pot
tutones87: doesn't show hand
*** SUMMARY ***
Total pot $2 | Rake $0
Seat 3: tutones87 (big blind) collected ($2)
Seat 5: RaisemyNut$ (button) (small blind) folded before Flop


PokerStars Hand #163935836706:  Hold'em Limit ($3/$6 USD) - 2017/01/02 17:16:07 ET
Table 'Zulu' 6-max Seat #3 is the button
Seat 3: tutones87 ($79.04 in chips)
Seat 5: RaisemyNut$ ($111.45 in chips)
tutones87: posts small blind $1
RaisemyNut$: posts big blind $3
*** HOLE CARDS ***
tutones87: folds
Uncalled bet ($2) returned to RaisemyNut$
RaisemyNut$ collected $2 from pot
RaisemyNut$: doesn't show hand
*** SUMMARY ***
Total pot $2 | Rake $0
Seat 3: tutones87 (button) (small blind) folded before Flop
Seat 5: RaisemyNut$ (big blind) collected ($2)


PokerStars Hand #163935849515:  Hold'em Limit ($3/$6 USD) - 2017/01/02 17:16:18 ET
Table 'Zulu' 6-max Seat #3 is the button
Seat 3: tutones87 ($79.04 in chips)
Seat 5: RaisemyNut$ ($111.45 in chips)
tutones87: posts small blind $1
RaisemyNut$: posts big blind $3
*** HOLE CARDS ***
tutones87: raises $3 to $6
RaisemyNut$: calls $3
*** FLOP *** [2c 2h Qc]
RaisemyNut$: checks
tutones87: checks
*** TURN *** [2c 2h Qc] [4s]
RaisemyNut$: checks
tutones87: bets $6
RaisemyNut$: calls $6
*** RIVER *** [2c 2h Qc 4s] [3c]
RaisemyNut$: checks
tutones87: checks
*** SHOW DOWN ***
RaisemyNut$: shows [Ks 8c] (a pair of Deuces)
tutones87: mucks hand
RaisemyNut$ collected $23.52 from pot
*** SUMMARY ***
Total pot $24 | Rake $0.48
Board [2c 2h Qc 4s 3c]
Seat 3: tutones87 (button) (small blind) mucked
Seat 5: RaisemyNut$ (big blind) showed [Ks 8c] and won ($23.52) with a pair of Deuces


PokerStars Hand #163935798793:  Hold'em Limit ($3/$6 USD) - 2017/01/02 17:15:28 ET
Table 'Zulu' 6-max Seat #3 is the button
Seat 3: tutones87 ($109.04 in chips)
Seat 5: RaisemyNut$ ($82.19 in chips)
tutones87: posts small blind $1
RaisemyNut$: posts big blind $3
*** HOLE CARDS ***
tutones87: raises $3 to $6
RaisemyNut$: calls $3
*** FLOP *** [Qh 2c 3d]
RaisemyNut$: checks
tutones87: checks
*** TURN *** [Qh 2c 3d] [7s]
RaisemyNut$: bets $6
tutones87: folds
Uncalled bet ($6) returned to RaisemyNut$
RaisemyNut$ collected $11.76 from pot
RaisemyNut$: doesn't show hand
*** SUMMARY ***
Total pot $12 | Rake $0.24
Board [Qh 2c 3d 7s]
Seat 3: tutones87 (button) (small blind) folded on the Turn
Seat 5: RaisemyNut$ (big blind) collected ($11.76)


PokerStars Hand #163935872692:  Hold'em Limit ($3/$6 USD) - 2017/01/02 17:16:39 ET
Table 'Zulu' 6-max Seat #5 is the button
Seat 3: tutones87 ($67.04 in chips)
Seat 5: RaisemyNut$ ($122.97 in chips)
RaisemyNut$: posts small blind $1
tutones87: posts big blind $3
*** HOLE CARDS ***
RaisemyNut$: raises $3 to $6
tutones87: calls $3
*** FLOP *** [5c Jh 3c]
tutones87: checks
RaisemyNut$: bets $3
tutones87: folds
Uncalled bet ($3) returned to RaisemyNut$
RaisemyNut$ collected $11.76 from pot
RaisemyNut$: doesn't show hand
*** SUMMARY ***
Total pot $12 | Rake $0.24
Board [5c Jh 3c]
Seat 3: tutones87 (big blind) folded on the Flop
Seat 5: RaisemyNut$ (button) (small blind) collected ($11.76)


PokerStars Hand #163935891499:  Hold'em Limit ($3/$6 USD) - 2017/01/02 17:16:55 ET
Table 'Zulu' 6-max Seat #3 is the button
Seat 3: tutones87 ($61.04 in chips)
Seat 5: RaisemyNut$ ($128.73 in chips)
tutones87: posts small blind $1
RaisemyNut$: posts big blind $3
*** HOLE CARDS ***
tutones87: raises $3 to $6
RaisemyNut$: calls $3
*** FLOP *** [2d Ah 9h]
RaisemyNut$: checks
tutones87: bets $3
RaisemyNut$: raises $3 to $6
tutones87: calls $3
*** TURN *** [2d Ah 9h] [Qh]
RaisemyNut$: bets $6
tutones87: calls $6
*** RIVER *** [2d Ah 9h Qh] [5h]
RaisemyNut$: bets $6
tutones87: folds
Uncalled bet ($6) returned to RaisemyNut$
RaisemyNut$ collected $35.50 from pot
RaisemyNut$: doesn't show hand
*** SUMMARY ***
Total pot $36 | Rake $0.50
Board [2d Ah 9h Qh 5h]
Seat 3: tutones87 (button) (small blind) folded on the River
Seat 5: RaisemyNut$ (big blind) collected ($35.50)


PokerStars Hand #163935921373:  Hold'em Limit ($3/$6 USD) - 2017/01/02 17:17:21 ET
Table 'Zulu' 6-max Seat #5 is the button
Seat 3: tutones87 ($43.04 in chips)
Seat 5: RaisemyNut$ ($146.23 in chips)
RaisemyNut$: posts small blind $1
tutones87: posts big blind $3
*** HOLE CARDS ***
RaisemyNut$: raises $3 to $6
tutones87: calls $3
*** FLOP *** [Ts 3s Tc]
tutones87: checks
RaisemyNut$: bets $3
tutones87: folds
Uncalled bet ($3) returned to RaisemyNut$
RaisemyNut$ collected $11.76 from pot
RaisemyNut$: doesn't show hand
*** SUMMARY ***
Total pot $12 | Rake $0.24
Board [Ts 3s Tc]
Seat 3: tutones87 (big blind) folded on the Flop
Seat 5: RaisemyNut$ (button) (small blind) collected ($11.76)


PokerStars Hand #163935941849:  Hold'em Limit ($3/$6 USD) - 2017/01/02 17:17:38 ET
Table 'Zulu' 6-max Seat #3 is the button
Seat 3: tutones87 ($37.04 in chips)
Seat 5: RaisemyNut$ ($151.99 in chips)
tutones87: posts small blind $1
RaisemyNut$: posts big blind $3
*** HOLE CARDS ***
tutones87: raises $3 to $6
RaisemyNut$: calls $3
*** FLOP *** [Kd Td 9s]
RaisemyNut$: checks
tutones87: bets $3
RaisemyNut$: calls $3
*** TURN *** [Kd Td 9s] [Ts]
RaisemyNut$: checks
tutones87: bets $6
RaisemyNut$: calls $6
*** RIVER *** [Kd Td 9s Ts] [8d]
RaisemyNut$: checks
tutones87: bets $6
RaisemyNut$: calls $6
*** SHOW DOWN ***
tutones87: shows [3s Qs] (a pair of Tens)
RaisemyNut$: shows [9c As] (two pair, Tens and Nines)
RaisemyNut$ collected $41.50 from pot
*** SUMMARY ***
Total pot $42 | Rake $0.50
Board [Kd Td 9s Ts 8d]
Seat 3: tutones87 (button) (small blind) showed [3s Qs] and lost with a pair of Tens
Seat 5: RaisemyNut$ (big blind) showed [9c As] and won ($41.50) with two pair, Tens and Nines


PokerStars Hand #163935971756:  Hold'em Limit ($3/$6 USD) - 2017/01/02 17:18:03 ET
Table 'Zulu' 6-max Seat #5 is the button
Seat 3: tutones87 ($16.04 in chips)
Seat 5: RaisemyNut$ ($172.49 in chips)
RaisemyNut$: posts small blind $1
tutones87: posts big blind $3
*** HOLE CARDS ***
RaisemyNut$: raises $3 to $6
tutones87: raises $3 to $9
RaisemyNut$: calls $3
*** FLOP *** [Qh 7c Ks]
tutones87: checks
RaisemyNut$: bets $3
tutones87: folds
Uncalled bet ($3) returned to RaisemyNut$
RaisemyNut$ collected $17.64 from pot
RaisemyNut$: doesn't show hand
*** SUMMARY ***
Total pot $18 | Rake $0.36
Board [Qh 7c Ks]
Seat 3: tutones87 (big blind) folded on the Flop
Seat 5: RaisemyNut$ (button) (small blind) collected ($17.64)


