PokerStars Hand #145884870161:  Hold'em Limit ($3/$6 USD) - 2015/12/25 5:36:04 ET
Table 'Zulu' 6-max Seat #2 is the button
Seat 2: cola26licht ($119.35 in chips)
Seat 3: TbIP-TbIP 88 ($72 in chips)
cola26licht: posts small blind $1
TbIP-TbIP 88: posts big blind $3
*** HOLE CARDS ***
cola26licht: folds
Uncalled bet ($2) returned to TbIP-TbIP 88
TbIP-TbIP 88 collected $2 from pot
TbIP-TbIP 88: doesn't show hand
*** SUMMARY ***
Total pot $2 | Rake $0
Seat 2: cola26licht (button) (small blind) folded before Flop
Seat 3: TbIP-TbIP 88 (big blind) collected ($2)


PokerStars Hand #145884858077:  Hold'em Limit ($3/$6 USD) - 2015/12/25 5:35:38 ET
Table 'Zulu' 6-max Seat #3 is the button
Seat 2: cola26licht ($98.85 in chips)
Seat 3: TbIP-TbIP 88 ($73 in chips)
TbIP-TbIP 88: posts small blind $1
cola26licht: posts big blind $3
*** HOLE CARDS ***
TbIP-TbIP 88: raises $3 to $6
cola26licht: calls $3
*** FLOP *** [3c 7h Kh]
cola26licht: checks
TbIP-TbIP 88: bets $3
cola26licht: calls $3
*** TURN *** [3c 7h Kh] [Qd]
cola26licht: checks
TbIP-TbIP 88: bets $6
cola26licht: calls $6
*** RIVER *** [3c 7h Kh Qd] [6h]
cola26licht: bets $6
TbIP-TbIP 88: calls $6
*** SHOW DOWN ***
cola26licht: shows [5h 2h] (a flush, King high)
TbIP-TbIP 88: mucks hand
cola26licht collected $41.50 from pot
*** SUMMARY ***
Total pot $42 | Rake $0.50
Board [3c 7h Kh Qd 6h]
Seat 2: cola26licht (big blind) showed [5h 2h] and won ($41.50) with a flush, King high
Seat 3: TbIP-TbIP 88 (button) (small blind) mucked


PokerStars Hand #145884892699:  Hold'em Limit ($3/$6 USD) - 2015/12/25 5:36:51 ET
Table 'Zulu' 6-max Seat #2 is the button
Seat 2: cola26licht ($106.35 in chips)
Seat 3: TbIP-TbIP 88 ($84.52 in chips)
cola26licht: posts small blind $1
TbIP-TbIP 88: posts big blind $3
*** HOLE CARDS ***
cola26licht: folds
Uncalled bet ($2) returned to TbIP-TbIP 88
TbIP-TbIP 88 collected $2 from pot
TbIP-TbIP 88: doesn't show hand
*** SUMMARY ***
Total pot $2 | Rake $0
Seat 2: cola26licht (button) (small blind) folded before Flop
Seat 3: TbIP-TbIP 88 (big blind) collected ($2)


PokerStars Hand #145884889696:  Hold'em Limit ($3/$6 USD) - 2015/12/25 5:36:45 ET
Table 'Zulu' 6-max Seat #3 is the button
Seat 2: cola26licht ($105.35 in chips)
Seat 3: TbIP-TbIP 88 ($85.52 in chips)
TbIP-TbIP 88: posts small blind $1
cola26licht: posts big blind $3
*** HOLE CARDS ***
TbIP-TbIP 88: folds
Uncalled bet ($2) returned to cola26licht
cola26licht collected $2 from pot
*** SUMMARY ***
Total pot $2 | Rake $0
Seat 2: cola26licht (big blind) collected ($2)
Seat 3: TbIP-TbIP 88 (button) (small blind) folded before Flop


PokerStars Hand #145884887590:  Hold'em Limit ($3/$6 USD) - 2015/12/25 5:36:40 ET
Table 'Zulu' 6-max Seat #2 is the button
Seat 2: cola26licht ($106.35 in chips)
Seat 3: TbIP-TbIP 88 ($84.52 in chips)
cola26licht: posts small blind $1
TbIP-TbIP 88: posts big blind $3
*** HOLE CARDS ***
cola26licht: folds
Uncalled bet ($2) returned to TbIP-TbIP 88
TbIP-TbIP 88 collected $2 from pot
TbIP-TbIP 88: doesn't show hand
*** SUMMARY ***
Total pot $2 | Rake $0
Seat 2: cola26licht (button) (small blind) folded before Flop
Seat 3: TbIP-TbIP 88 (big blind) collected ($2)


PokerStars Hand #145884872378:  Hold'em Limit ($3/$6 USD) - 2015/12/25 5:36:08 ET
Table 'Zulu' 6-max Seat #3 is the button
Seat 2: cola26licht ($118.35 in chips)
Seat 3: TbIP-TbIP 88 ($73 in chips)
TbIP-TbIP 88: posts small blind $1
cola26licht: posts big blind $3
*** HOLE CARDS ***
TbIP-TbIP 88: raises $3 to $6
cola26licht: calls $3
*** FLOP *** [3h Kd 2d]
cola26licht: checks
TbIP-TbIP 88: bets $3
cola26licht: raises $3 to $6
TbIP-TbIP 88: calls $3
*** TURN *** [3h Kd 2d] [Jd]
cola26licht: checks
TbIP-TbIP 88: checks
*** RIVER *** [3h Kd 2d Jd] [Ac]
cola26licht: checks
TbIP-TbIP 88: bets $6
cola26licht: folds
Uncalled bet ($6) returned to TbIP-TbIP 88
TbIP-TbIP 88 collected $23.52 from pot
TbIP-TbIP 88: doesn't show hand
*** SUMMARY ***
Total pot $24 | Rake $0.48
Board [3h Kd 2d Jd Ac]
Seat 2: cola26licht (big blind) folded on the River
Seat 3: TbIP-TbIP 88 (button) (small blind) collected ($23.52)


PokerStars Hand #145884908764:  Hold'em Limit ($3/$6 USD) - 2015/12/25 5:37:25 ET
Table 'Zulu' 6-max Seat #2 is the button
Seat 2: cola26licht ($90.35 in chips)
Seat 3: TbIP-TbIP 88 ($100.02 in chips)
cola26licht: posts small blind $1
TbIP-TbIP 88: posts big blind $3
*** HOLE CARDS ***
cola26licht: raises $3 to $6
TbIP-TbIP 88: folds
Uncalled bet ($3) returned to cola26licht
cola26licht collected $6 from pot
*** SUMMARY ***
Total pot $6 | Rake $0
Seat 2: cola26licht (button) (small blind) collected ($6)
Seat 3: TbIP-TbIP 88 (big blind) folded before Flop


PokerStars Hand #145884895139:  Hold'em Limit ($3/$6 USD) - 2015/12/25 5:36:56 ET
Table 'Zulu' 6-max Seat #3 is the button
Seat 2: cola26licht ($105.35 in chips)
Seat 3: TbIP-TbIP 88 ($85.52 in chips)
TbIP-TbIP 88: posts small blind $1
cola26licht: posts big blind $3
*** HOLE CARDS ***
TbIP-TbIP 88: calls $2
cola26licht: raises $3 to $6
TbIP-TbIP 88: calls $3
*** FLOP *** [6s 4d 8d]
cola26licht: bets $3
parnishka11 joins the table at seat #1
TbIP-TbIP 88: calls $3
*** TURN *** [6s 4d 8d] [5h]
cola26licht: bets $6
TbIP-TbIP 88: raises $6 to $12
cola26licht: folds
Uncalled bet ($6) returned to TbIP-TbIP 88
TbIP-TbIP 88 collected $29.50 from pot
TbIP-TbIP 88: doesn't show hand
*** SUMMARY ***
Total pot $30 | Rake $0.50
Board [6s 4d 8d 5h]
Seat 2: cola26licht (big blind) folded on the Turn
Seat 3: TbIP-TbIP 88 (button) (small blind) collected ($29.50)


PokerStars Hand #145885139075:  Hold'em Limit ($3/$6 USD) - 2015/12/25 5:45:26 ET
Table 'Zulu' 6-max Seat #5 is the button
Seat 1: SALZHERZ ($66.46 in chips)
Seat 5: kKANGA500 ($163.91 in chips)
kKANGA500: posts small blind $1
Xerxesklonk: is sitting out
SALZHERZ: posts big blind $3
*** HOLE CARDS ***
TbIP-TbIP 88 joins the table at seat #2
Xerxesklonk leaves the table
kKANGA500: folds
Uncalled bet ($2) returned to SALZHERZ
SALZHERZ collected $2 from pot
SALZHERZ: doesn't show hand
*** SUMMARY ***
Total pot $2 | Rake $0
Seat 1: SALZHERZ (big blind) collected ($2)
Seat 5: kKANGA500 (button) (small blind) folded before Flop


PokerStars Hand #145885164052:  Hold'em Limit ($3/$6 USD) - 2015/12/25 5:46:17 ET
Table 'Zulu' 6-max Seat #2 is the button
Seat 1: SALZHERZ ($49.46 in chips)
Seat 2: TbIP-TbIP 88 ($72 in chips)
TbIP-TbIP 88: posts small blind $1
kKANGA500: is sitting out
SALZHERZ: posts big blind $3
*** HOLE CARDS ***
TbIP-TbIP 88: calls $2
SALZHERZ: raises $3 to $6
TbIP-TbIP 88: calls $3
*** FLOP *** [8h 3c 6d]
SALZHERZ: bets $3
TbIP-TbIP 88: calls $3
*** TURN *** [8h 3c 6d] [7h]
SALZHERZ: checks
TbIP-TbIP 88: bets $6
SALZHERZ: calls $6
*** RIVER *** [8h 3c 6d 7h] [3s]
SALZHERZ: checks
TbIP-TbIP 88: bets $6
SALZHERZ: folds
Uncalled bet ($6) returned to TbIP-TbIP 88
TbIP-TbIP 88 collected $29.50 from pot
TbIP-TbIP 88: doesn't show hand
*** SUMMARY ***
Total pot $30 | Rake $0.50
Board [8h 3c 6d 7h 3s]
Seat 1: SALZHERZ (big blind) folded on the River
Seat 2: TbIP-TbIP 88 (button) (small blind) collected ($29.50)


PokerStars Hand #145885196745:  Hold'em Limit ($3/$6 USD) - 2015/12/25 5:47:26 ET
Table 'Zulu' 6-max Seat #2 is the button
Seat 2: TbIP-TbIP 88 ($107 in chips)
Seat 4: manly70 ($271.05 in chips)
TbIP-TbIP 88: posts small blind $1
manly70: posts big blind $3
*** HOLE CARDS ***
TbIP-TbIP 88: folds
Uncalled bet ($2) returned to manly70
SALZHERZ leaves the table
manly70 collected $2 from pot
manly70: doesn't show hand
*** SUMMARY ***
Total pot $2 | Rake $0
Seat 2: TbIP-TbIP 88 (button) (small blind) folded before Flop
Seat 4: manly70 (big blind) collected ($2)


PokerStars Hand #145885185197:  Hold'em Limit ($3/$6 USD) - 2015/12/25 5:47:02 ET
Table 'Zulu' 6-max Seat #1 is the button
Seat 1: SALZHERZ ($34.46 in chips)
Seat 2: TbIP-TbIP 88 ($86.50 in chips)
SALZHERZ: posts small blind $1
TbIP-TbIP 88: posts big blind $3
*** HOLE CARDS ***
SALZHERZ: raises $3 to $6
TbIP-TbIP 88: raises $3 to $9
SALZHERZ: raises $3 to $12
Betting is capped
TbIP-TbIP 88: calls $3
*** FLOP *** [2h 5d 5s]
manly70 joins the table at seat #4
TbIP-TbIP 88: checks
SALZHERZ: bets $3
TbIP-TbIP 88: calls $3
*** TURN *** [2h 5d 5s] [9h]
TbIP-TbIP 88: checks
SALZHERZ: bets $6
TbIP-TbIP 88: calls $6
*** RIVER *** [2h 5d 5s 9h] [7s]
TbIP-TbIP 88: checks
SALZHERZ: checks
*** SHOW DOWN ***
TbIP-TbIP 88: shows [Ac 8d] (a pair of Fives)
SALZHERZ: mucks hand
TbIP-TbIP 88 collected $41.50 from pot
*** SUMMARY ***
Total pot $42 | Rake $0.50
Board [2h 5d 5s 9h 7s]
Seat 1: SALZHERZ (button) (small blind) mucked
Seat 2: TbIP-TbIP 88 (big blind) showed [Ac 8d] and won ($41.50) with a pair of Fives


