PokerStars Hand #145408568036:  Hold'em Limit ($3/$6 USD) - 2015/12/15 18:54:55 ET
Table 'Zvezdara' 6-max Seat #5 is the button
Seat 4: factor725 ($180.16 in chips)
Seat 5: Chessnok ($60 in chips)
Chessnok: posts small blind $1
factor725: posts big blind $3
*** HOLE CARDS ***
Chessnok: raises $3 to $6
factor725: calls $3
*** FLOP *** [8c 3c 8h]
factor725: checks
Chessnok: bets $3
factor725: folds
Uncalled bet ($3) returned to Chessnok
Chessnok collected $11.76 from pot
Chessnok: doesn't show hand
*** SUMMARY ***
Total pot $12 | Rake $0.24
Board [8c 3c 8h]
Seat 4: factor725 (big blind) folded on the Flop
Seat 5: Chessnok (button) (small blind) collected ($11.76)


PokerStars Hand #145408574789:  Hold'em Limit ($3/$6 USD) - 2015/12/15 18:55:05 ET
Table 'Zvezdara' 6-max Seat #4 is the button
Seat 4: factor725 ($174.16 in chips)
Seat 5: Chessnok ($65.76 in chips)
factor725: posts small blind $1
Chessnok: posts big blind $3
*** HOLE CARDS ***
factor725: raises $3 to $6
Chessnok: calls $3
*** FLOP *** [3c 7c 5s]
Chessnok: checks
factor725: bets $3
Chessnok: calls $3
*** TURN *** [3c 7c 5s] [8s]
Chessnok: checks
factor725: bets $6
Chessnok: calls $6
*** RIVER *** [3c 7c 5s 8s] [7s]
Chessnok: checks
factor725: checks
*** SHOW DOWN ***
Chessnok: shows [Qh 3h] (two pair, Sevens and Threes)
factor725: mucks hand
Chessnok collected $29.50 from pot
*** SUMMARY ***
Total pot $30 | Rake $0.50
Board [3c 7c 5s 8s 7s]
Seat 4: factor725 (button) (small blind) mucked
Seat 5: Chessnok (big blind) showed [Qh 3h] and won ($29.50) with two pair, Sevens and Threes


PokerStars Hand #145408585092:  Hold'em Limit ($3/$6 USD) - 2015/12/15 18:55:24 ET
Table 'Zvezdara' 6-max Seat #5 is the button
Seat 4: factor725 ($159.16 in chips)
Seat 5: Chessnok ($80.26 in chips)
Chessnok: posts small blind $1
factor725: posts big blind $3
*** HOLE CARDS ***
Chessnok: raises $3 to $6
factor725: calls $3
*** FLOP *** [Jh 4d Jc]
factor725: checks
Chessnok: bets $3
factor725: folds
Uncalled bet ($3) returned to Chessnok
Chessnok collected $11.76 from pot
Chessnok: doesn't show hand
*** SUMMARY ***
Total pot $12 | Rake $0.24
Board [Jh 4d Jc]
Seat 4: factor725 (big blind) folded on the Flop
Seat 5: Chessnok (button) (small blind) collected ($11.76)


PokerStars Hand #145408590489:  Hold'em Limit ($3/$6 USD) - 2015/12/15 18:55:33 ET
Table 'Zvezdara' 6-max Seat #4 is the button
Seat 4: factor725 ($153.16 in chips)
Seat 5: Chessnok ($86.02 in chips)
factor725: posts small blind $1
Chessnok: posts big blind $3
*** HOLE CARDS ***
factor725: raises $3 to $6
Chessnok: raises $3 to $9
factor725: calls $3
*** FLOP *** [5s Ks 6h]
Chessnok: bets $3
factor725: raises $3 to $6
Chessnok: calls $3
*** TURN *** [5s Ks 6h] [4d]
Chessnok: checks
factor725: bets $6
Chessnok: folds
Uncalled bet ($6) returned to factor725
factor725 collected $29.50 from pot
*** SUMMARY ***
Total pot $30 | Rake $0.50
Board [5s Ks 6h 4d]
Seat 4: factor725 (button) (small blind) collected ($29.50)
Seat 5: Chessnok (big blind) folded on the Turn


PokerStars Hand #145408598887:  Hold'em Limit ($3/$6 USD) - 2015/12/15 18:55:48 ET
Table 'Zvezdara' 6-max Seat #5 is the button
Seat 4: factor725 ($167.66 in chips)
Seat 5: Chessnok ($71.02 in chips)
Chessnok: posts small blind $1
factor725: posts big blind $3
*** HOLE CARDS ***
Chessnok: raises $3 to $6
factor725: raises $3 to $9
Chessnok: calls $3
*** FLOP *** [Js 5c Kh]
factor725: bets $3
Chessnok: folds
Uncalled bet ($3) returned to factor725
factor725 collected $17.64 from pot
*** SUMMARY ***
Total pot $18 | Rake $0.36
Board [Js 5c Kh]
Seat 4: factor725 (big blind) collected ($17.64)
Seat 5: Chessnok (button) (small blind) folded on the Flop


PokerStars Hand #145408606379:  Hold'em Limit ($3/$6 USD) - 2015/12/15 18:56:01 ET
Table 'Zvezdara' 6-max Seat #4 is the button
Seat 4: factor725 ($176.30 in chips)
Seat 5: Chessnok ($62.02 in chips)
factor725: posts small blind $1
Chessnok: posts big blind $3
*** HOLE CARDS ***
factor725: raises $3 to $6
Chessnok: calls $3
*** FLOP *** [6c 9c Jd]
Chessnok: checks
factor725: checks
*** TURN *** [6c 9c Jd] [Js]
Chessnok: checks
factor725: checks
*** RIVER *** [6c 9c Jd Js] [Qc]
Chessnok: checks
factor725: checks
*** SHOW DOWN ***
Chessnok: shows [5h Th] (a pair of Jacks)
factor725: shows [Ad 7s] (a pair of Jacks - Ace kicker)
factor725 collected $11.76 from pot
*** SUMMARY ***
Total pot $12 | Rake $0.24
Board [6c 9c Jd Js Qc]
Seat 4: factor725 (button) (small blind) showed [Ad 7s] and won ($11.76) with a pair of Jacks
Seat 5: Chessnok (big blind) showed [5h Th] and lost with a pair of Jacks


PokerStars Hand #145408619066:  Hold'em Limit ($3/$6 USD) - 2015/12/15 18:56:23 ET
Table 'Zvezdara' 6-max Seat #4 is the button
Seat 4: factor725 ($176.06 in chips)
Seat 5: Chessnok ($65.76 in chips)
factor725: posts small blind $1
Chessnok: posts big blind $3
*** HOLE CARDS ***
factor725: raises $3 to $6
Chessnok: folds
Uncalled bet ($3) returned to factor725
factor725 collected $6 from pot
*** SUMMARY ***
Total pot $6 | Rake $0
Seat 4: factor725 (button) (small blind) collected ($6)
Seat 5: Chessnok (big blind) folded before Flop


PokerStars Hand #145408614003:  Hold'em Limit ($3/$6 USD) - 2015/12/15 18:56:15 ET
Table 'Zvezdara' 6-max Seat #5 is the button
Seat 4: factor725 ($182.06 in chips)
Seat 5: Chessnok ($60 in chips)
Chessnok: posts small blind $1
factor725: posts big blind $3
*** HOLE CARDS ***
Chessnok: raises $3 to $6
factor725: calls $3
*** FLOP *** [2s Qd 7c]
factor725: checks
Chessnok: bets $3
factor725: folds
Uncalled bet ($3) returned to Chessnok
Chessnok collected $11.76 from pot
Chessnok: doesn't show hand
*** SUMMARY ***
Total pot $12 | Rake $0.24
Board [2s Qd 7c]
Seat 4: factor725 (big blind) folded on the Flop
Seat 5: Chessnok (button) (small blind) collected ($11.76)


PokerStars Hand #145408622973:  Hold'em Limit ($3/$6 USD) - 2015/12/15 18:56:30 ET
Table 'Zvezdara' 6-max Seat #5 is the button
Seat 4: factor725 ($179.06 in chips)
Seat 5: Chessnok ($62.76 in chips)
Chessnok: posts small blind $1
factor725: posts big blind $3
*** HOLE CARDS ***
Chessnok: raises $3 to $6
factor725: raises $3 to $9
Chessnok: calls $3
*** FLOP *** [Kc 3c 8h]
factor725: bets $3
Chessnok: calls $3
*** TURN *** [Kc 3c 8h] [4d]
factor725: checks
Chessnok: checks
*** RIVER *** [Kc 3c 8h 4d] [6h]
factor725: checks
Chessnok: checks
*** SHOW DOWN ***
factor725: shows [Js As] (high card Ace)
Chessnok: mucks hand
factor725 collected $23.52 from pot
*** SUMMARY ***
Total pot $24 | Rake $0.48
Board [Kc 3c 8h 4d 6h]
Seat 4: factor725 (big blind) showed [Js As] and won ($23.52) with high card Ace
Seat 5: Chessnok (button) (small blind) mucked


PokerStars Hand #145408659279:  Hold'em Limit ($3/$6 USD) - 2015/12/15 18:57:33 ET
Table 'Zvezdara' 6-max Seat #4 is the button
Seat 4: factor725 ($176.22 in chips)
Seat 5: Chessnok ($83.26 in chips)
factor725: posts small blind $1
Chessnok: posts big blind $3
*** HOLE CARDS ***
factor725: raises $3 to $6
Chessnok: calls $3
*** FLOP *** [8s Jd 9c]
Chessnok: checks
factor725: bets $3
Chessnok: calls $3
*** TURN *** [8s Jd 9c] [2h]
Chessnok: checks
factor725: checks
*** RIVER *** [8s Jd 9c 2h] [4d]
Chessnok: bets $6
factor725: folds
Uncalled bet ($6) returned to Chessnok
Chessnok collected $17.64 from pot
Chessnok: doesn't show hand
*** SUMMARY ***
Total pot $18 | Rake $0.36
Board [8s Jd 9c 2h 4d]
Seat 4: factor725 (button) (small blind) folded on the River
Seat 5: Chessnok (big blind) collected ($17.64)


PokerStars Hand #145408654109:  Hold'em Limit ($3/$6 USD) - 2015/12/15 18:57:24 ET
Table 'Zvezdara' 6-max Seat #5 is the button
Seat 4: factor725 ($182.22 in chips)
Seat 5: Chessnok ($77.50 in chips)
Chessnok: posts small blind $1
factor725: posts big blind $3
*** HOLE CARDS ***
Chessnok: raises $3 to $6
factor725: calls $3
*** FLOP *** [8s Ah Kc]
factor725: checks
Chessnok: bets $3
factor725: folds
Uncalled bet ($3) returned to Chessnok
Chessnok collected $11.76 from pot
Chessnok: doesn't show hand
*** SUMMARY ***
Total pot $12 | Rake $0.24
Board [8s Ah Kc]
Seat 4: factor725 (big blind) folded on the Flop
Seat 5: Chessnok (button) (small blind) collected ($11.76)


PokerStars Hand #145408644513:  Hold'em Limit ($3/$6 USD) - 2015/12/15 18:57:08 ET
Table 'Zvezdara' 6-max Seat #4 is the button
Seat 4: factor725 ($200.22 in chips)
Seat 5: Chessnok ($60 in chips)
factor725: posts small blind $1
Chessnok: posts big blind $3
*** HOLE CARDS ***
factor725: raises $3 to $6
Chessnok: calls $3
*** FLOP *** [8h 6d 8d]
Chessnok: checks
factor725: checks
*** TURN *** [8h 6d 8d] [7d]
Chessnok: bets $6
factor725: calls $6
*** RIVER *** [8h 6d 8d 7d] [4d]
Chessnok: bets $6
factor725: calls $6
*** SHOW DOWN ***
Chessnok: shows [7s Qd] (a flush, Queen high)
factor725: mucks hand
Chessnok collected $35.50 from pot
*** SUMMARY ***
Total pot $36 | Rake $0.50
Board [8h 6d 8d 7d 4d]
Seat 4: factor725 (button) (small blind) mucked
Seat 5: Chessnok (big blind) showed [7s Qd] and won ($35.50) with a flush, Queen high


PokerStars Hand #145408642123:  Hold'em Limit ($3/$6 USD) - 2015/12/15 18:57:03 ET
Table 'Zvezdara' 6-max Seat #5 is the button
Seat 4: factor725 ($199.22 in chips)
Seat 5: Chessnok ($60 in chips)
Chessnok: posts small blind $1
factor725: posts big blind $3
*** HOLE CARDS ***
Chessnok: folds
Uncalled bet ($2) returned to factor725
factor725 collected $2 from pot
*** SUMMARY ***
Total pot $2 | Rake $0
Seat 4: factor725 (big blind) collected ($2)
Seat 5: Chessnok (button) (small blind) folded before Flop


PokerStars Hand #145408632986:  Hold'em Limit ($3/$6 USD) - 2015/12/15 18:56:48 ET
Table 'Zvezdara' 6-max Seat #4 is the button
Seat 4: factor725 ($190.58 in chips)
Seat 5: Chessnok ($60 in chips)
factor725: posts small blind $1
Chessnok: posts big blind $3
*** HOLE CARDS ***
factor725: raises $3 to $6
Chessnok: calls $3
*** FLOP *** [4d 6c 2d]
Chessnok: checks
factor725: bets $3
Chessnok: calls $3
*** TURN *** [4d 6c 2d] [3h]
Chessnok: checks
factor725: bets $6
Chessnok: folds
Uncalled bet ($6) returned to factor725
factor725 collected $17.64 from pot
*** SUMMARY ***
Total pot $18 | Rake $0.36
Board [4d 6c 2d 3h]
Seat 4: factor725 (button) (small blind) collected ($17.64)
Seat 5: Chessnok (big blind) folded on the Turn


PokerStars Hand #145408685946:  Hold'em Limit ($3/$6 USD) - 2015/12/15 18:58:19 ET
Table 'Zvezdara' 6-max Seat #5 is the button
Seat 4: factor725 ($188.72 in chips)
Seat 5: Chessnok ($69.90 in chips)
Chessnok: posts small blind $1
factor725: posts big blind $3
*** HOLE CARDS ***
Chessnok: raises $3 to $6
factor725: calls $3
*** FLOP *** [4c Jh Kc]
factor725: checks
Chessnok: bets $3
factor725: raises $3 to $6
Chessnok: calls $3
*** TURN *** [4c Jh Kc] [9s]
factor725: bets $6
Chessnok: folds
Uncalled bet ($6) returned to factor725
factor725 collected $23.52 from pot
*** SUMMARY ***
Total pot $24 | Rake $0.48
Board [4c Jh Kc 9s]
Seat 4: factor725 (big blind) collected ($23.52)
Seat 5: Chessnok (button) (small blind) folded on the Turn


PokerStars Hand #145408683034:  Hold'em Limit ($3/$6 USD) - 2015/12/15 18:58:14 ET
Table 'Zvezdara' 6-max Seat #4 is the button
Seat 4: factor725 ($189.72 in chips)
Seat 5: Chessnok ($68.90 in chips)
factor725: posts small blind $1
Chessnok: posts big blind $3
*** HOLE CARDS ***
factor725: folds
Uncalled bet ($2) returned to Chessnok
Chessnok collected $2 from pot
Chessnok: doesn't show hand
*** SUMMARY ***
Total pot $2 | Rake $0
Seat 4: factor725 (button) (small blind) folded before Flop
Seat 5: Chessnok (big blind) collected ($2)


PokerStars Hand #145408680311:  Hold'em Limit ($3/$6 USD) - 2015/12/15 18:58:09 ET
Table 'Zvezdara' 6-max Seat #5 is the button
Seat 4: factor725 ($188.72 in chips)
Seat 5: Chessnok ($69.90 in chips)
Chessnok: posts small blind $1
factor725: posts big blind $3
*** HOLE CARDS ***
Chessnok: folds
Uncalled bet ($2) returned to factor725
factor725 collected $2 from pot
*** SUMMARY ***
Total pot $2 | Rake $0
Seat 4: factor725 (big blind) collected ($2)
Seat 5: Chessnok (button) (small blind) folded before Flop


PokerStars Hand #145408671012:  Hold'em Limit ($3/$6 USD) - 2015/12/15 18:57:53 ET
Table 'Zvezdara' 6-max Seat #4 is the button
Seat 4: factor725 ($168.22 in chips)
Seat 5: Chessnok ($90.90 in chips)
factor725: posts small blind $1
Chessnok: posts big blind $3
*** HOLE CARDS ***
factor725: raises $3 to $6
Chessnok: calls $3
*** FLOP *** [2d Ac 9s]
Chessnok: checks
factor725: bets $3
Chessnok: calls $3
*** TURN *** [2d Ac 9s] [Js]
Chessnok: checks
factor725: bets $6
Chessnok: calls $6
*** RIVER *** [2d Ac 9s Js] [9h]
Chessnok: checks
factor725: bets $6
Chessnok: calls $6
*** SHOW DOWN ***
factor725: shows [8d 9d] (three of a kind, Nines)
Chessnok: mucks hand
factor725 collected $41.50 from pot
*** SUMMARY ***
Total pot $42 | Rake $0.50
Board [2d Ac 9s Js 9h]
Seat 4: factor725 (button) (small blind) showed [8d 9d] and won ($41.50) with three of a kind, Nines
Seat 5: Chessnok (big blind) mucked


PokerStars Hand #145408668518:  Hold'em Limit ($3/$6 USD) - 2015/12/15 18:57:49 ET
Table 'Zvezdara' 6-max Seat #5 is the button
Seat 4: factor725 ($167.22 in chips)
Seat 5: Chessnok ($91.90 in chips)
Chessnok: posts small blind $1
factor725: posts big blind $3
*** HOLE CARDS ***
Chessnok: folds
Uncalled bet ($2) returned to factor725
factor725 collected $2 from pot
*** SUMMARY ***
Total pot $2 | Rake $0
Seat 4: factor725 (big blind) collected ($2)
Seat 5: Chessnok (button) (small blind) folded before Flop


