PokerStars Hand #158984351222:  Hold'em Limit ($3/$6 USD) - 2016/09/23 10:42:39 ET
Table 'Zwetana' 6-max Seat #5 is the button
Seat 2: shampBTgogo ($217.74 in chips)
Seat 5: HAL9QQQ ($157.37 in chips)
TheWizKids will be allowed to play after the button
HAL9QQQ: posts small blind $1
shampBTgogo: posts big blind $3
*** HOLE CARDS ***
HAL9QQQ: raises $3 to $6
asino222 joins the table at seat #6
shampBTgogo: calls $3
*** FLOP *** [Tc As 5d]
shampBTgogo: checks
HAL9QQQ: bets $3
shampBTgogo: folds
Uncalled bet ($3) returned to HAL9QQQ
HAL9QQQ collected $11.76 from pot
HAL9QQQ: doesn't show hand
*** SUMMARY ***
Total pot $12 | Rake $0.24
Board [Tc As 5d]
Seat 2: shampBTgogo (big blind) folded on the Flop
Seat 5: HAL9QQQ (button) (small blind) collected ($11.76)


PokerStars Hand #158985640641:  Hold'em Limit ($3/$6 USD) - 2016/09/23 11:19:26 ET
Table 'Zwetana' 6-max Seat #3 is the button
Seat 2: shampBTgogo ($44.04 in chips)
Seat 3: TheWizKids ($296.51 in chips)
TheWizKids: posts small blind $1
popeluha: is sitting out
shampBTgogo: posts big blind $3
*** HOLE CARDS ***
TheWizKids: folds
Uncalled bet ($2) returned to shampBTgogo
shampBTgogo collected $2 from pot
shampBTgogo: doesn't show hand
*** SUMMARY ***
Total pot $2 | Rake $0
Seat 2: shampBTgogo (big blind) collected ($2)
Seat 3: TheWizKids (button) (small blind) folded before Flop


PokerStars Hand #158985662140:  Hold'em Limit ($3/$6 USD) - 2016/09/23 11:20:01 ET
Table 'Zwetana' 6-max Seat #2 is the button
Seat 2: shampBTgogo ($69.54 in chips)
Seat 3: TheWizKids ($270.51 in chips)
shampBTgogo: posts small blind $1
TheWizKids: posts big blind $3
*** HOLE CARDS ***
shampBTgogo: folds
Uncalled bet ($2) returned to TheWizKids
TheWizKids collected $2 from pot
TheWizKids: doesn't show hand
*** SUMMARY ***
Total pot $2 | Rake $0
Seat 2: shampBTgogo (button) (small blind) folded before Flop
Seat 3: TheWizKids (big blind) collected ($2)


PokerStars Hand #158985659566:  Hold'em Limit ($3/$6 USD) - 2016/09/23 11:19:56 ET
Table 'Zwetana' 6-max Seat #3 is the button
Seat 2: shampBTgogo ($68.54 in chips)
Seat 3: TheWizKids ($271.51 in chips)
TheWizKids: posts small blind $1
cheeestar198 was removed from the table for failing to post
shampBTgogo: posts big blind $3
*** HOLE CARDS ***
TheWizKids: folds
Uncalled bet ($2) returned to shampBTgogo
shampBTgogo collected $2 from pot
shampBTgogo: doesn't show hand
*** SUMMARY ***
Total pot $2 | Rake $0
Seat 2: shampBTgogo (big blind) collected ($2)
Seat 3: TheWizKids (button) (small blind) folded before Flop


PokerStars Hand #158985656144:  Hold'em Limit ($3/$6 USD) - 2016/09/23 11:19:51 ET
Table 'Zwetana' 6-max Seat #2 is the button
Seat 2: shampBTgogo ($65.54 in chips)
Seat 3: TheWizKids ($274.51 in chips)
shampBTgogo: posts small blind $1
TheWizKids: posts big blind $3
*** HOLE CARDS ***
shampBTgogo: raises $3 to $6
TheWizKids: folds
Uncalled bet ($3) returned to shampBTgogo
shampBTgogo collected $6 from pot
shampBTgogo: doesn't show hand
*** SUMMARY ***
Total pot $6 | Rake $0
Seat 2: shampBTgogo (button) (small blind) collected ($6)
Seat 3: TheWizKids (big blind) folded before Flop


PokerStars Hand #158985648154:  Hold'em Limit ($3/$6 USD) - 2016/09/23 11:19:38 ET
Table 'Zwetana' 6-max Seat #3 is the button
Seat 2: shampBTgogo ($48.04 in chips)
Seat 3: TheWizKids ($292.51 in chips)
TheWizKids: posts small blind $1
shampBTgogo: posts big blind $3
*** HOLE CARDS ***
TheWizKids: raises $3 to $6
shampBTgogo: calls $3
*** FLOP *** [Kc 6s 8d]
shampBTgogo: checks
TheWizKids: checks
*** TURN *** [Kc 6s 8d] [5s]
shampBTgogo: bets $6
TheWizKids: raises $6 to $12
shampBTgogo: raises $6 to $18
TheWizKids: folds
Uncalled bet ($6) returned to shampBTgogo
shampBTgogo collected $35.50 from pot
shampBTgogo: doesn't show hand
*** SUMMARY ***
Total pot $36 | Rake $0.50
Board [Kc 6s 8d 5s]
Seat 2: shampBTgogo (big blind) collected ($35.50)
Seat 3: TheWizKids (button) (small blind) folded on the Turn


PokerStars Hand #158985643742:  Hold'em Limit ($3/$6 USD) - 2016/09/23 11:19:31 ET
Table 'Zwetana' 6-max Seat #2 is the button
Seat 2: shampBTgogo ($45.04 in chips)
Seat 3: TheWizKids ($295.51 in chips)
shampBTgogo: posts small blind $1
TheWizKids: posts big blind $3
*** HOLE CARDS ***
shampBTgogo: raises $3 to $6
TheWizKids: folds
Uncalled bet ($3) returned to shampBTgogo
shampBTgogo collected $6 from pot
shampBTgogo: doesn't show hand
*** SUMMARY ***
Total pot $6 | Rake $0
Seat 2: shampBTgogo (button) (small blind) collected ($6)
Seat 3: TheWizKids (big blind) folded before Flop


