PokerStars Hand #165233709793:  Hold'em Limit ($3/$6 USD) - 2017/01/27 3:37:10 ET
Table 'Zwetana' 6-max Seat #1 is the button
Seat 1: canoestar26 ($30 in chips)
Seat 4: AzureCaper ($72 in chips)
canoestar26: posts small blind $1
AzureCaper: posts big blind $3
*** HOLE CARDS ***
canoestar26: raises $3 to $6
AzureCaper: calls $3
*** FLOP *** [6d Ts Kh]
AzureCaper: checks
canoestar26: bets $3
Petersnr joins the table at seat #6
AzureCaper: calls $3
*** TURN *** [6d Ts Kh] [7h]
AzureCaper: checks
canoestar26: bets $6
AzureCaper: calls $6
*** RIVER *** [6d Ts Kh 7h] [Qd]
AzureCaper: checks
canoestar26: bets $6
AzureCaper: folds
Uncalled bet ($6) returned to canoestar26
canoestar26 collected $29.50 from pot
canoestar26: doesn't show hand
*** SUMMARY ***
Total pot $30 | Rake $0.50
Board [6d Ts Kh 7h Qd]
Seat 1: canoestar26 (button) (small blind) collected ($29.50)
Seat 4: AzureCaper (big blind) folded on the River


PokerStars Hand #165233777002:  Hold'em Limit ($3/$6 USD) - 2017/01/27 3:40:30 ET
Table 'Zwetana' 6-max Seat #1 is the button
Seat 1: canoestar26 ($82.27 in chips)
Seat 4: AzureCaper ($83.46 in chips)
canoestar26: posts small blind $1
AzureCaper: posts big blind $3
*** HOLE CARDS ***
canoestar26: folds
Uncalled bet ($2) returned to AzureCaper
Headgtboy leaves the table
AzureCaper collected $2 from pot
AzureCaper: doesn't show hand
*** SUMMARY ***
Total pot $2 | Rake $0
Seat 1: canoestar26 (button) (small blind) folded before Flop
Seat 4: AzureCaper (big blind) collected ($2)


PokerStars Hand #165233781908:  Hold'em Limit ($3/$6 USD) - 2017/01/27 3:40:45 ET
Table 'Zwetana' 6-max Seat #1 is the button
Seat 1: canoestar26 ($82.27 in chips)
Seat 4: AzureCaper ($83.46 in chips)
canoestar26: posts small blind $1
AzureCaper: posts big blind $3
*** HOLE CARDS ***
canoestar26: raises $3 to $6
AzureCaper: calls $3
*** FLOP *** [Th Qc Qs]
AzureCaper: checks
canoestar26: bets $3
AzureCaper: calls $3
*** TURN *** [Th Qc Qs] [6d]
AzureCaper: checks
canoestar26: bets $6
AzureCaper: calls $6
*** RIVER *** [Th Qc Qs 6d] [2d]
AzureCaper: checks
canoestar26: bets $6
AzureCaper: calls $6
*** SHOW DOWN ***
canoestar26: shows [Ad 2c] (two pair, Queens and Deuces)
AzureCaper: mucks hand
canoestar26 collected $41.50 from pot
*** SUMMARY ***
Total pot $42 | Rake $0.50
Board [Th Qc Qs 6d 2d]
Seat 1: canoestar26 (button) (small blind) showed [Ad 2c] and won ($41.50) with two pair, Queens and Deuces
Seat 4: AzureCaper (big blind) mucked


PokerStars Hand #165233778597:  Hold'em Limit ($3/$6 USD) - 2017/01/27 3:40:35 ET
Table 'Zwetana' 6-max Seat #4 is the button
Seat 1: canoestar26 ($81.27 in chips)
Seat 4: AzureCaper ($84.46 in chips)
AzureCaper: posts small blind $1
canoestar26: posts big blind $3
*** HOLE CARDS ***
AzureCaper: folds
Uncalled bet ($2) returned to canoestar26
canoestar26 collected $2 from pot
canoestar26: doesn't show hand
*** SUMMARY ***
Total pot $2 | Rake $0
Seat 1: canoestar26 (big blind) collected ($2)
Seat 4: AzureCaper (button) (small blind) folded before Flop


PokerStars Hand #165233800194:  Hold'em Limit ($3/$6 USD) - 2017/01/27 3:41:42 ET
Table 'Zwetana' 6-max Seat #4 is the button
Seat 1: canoestar26 ($99.65 in chips)
Seat 4: AzureCaper ($74.76 in chips)
AzureCaper: posts small blind $1
canoestar26: posts big blind $3
*** HOLE CARDS ***
AzureCaper: raises $3 to $6
canoestar26: raises $3 to $9
AzureCaper: calls $3
*** FLOP *** [As 4h Ts]
canoestar26: bets $3
AzureCaper: folds
Uncalled bet ($3) returned to canoestar26
canoestar26 collected $17.64 from pot
canoestar26: doesn't show hand
*** SUMMARY ***
Total pot $18 | Rake $0.36
Board [As 4h Ts]
Seat 1: canoestar26 (big blind) collected ($17.64)
Seat 4: AzureCaper (button) (small blind) folded on the Flop


PokerStars Hand #165233794697:  Hold'em Limit ($3/$6 USD) - 2017/01/27 3:41:25 ET
Table 'Zwetana' 6-max Seat #1 is the button
Seat 1: canoestar26 ($96.77 in chips)
Seat 4: AzureCaper ($77.76 in chips)
canoestar26: posts small blind $1
AzureCaper: posts big blind $3
*** HOLE CARDS ***
canoestar26: calls $2
AzureCaper: checks
*** FLOP *** [9h Jc 4c]
AzureCaper: checks
canoestar26: bets $3
AzureCaper: folds
Uncalled bet ($3) returned to canoestar26
canoestar26 collected $5.88 from pot
canoestar26: doesn't show hand
*** SUMMARY ***
Total pot $6 | Rake $0.12
Board [9h Jc 4c]
Seat 1: canoestar26 (button) (small blind) collected ($5.88)
Seat 4: AzureCaper (big blind) folded on the Flop


PokerStars Hand #165233790783:  Hold'em Limit ($3/$6 USD) - 2017/01/27 3:41:13 ET
Table 'Zwetana' 6-max Seat #4 is the button
Seat 1: canoestar26 ($102.77 in chips)
Seat 4: AzureCaper ($72 in chips)
AzureCaper: posts small blind $1
canoestar26: posts big blind $3
*** HOLE CARDS ***
AzureCaper: raises $3 to $6
canoestar26: calls $3
*** FLOP *** [Jh 7c Ac]
canoestar26: checks
AzureCaper: bets $3
canoestar26: folds
Uncalled bet ($3) returned to AzureCaper
AzureCaper collected $11.76 from pot
AzureCaper: doesn't show hand
*** SUMMARY ***
Total pot $12 | Rake $0.24
Board [Jh 7c Ac]
Seat 1: canoestar26 (big blind) folded on the Flop
Seat 4: AzureCaper (button) (small blind) collected ($11.76)


PokerStars Hand #165233821606:  Hold'em Limit ($3/$6 USD) - 2017/01/27 3:42:48 ET
Table 'Zwetana' 6-max Seat #1 is the button
Seat 1: canoestar26 ($104.79 in chips)
Seat 4: AzureCaper ($101.50 in chips)
canoestar26: posts small blind $1
AzureCaper: posts big blind $3
*** HOLE CARDS ***
canoestar26: raises $3 to $6
AzureCaper: calls $3
*** FLOP *** [3h 2h 5c]
AzureCaper: checks
canoestar26: bets $3
AzureCaper: calls $3
*** TURN *** [3h 2h 5c] [Jd]
AzureCaper: checks
canoestar26: bets $6
AzureCaper: raises $6 to $12
canoestar26: raises $6 to $18
AzureCaper: calls $6
*** RIVER *** [3h 2h 5c Jd] [6c]
AzureCaper: checks
canoestar26: bets $6
AzureCaper: raises $6 to $12
canoestar26: calls $6
*** SHOW DOWN ***
AzureCaper: shows [5s 4d] (a straight, Deuce to Six)
canoestar26: mucks hand
AzureCaper collected $77.50 from pot
*** SUMMARY ***
Total pot $78 | Rake $0.50
Board [3h 2h 5c Jd 6c]
Seat 1: canoestar26 (button) (small blind) mucked
Seat 4: AzureCaper (big blind) showed [5s 4d] and won ($77.50) with a straight, Deuce to Six


PokerStars Hand #165233814788:  Hold'em Limit ($3/$6 USD) - 2017/01/27 3:42:27 ET
Table 'Zwetana' 6-max Seat #4 is the button
Seat 1: canoestar26 ($134.79 in chips)
Seat 4: AzureCaper ($72 in chips)
AzureCaper: posts small blind $1
canoestar26: posts big blind $3
*** HOLE CARDS ***
AzureCaper: raises $3 to $6
canoestar26: raises $3 to $9
AzureCaper: raises $3 to $12
Betting is capped
canoestar26: calls $3
*** FLOP *** [7s 8c 2h]
canoestar26: bets $3
AzureCaper: raises $3 to $6
canoestar26: calls $3
*** TURN *** [7s 8c 2h] [6d]
canoestar26: checks
AzureCaper: bets $6
canoestar26: calls $6
*** RIVER *** [7s 8c 2h 6d] [Kh]
canoestar26: checks
AzureCaper: bets $6
canoestar26: calls $6
*** SHOW DOWN ***
AzureCaper: shows [8h 8s] (three of a kind, Eights)
canoestar26: mucks hand
AzureCaper collected $59.50 from pot
*** SUMMARY ***
Total pot $60 | Rake $0.50
Board [7s 8c 2h 6d Kh]
Seat 1: canoestar26 (big blind) mucked
Seat 4: AzureCaper (button) (small blind) showed [8h 8s] and won ($59.50) with three of a kind, Eights


PokerStars Hand #165233807815:  Hold'em Limit ($3/$6 USD) - 2017/01/27 3:42:06 ET
Table 'Zwetana' 6-max Seat #1 is the button
Seat 1: canoestar26 ($108.29 in chips)
Seat 4: AzureCaper ($72 in chips)
canoestar26: posts small blind $1
AzureCaper: posts big blind $3
*** HOLE CARDS ***
canoestar26: raises $3 to $6
AzureCaper: calls $3
*** FLOP *** [3h 8h Td]
AzureCaper: checks
canoestar26: bets $3
AzureCaper: calls $3
*** TURN *** [3h 8h Td] [7d]
AzureCaper: checks
canoestar26: bets $6
AzureCaper: calls $6
*** RIVER *** [3h 8h Td 7d] [Ks]
AzureCaper: checks
canoestar26: bets $6
AzureCaper: raises $6 to $12
canoestar26: calls $6
*** SHOW DOWN ***
AzureCaper: shows [9s Kh] (a pair of Kings)
canoestar26: shows [Kd Ad] (a pair of Kings - Ace kicker)
canoestar26 collected $53.50 from pot
*** SUMMARY ***
Total pot $54 | Rake $0.50
Board [3h 8h Td 7d Ks]
Seat 1: canoestar26 (button) (small blind) showed [Kd Ad] and won ($53.50) with a pair of Kings
Seat 4: AzureCaper (big blind) showed [9s Kh] and lost with a pair of Kings


