PokerStars Hand #161301964771:  Hold'em Limit ($3/$6 USD) - 2016/11/12 15:27:21 ET
Table 'Zwetana' 6-max Seat #3 is the button
Seat 3: Brama Br ($120 in chips)
Seat 4: vestimokrec ($120 in chips)
Brama Br: posts small blind $1
vestimokrec: posts big blind $3
*** HOLE CARDS ***
Brama Br: folds
Uncalled bet ($2) returned to vestimokrec
vestimokrec collected $2 from pot
vestimokrec: doesn't show hand
*** SUMMARY ***
Total pot $2 | Rake $0
Seat 3: Brama Br (button) (small blind) folded before Flop
Seat 4: vestimokrec (big blind) collected ($2)


PokerStars Hand #161301972354:  Hold'em Limit ($3/$6 USD) - 2016/11/12 15:27:30 ET
Table 'Zwetana' 6-max Seat #4 is the button
Seat 3: Brama Br ($119 in chips)
Seat 4: vestimokrec ($121 in chips)
vestimokrec: posts small blind $1
Brama Br: posts big blind $3
*** HOLE CARDS ***
vestimokrec: raises $3 to $6
Brama Br: calls $3
*** FLOP *** [Jh 9s 5h]
Brama Br: checks
vestimokrec: bets $3
Brama Br: calls $3
*** TURN *** [Jh 9s 5h] [2h]
Brama Br: checks
vestimokrec: bets $6
Brama Br: calls $6
*** RIVER *** [Jh 9s 5h 2h] [Kh]
Brama Br: checks
vestimokrec: checks
*** SHOW DOWN ***
Brama Br: shows [4h Qc] (a flush, King high)
vestimokrec: mucks hand
Brama Br collected $29.50 from pot
*** SUMMARY ***
Total pot $30 | Rake $0.50
Board [Jh 9s 5h 2h Kh]
Seat 3: Brama Br (big blind) showed [4h Qc] and won ($29.50) with a flush, King high
Seat 4: vestimokrec (button) (small blind) mucked


PokerStars Hand #161301996612:  Hold'em Limit ($3/$6 USD) - 2016/11/12 15:27:57 ET
Table 'Zwetana' 6-max Seat #3 is the button
Seat 3: Brama Br ($133.50 in chips)
Seat 4: vestimokrec ($106 in chips)
Brama Br: posts small blind $1
vestimokrec: posts big blind $3
*** HOLE CARDS ***
Brama Br: folds
Uncalled bet ($2) returned to vestimokrec
vestimokrec collected $2 from pot
vestimokrec: doesn't show hand
*** SUMMARY ***
Total pot $2 | Rake $0
Seat 3: Brama Br (button) (small blind) folded before Flop
Seat 4: vestimokrec (big blind) collected ($2)


PokerStars Hand #161302008461:  Hold'em Limit ($3/$6 USD) - 2016/11/12 15:28:10 ET
Table 'Zwetana' 6-max Seat #4 is the button
Seat 3: Brama Br ($132.50 in chips)
Seat 4: vestimokrec ($107 in chips)
vestimokrec: posts small blind $1
Brama Br: posts big blind $3
*** HOLE CARDS ***
vestimokrec: raises $3 to $6
Brama Br: calls $3
*** FLOP *** [7h Js 8c]
Brama Br: checks
vestimokrec: bets $3
Brama Br: calls $3
*** TURN *** [7h Js 8c] [Ts]
Brama Br: checks
vestimokrec: bets $6
Brama Br: raises $6 to $12
vestimokrec: calls $6
*** RIVER *** [7h Js 8c Ts] [Th]
Brama Br: bets $6
vestimokrec: calls $6
*** SHOW DOWN ***
Brama Br: shows [Qs 9c] (a straight, Eight to Queen)
vestimokrec: mucks hand
Brama Br collected $53.50 from pot
*** SUMMARY ***
Total pot $54 | Rake $0.50
Board [7h Js 8c Ts Th]
Seat 3: Brama Br (big blind) showed [Qs 9c] and won ($53.50) with a straight, Eight to Queen
Seat 4: vestimokrec (button) (small blind) mucked


PokerStars Hand #161302051412:  Hold'em Limit ($3/$6 USD) - 2016/11/12 15:28:58 ET
Table 'Zwetana' 6-max Seat #3 is the button
Seat 3: Brama Br ($159 in chips)
Seat 4: vestimokrec ($80 in chips)
Brama Br: posts small blind $1
vestimokrec: posts big blind $3
*** HOLE CARDS ***
Brama Br: raises $3 to $6
vestimokrec: folds
Uncalled bet ($3) returned to Brama Br
Brama Br collected $6 from pot
Brama Br: doesn't show hand
*** SUMMARY ***
Total pot $6 | Rake $0
Seat 3: Brama Br (button) (small blind) collected ($6)
Seat 4: vestimokrec (big blind) folded before Flop


PokerStars Hand #161302122887:  Hold'em Limit ($3/$6 USD) - 2016/11/12 15:30:17 ET
Table 'Zwetana' 6-max Seat #4 is the button
Seat 3: Brama Br ($123 in chips)
Seat 4: vestimokrec ($115 in chips)
vestimokrec: posts small blind $1
Brama Br: posts big blind $3
*** HOLE CARDS ***
vestimokrec: raises $3 to $6
Brama Br: calls $3
*** FLOP *** [Qs 9c 4d]
Brama Br: checks
vestimokrec: bets $3
Brama Br: folds
Uncalled bet ($3) returned to vestimokrec
vestimokrec collected $11.76 from pot
vestimokrec: doesn't show hand
*** SUMMARY ***
Total pot $12 | Rake $0.24
Board [Qs 9c 4d]
Seat 3: Brama Br (big blind) folded on the Flop
Seat 4: vestimokrec (button) (small blind) collected ($11.76)


PokerStars Hand #161302063691:  Hold'em Limit ($3/$6 USD) - 2016/11/12 15:29:12 ET
Table 'Zwetana' 6-max Seat #4 is the button
Seat 3: Brama Br ($162 in chips)
Seat 4: vestimokrec ($77 in chips)
vestimokrec: posts small blind $1
Brama Br: posts big blind $3
*** HOLE CARDS ***
vestimokrec: raises $3 to $6
Brama Br: calls $3
*** FLOP *** [Tc Ac 7d]
Brama Br: checks
vestimokrec: bets $3
Brama Br: calls $3
*** TURN *** [Tc Ac 7d] [Js]
Brama Br: checks
vestimokrec: bets $6
Brama Br: calls $6
*** RIVER *** [Tc Ac 7d Js] [Ks]
Brama Br: checks
vestimokrec: bets $6
Brama Br: calls $6
*** SHOW DOWN ***
vestimokrec: shows [Qs 5d] (a straight, Ten to Ace)
Brama Br: mucks hand
vestimokrec collected $41.50 from pot
*** SUMMARY ***
Total pot $42 | Rake $0.50
Board [Tc Ac 7d Js Ks]
Seat 3: Brama Br (big blind) mucked
Seat 4: vestimokrec (button) (small blind) showed [Qs 5d] and won ($41.50) with a straight, Ten to Ace


PokerStars Hand #161302137644:  Hold'em Limit ($3/$6 USD) - 2016/11/12 15:30:34 ET
Table 'Zwetana' 6-max Seat #3 is the button
Seat 3: Brama Br ($117 in chips)
Seat 4: vestimokrec ($120.76 in chips)
Brama Br: posts small blind $1
vestimokrec: posts big blind $3
*** HOLE CARDS ***
Brama Br: raises $3 to $6
vestimokrec: calls $3
*** FLOP *** [Jc 5c 6c]
vestimokrec: checks
Brama Br: bets $3
vestimokrec: raises $3 to $6
Brama Br: calls $3
*** TURN *** [Jc 5c 6c] [4s]
vestimokrec: bets $6
Brama Br: calls $6
*** RIVER *** [Jc 5c 6c 4s] [2d]
vestimokrec: bets $6
Brama Br: calls $6
*** SHOW DOWN ***
vestimokrec: shows [6h 7c] (a pair of Sixes)
Brama Br: shows [9c Jh] (a pair of Jacks)
Brama Br collected $47.50 from pot
*** SUMMARY ***
Total pot $48 | Rake $0.50
Board [Jc 5c 6c 4s 2d]
Seat 3: Brama Br (button) (small blind) showed [9c Jh] and won ($47.50) with a pair of Jacks
Seat 4: vestimokrec (big blind) showed [6h 7c] and lost with a pair of Sixes


PokerStars Hand #161302208396:  Hold'em Limit ($3/$6 USD) - 2016/11/12 15:31:54 ET
Table 'Zwetana' 6-max Seat #3 is the button
Seat 3: Brama Br ($164 in chips)
Seat 4: vestimokrec ($72.76 in chips)
Brama Br: posts small blind $1
vestimokrec: posts big blind $3
*** HOLE CARDS ***
Brama Br: raises $3 to $6
vestimokrec: raises $3 to $9
Brama Br: calls $3
*** FLOP *** [6d Qs 2h]
vestimokrec: bets $3
Brama Br: calls $3
*** TURN *** [6d Qs 2h] [9d]
vestimokrec: bets $6
Brama Br: calls $6
*** RIVER *** [6d Qs 2h 9d] [3d]
vestimokrec: bets $6
Brama Br: calls $6
*** SHOW DOWN ***
vestimokrec: shows [7d 7h] (a pair of Sevens)
Brama Br: shows [4s 9s] (a pair of Nines)
Brama Br collected $47.50 from pot
*** SUMMARY ***
Total pot $48 | Rake $0.50
Board [6d Qs 2h 9d 3d]
Seat 3: Brama Br (button) (small blind) showed [4s 9s] and won ($47.50) with a pair of Nines
Seat 4: vestimokrec (big blind) showed [7d 7h] and lost with a pair of Sevens


PokerStars Hand #161302170891:  Hold'em Limit ($3/$6 USD) - 2016/11/12 15:31:11 ET
Table 'Zwetana' 6-max Seat #4 is the button
Seat 3: Brama Br ($140.50 in chips)
Seat 4: vestimokrec ($96.76 in chips)
vestimokrec: posts small blind $1
Brama Br: posts big blind $3
*** HOLE CARDS ***
vestimokrec: raises $3 to $6
Brama Br: raises $3 to $9
vestimokrec: calls $3
*** FLOP *** [8c 2c 4s]
Brama Br: bets $3
vestimokrec: calls $3
*** TURN *** [8c 2c 4s] [Ks]
Brama Br: bets $6
vestimokrec: calls $6
*** RIVER *** [8c 2c 4s Ks] [7h]
Brama Br: bets $6
vestimokrec: calls $6
*** SHOW DOWN ***
Brama Br: shows [Ad 8h] (a pair of Eights)
vestimokrec: mucks hand
Brama Br collected $47.50 from pot
*** SUMMARY ***
Total pot $48 | Rake $0.50
Board [8c 2c 4s Ks 7h]
Seat 3: Brama Br (big blind) showed [Ad 8h] and won ($47.50) with a pair of Eights
Seat 4: vestimokrec (button) (small blind) mucked


PokerStars Hand #161302288396:  Hold'em Limit ($3/$6 USD) - 2016/11/12 15:33:24 ET
Table 'Zwetana' 6-max Seat #4 is the button
Seat 3: Brama Br ($204 in chips)
Seat 4: vestimokrec ($103 in chips)
vestimokrec: posts small blind $1
Brama Br: posts big blind $3
*** HOLE CARDS ***
vestimokrec: raises $3 to $6
Brama Br: folds
Uncalled bet ($3) returned to vestimokrec
vestimokrec collected $6 from pot
vestimokrec: doesn't show hand
*** SUMMARY ***
Total pot $6 | Rake $0
Seat 3: Brama Br (big blind) folded before Flop
Seat 4: vestimokrec (button) (small blind) collected ($6)


PokerStars Hand #161302282015:  Hold'em Limit ($3/$6 USD) - 2016/11/12 15:33:16 ET
Table 'Zwetana' 6-max Seat #3 is the button
Seat 3: Brama Br ($205 in chips)
Seat 4: vestimokrec ($102 in chips)
Brama Br: posts small blind $1
vestimokrec: posts big blind $3
*** HOLE CARDS ***
Brama Br: folds
Uncalled bet ($2) returned to vestimokrec
vestimokrec collected $2 from pot
vestimokrec: doesn't show hand
*** SUMMARY ***
Total pot $2 | Rake $0
Seat 3: Brama Br (button) (small blind) folded before Flop
Seat 4: vestimokrec (big blind) collected ($2)


PokerStars Hand #161302231202:  Hold'em Limit ($3/$6 USD) - 2016/11/12 15:32:19 ET
Table 'Zwetana' 6-max Seat #4 is the button
Seat 3: Brama Br ($187.50 in chips)
Seat 4: vestimokrec ($120 in chips)
vestimokrec: posts small blind $1
Brama Br: posts big blind $3
*** HOLE CARDS ***
vestimokrec: raises $3 to $6
Brama Br: raises $3 to $9
vestimokrec: calls $3
*** FLOP *** [4d Js 2h]
Brama Br: bets $3
vestimokrec: calls $3
*** TURN *** [4d Js 2h] [7s]
Brama Br: bets $6
vestimokrec: calls $6
*** RIVER *** [4d Js 2h 7s] [9d]
Brama Br: bets $6
vestimokrec: folds
Uncalled bet ($6) returned to Brama Br
Brama Br collected $35.50 from pot
*** SUMMARY ***
Total pot $36 | Rake $0.50
Board [4d Js 2h 7s 9d]
Seat 3: Brama Br (big blind) collected ($35.50)
Seat 4: vestimokrec (button) (small blind) folded on the River


PokerStars Hand #161302339044:  Hold'em Limit ($3/$6 USD) - 2016/11/12 15:34:20 ET
Table 'Zwetana' 6-max Seat #4 is the button
Seat 3: Brama Br ($221.50 in chips)
Seat 4: vestimokrec ($85 in chips)
vestimokrec: posts small blind $1
Brama Br: posts big blind $3
*** HOLE CARDS ***
vestimokrec: folds
Uncalled bet ($2) returned to Brama Br
Brama Br collected $2 from pot
*** SUMMARY ***
Total pot $2 | Rake $0
Seat 3: Brama Br (big blind) collected ($2)
Seat 4: vestimokrec (button) (small blind) folded before Flop


PokerStars Hand #161302300386:  Hold'em Limit ($3/$6 USD) - 2016/11/12 15:33:37 ET
Table 'Zwetana' 6-max Seat #3 is the button
Seat 3: Brama Br ($201 in chips)
Seat 4: vestimokrec ($106 in chips)
Brama Br: posts small blind $1
vestimokrec: posts big blind $3
*** HOLE CARDS ***
Brama Br: raises $3 to $6
vestimokrec: calls $3
*** FLOP *** [7s 9s Jh]
vestimokrec: checks
Brama Br: bets $3
vestimokrec: calls $3
*** TURN *** [7s 9s Jh] [Ad]
vestimokrec: checks
Brama Br: checks
*** RIVER *** [7s 9s Jh Ad] [Jd]
vestimokrec: bets $6
Brama Br: raises $6 to $12
vestimokrec: calls $6
*** SHOW DOWN ***
Brama Br: shows [Js 8d] (three of a kind, Jacks)
vestimokrec: mucks hand
Brama Br collected $41.50 from pot
*** SUMMARY ***
Total pot $42 | Rake $0.50
Board [7s 9s Jh Ad Jd]
Seat 3: Brama Br (button) (small blind) showed [Js 8d] and won ($41.50) with three of a kind, Jacks
Seat 4: vestimokrec (big blind) mucked


PokerStars Hand #161302342971:  Hold'em Limit ($3/$6 USD) - 2016/11/12 15:34:25 ET
Table 'Zwetana' 6-max Seat #3 is the button
Seat 3: Brama Br ($222.50 in chips)
Seat 4: vestimokrec ($84 in chips)
Brama Br: posts small blind $1
vestimokrec: posts big blind $3
*** HOLE CARDS ***
Brama Br: raises $3 to $6
vestimokrec: calls $3
*** FLOP *** [6h Jd 5c]
vestimokrec: checks
Brama Br: bets $3
vestimokrec: raises $3 to $6
Brama Br: calls $3
*** TURN *** [6h Jd 5c] [4c]
vestimokrec: bets $6
Brama Br: calls $6
*** RIVER *** [6h Jd 5c 4c] [2s]
vestimokrec: checks
Brama Br: bets $6
vestimokrec: calls $6
*** SHOW DOWN ***
Brama Br: shows [3c 6c] (a straight, Deuce to Six)
vestimokrec: mucks hand
Brama Br collected $47.50 from pot
*** SUMMARY ***
Total pot $48 | Rake $0.50
Board [6h Jd 5c 4c 2s]
Seat 3: Brama Br (button) (small blind) showed [3c 6c] and won ($47.50) with a straight, Deuce to Six
Seat 4: vestimokrec (big blind) mucked


PokerStars Hand #161302383032:  Hold'em Limit ($3/$6 USD) - 2016/11/12 15:35:10 ET
Table 'Zwetana' 6-max Seat #4 is the button
Seat 3: Brama Br ($246 in chips)
Seat 4: vestimokrec ($60 in chips)
vestimokrec: posts small blind $1
Brama Br: posts big blind $3
*** HOLE CARDS ***
vestimokrec: raises $3 to $6
Brama Br: calls $3
*** FLOP *** [9c 7d 2s]
Brama Br: checks
vestimokrec: checks
*** TURN *** [9c 7d 2s] [5c]
Brama Br: checks
vestimokrec: checks
*** RIVER *** [9c 7d 2s 5c] [Ts]
Brama Br: bets $6
vestimokrec: raises $6 to $12
Brama Br: calls $6
*** SHOW DOWN ***
vestimokrec: shows [3d 4c] (high card Ten)
Brama Br: shows [6h Tc] (a pair of Tens)
Brama Br collected $35.50 from pot
*** SUMMARY ***
Total pot $36 | Rake $0.50
Board [9c 7d 2s 5c Ts]
Seat 3: Brama Br (big blind) showed [6h Tc] and won ($35.50) with a pair of Tens
Seat 4: vestimokrec (button) (small blind) showed [3d 4c] and lost with high card Ten


PokerStars Hand #161302471692:  Hold'em Limit ($3/$6 USD) - 2016/11/12 15:36:43 ET
Table 'Zwetana' 6-max Seat #4 is the button
Seat 3: Brama Br ($248.50 in chips)
Seat 4: vestimokrec ($134.50 in chips)
vestimokrec: posts small blind $1
Brama Br: posts big blind $3
*** HOLE CARDS ***
vestimokrec: raises $3 to $6
Brama Br: calls $3
*** FLOP *** [4c 2h Kd]
Brama Br: checks
vestimokrec: bets $3
Brama Br: folds
Uncalled bet ($3) returned to vestimokrec
vestimokrec collected $11.76 from pot
vestimokrec: doesn't show hand
*** SUMMARY ***
Total pot $12 | Rake $0.24
Board [4c 2h Kd]
Seat 3: Brama Br (big blind) folded on the Flop
Seat 4: vestimokrec (button) (small blind) collected ($11.76)


PokerStars Hand #161302486570:  Hold'em Limit ($3/$6 USD) - 2016/11/12 15:36:59 ET
Table 'Zwetana' 6-max Seat #3 is the button
Seat 3: Brama Br ($242.50 in chips)
Seat 4: vestimokrec ($140.26 in chips)
Brama Br: posts small blind $1
vestimokrec: posts big blind $3
*** HOLE CARDS ***
Brama Br: raises $3 to $6
vestimokrec: raises $3 to $9
Brama Br: calls $3
*** FLOP *** [4c 6c Ac]
vestimokrec: bets $3
Brama Br: folds
Uncalled bet ($3) returned to vestimokrec
vestimokrec collected $17.64 from pot
vestimokrec: doesn't show hand
*** SUMMARY ***
Total pot $18 | Rake $0.36
Board [4c 6c Ac]
Seat 3: Brama Br (button) (small blind) folded on the Flop
Seat 4: vestimokrec (big blind) collected ($17.64)


PokerStars Hand #161302423353:  Hold'em Limit ($3/$6 USD) - 2016/11/12 15:35:55 ET
Table 'Zwetana' 6-max Seat #3 is the button
Seat 3: Brama Br ($263.50 in chips)
Seat 4: vestimokrec ($120 in chips)
Brama Br: posts small blind $1
vestimokrec: posts big blind $3
*** HOLE CARDS ***
Brama Br: raises $3 to $6
vestimokrec: calls $3
*** FLOP *** [7d 9s 9d]
vestimokrec: checks
Brama Br: bets $3
vestimokrec: calls $3
*** TURN *** [7d 9s 9d] [Th]
vestimokrec: checks
Brama Br: checks
*** RIVER *** [7d 9s 9d Th] [4h]
vestimokrec: bets $6
Brama Br: calls $6
*** SHOW DOWN ***
vestimokrec: shows [Ts 2s] (two pair, Tens and Nines)
Brama Br: mucks hand
vestimokrec collected $29.50 from pot
*** SUMMARY ***
Total pot $30 | Rake $0.50
Board [7d 9s 9d Th 4h]
Seat 3: Brama Br (button) (small blind) mucked
Seat 4: vestimokrec (big blind) showed [Ts 2s] and won ($29.50) with two pair, Tens and Nines


PokerStars Hand #161302530782:  Hold'em Limit ($3/$6 USD) - 2016/11/12 15:37:48 ET
Table 'Zwetana' 6-max Seat #3 is the button
Seat 3: Brama Br ($245.02 in chips)
Seat 4: vestimokrec ($136.90 in chips)
Brama Br: posts small blind $1
vestimokrec: posts big blind $3
*** HOLE CARDS ***
Brama Br: calls $2
vestimokrec: checks
*** FLOP *** [3c Kc 6d]
vestimokrec: checks
Brama Br: bets $3
vestimokrec: folds
Uncalled bet ($3) returned to Brama Br
MR_KOKY18121 joins the table at seat #1
Brama Br collected $5.88 from pot
Brama Br: doesn't show hand
*** SUMMARY ***
Total pot $6 | Rake $0.12
Board [3c Kc 6d]
Seat 3: Brama Br (button) (small blind) collected ($5.88)
Seat 4: vestimokrec (big blind) folded on the Flop


PokerStars Hand #161304832808:  Hold'em Limit ($3/$6 USD) - 2016/11/12 16:22:16 ET
Table 'Zwetana' 6-max Seat #2 is the button
Seat 2: TinaTurner72 ($327.30 in chips)
Seat 5: Pelurile ($131.32 in chips)
TinaTurner72: posts small blind $1
Pelurile: posts big blind $3
*** HOLE CARDS ***
TinaTurner72: raises $3 to $6
Pelurile: calls $3
*** FLOP *** [9c 4d 8d]
Brama Br joins the table at seat #1
Pelurile: checks
TinaTurner72: bets $3
Pelurile: raises $3 to $6
TinaTurner72: calls $3
*** TURN *** [9c 4d 8d] [Ts]
Pelurile: bets $6
TinaTurner72: calls $6
*** RIVER *** [9c 4d 8d Ts] [7d]
Pelurile: bets $6
TinaTurner72: calls $6
*** SHOW DOWN ***
Pelurile: shows [6c 4h] (a straight, Six to Ten)
TinaTurner72: mucks hand
Pelurile collected $47.50 from pot
*** SUMMARY ***
Total pot $48 | Rake $0.50
Board [9c 4d 8d Ts 7d]
Seat 2: TinaTurner72 (button) (small blind) mucked
Seat 5: Pelurile (big blind) showed [6c 4h] and won ($47.50) with a straight, Six to Ten


PokerStars Hand #161305053217:  Hold'em Limit ($3/$6 USD) - 2016/11/12 16:26:26 ET
Table 'Zwetana' 6-max Seat #1 is the button
Seat 1: Brama Br ($133.65 in chips)
Seat 2: TinaTurner72 ($269.94 in chips)
Brama Br: posts small blind $1
TinaTurner72: posts big blind $3
*** HOLE CARDS ***
Brama Br: folds
Uncalled bet ($2) returned to TinaTurner72
TinaTurner72 collected $2 from pot
TinaTurner72: doesn't show hand
*** SUMMARY ***
Total pot $2 | Rake $0
Seat 1: Brama Br (button) (small blind) folded before Flop
Seat 2: TinaTurner72 (big blind) collected ($2)


PokerStars Hand #161305058452:  Hold'em Limit ($3/$6 USD) - 2016/11/12 16:26:32 ET
Table 'Zwetana' 6-max Seat #2 is the button
Seat 1: Brama Br ($132.65 in chips)
Seat 2: TinaTurner72 ($270.94 in chips)
TinaTurner72: posts small blind $1
Brama Br: posts big blind $3
*** HOLE CARDS ***
TinaTurner72: raises $3 to $6
Brama Br: calls $3
*** FLOP *** [Th 5c 4h]
Brama Br: checks
TinaTurner72: bets $3
Brama Br: calls $3
*** TURN *** [Th 5c 4h] [Ad]
Brama Br: checks
TinaTurner72: bets $6
Brama Br: folds
Uncalled bet ($6) returned to TinaTurner72
TinaTurner72 collected $17.64 from pot
TinaTurner72: doesn't show hand
*** SUMMARY ***
Total pot $18 | Rake $0.36
Board [Th 5c 4h Ad]
Seat 1: Brama Br (big blind) folded on the Turn
Seat 2: TinaTurner72 (button) (small blind) collected ($17.64)


