PokerStars Hand #166729948618:  Hold'em Limit ($3/$6 USD) - 2017/02/24 21:45:34 ET
Table 'Zwetana' 10-max Seat #2 is the button
Seat 1: LifeisagameX ($87 in chips)
Seat 2: chrissie ($56.54 in chips)
chrissie: posts small blind $1
LifeisagameX: posts big blind $3
*** HOLE CARDS ***
chrissie: folds
Uncalled bet ($2) returned to LifeisagameX
LifeisagameX collected $2 from pot
LifeisagameX: doesn't show hand
*** SUMMARY ***
Total pot $2 | Rake $0
Seat 1: LifeisagameX (big blind) collected ($2)
Seat 2: chrissie (button) (small blind) folded before Flop


PokerStars Hand #166729941133:  Hold'em Limit ($3/$6 USD) - 2017/02/24 21:45:17 ET
Table 'Zwetana' 10-max Seat #1 is the button
Seat 1: LifeisagameX ($84 in chips)
Seat 2: chrissie ($59.54 in chips)
LifeisagameX: posts small blind $1
chrissie: posts big blind $3
*** HOLE CARDS ***
LifeisagameX: raises $3 to $6
chrissie: folds
Uncalled bet ($3) returned to LifeisagameX
LifeisagameX collected $6 from pot
LifeisagameX: doesn't show hand
*** SUMMARY ***
Total pot $6 | Rake $0
Seat 1: LifeisagameX (button) (small blind) collected ($6)
Seat 2: chrissie (big blind) folded before Flop


PokerStars Hand #166729974304:  Hold'em Limit ($3/$6 USD) - 2017/02/24 21:46:34 ET
Table 'Zwetana' 10-max Seat #2 is the button
Seat 1: LifeisagameX ($108.50 in chips)
Seat 2: chrissie ($34.54 in chips)
chrissie: posts small blind $1
LifeisagameX: posts big blind $3
*** HOLE CARDS ***
chrissie: raises $3 to $6
LifeisagameX: calls $3
*** FLOP *** [Ks 8d 6d]
LifeisagameX: checks
chrissie: bets $3
LifeisagameX: folds
Uncalled bet ($3) returned to chrissie
chrissie collected $11.76 from pot
chrissie: doesn't show hand
*** SUMMARY ***
Total pot $12 | Rake $0.24
Board [Ks 8d 6d]
Seat 1: LifeisagameX (big blind) folded on the Flop
Seat 2: chrissie (button) (small blind) collected ($11.76)


PokerStars Hand #166729971278:  Hold'em Limit ($3/$6 USD) - 2017/02/24 21:46:27 ET
Table 'Zwetana' 10-max Seat #1 is the button
Seat 1: LifeisagameX ($109.50 in chips)
Seat 2: chrissie ($33.54 in chips)
LifeisagameX: posts small blind $1
chrissie: posts big blind $3
*** HOLE CARDS ***
LifeisagameX: folds
Uncalled bet ($2) returned to chrissie
chrissie collected $2 from pot
chrissie: doesn't show hand
*** SUMMARY ***
Total pot $2 | Rake $0
Seat 1: LifeisagameX (button) (small blind) folded before Flop
Seat 2: chrissie (big blind) collected ($2)


PokerStars Hand #166729968951:  Hold'em Limit ($3/$6 USD) - 2017/02/24 21:46:22 ET
Table 'Zwetana' 10-max Seat #2 is the button
Seat 1: LifeisagameX ($108.50 in chips)
Seat 2: chrissie ($34.54 in chips)
chrissie: posts small blind $1
LifeisagameX: posts big blind $3
*** HOLE CARDS ***
chrissie: folds
Uncalled bet ($2) returned to LifeisagameX
LifeisagameX collected $2 from pot
LifeisagameX: doesn't show hand
*** SUMMARY ***
Total pot $2 | Rake $0
Seat 1: LifeisagameX (big blind) collected ($2)
Seat 2: chrissie (button) (small blind) folded before Flop


PokerStars Hand #166729950932:  Hold'em Limit ($3/$6 USD) - 2017/02/24 21:45:40 ET
Table 'Zwetana' 10-max Seat #1 is the button
Seat 1: LifeisagameX ($88 in chips)
Seat 2: chrissie ($55.54 in chips)
LifeisagameX: posts small blind $1
chrissie: posts big blind $3
*** HOLE CARDS ***
LifeisagameX: raises $3 to $6
chrissie: calls $3
*** FLOP *** [6c 3c 2s]
chrissie: bets $3
LifeisagameX: calls $3
*** TURN *** [6c 3c 2s] [Kc]
chrissie: bets $6
LifeisagameX: calls $6
*** RIVER *** [6c 3c 2s Kc] [2c]
chrissie: bets $6
LifeisagameX: calls $6
*** SHOW DOWN ***
chrissie: shows [4h Td] (a pair of Deuces)
LifeisagameX: shows [Ad 2d] (three of a kind, Deuces)
LifeisagameX collected $41.50 from pot
*** SUMMARY ***
Total pot $42 | Rake $0.50
Board [6c 3c 2s Kc 2c]
Seat 1: LifeisagameX (button) (small blind) showed [Ad 2d] and won ($41.50) with three of a kind, Deuces
Seat 2: chrissie (big blind) showed [4h Td] and lost with a pair of Deuces


PokerStars Hand #166729983671:  Hold'em Limit ($3/$6 USD) - 2017/02/24 21:46:56 ET
Table 'Zwetana' 10-max Seat #1 is the button
Seat 1: LifeisagameX ($102.50 in chips)
Seat 2: chrissie ($40.30 in chips)
LifeisagameX: posts small blind $1
chrissie: posts big blind $3
*** HOLE CARDS ***
LifeisagameX: raises $3 to $6
chrissie: raises $3 to $9
LifeisagameX: calls $3
*** FLOP *** [3c As Jh]
chrissie: bets $3
LifeisagameX: calls $3
*** TURN *** [3c As Jh] [7c]
chrissie: bets $6
LifeisagameX: folds
Uncalled bet ($6) returned to chrissie
chrissie collected $23.52 from pot
chrissie: doesn't show hand
*** SUMMARY ***
Total pot $24 | Rake $0.48
Board [3c As Jh 7c]
Seat 1: LifeisagameX (button) (small blind) folded on the Turn
Seat 2: chrissie (big blind) collected ($23.52)


PokerStars Hand #166730004274:  Hold'em Limit ($3/$6 USD) - 2017/02/24 21:47:44 ET
Table 'Zwetana' 10-max Seat #2 is the button
Seat 1: LifeisagameX ($90.50 in chips)
Seat 2: chrissie ($51.82 in chips)
chrissie: posts small blind $1
LifeisagameX: posts big blind $3
*** HOLE CARDS ***
chrissie: raises $3 to $6
LifeisagameX: calls $3
*** FLOP *** [Ah Kh Th]
LifeisagameX: checks
chrissie: bets $3
LifeisagameX: calls $3
*** TURN *** [Ah Kh Th] [9c]
LifeisagameX: checks
chrissie: checks
*** RIVER *** [Ah Kh Th 9c] [7h]
LifeisagameX: bets $6
chrissie: folds
Uncalled bet ($6) returned to LifeisagameX
LifeisagameX collected $17.64 from pot
LifeisagameX: doesn't show hand
*** SUMMARY ***
Total pot $18 | Rake $0.36
Board [Ah Kh Th 9c 7h]
Seat 1: LifeisagameX (big blind) collected ($17.64)
Seat 2: chrissie (button) (small blind) folded on the River


PokerStars Hand #166730037583:  Hold'em Limit ($3/$6 USD) - 2017/02/24 21:49:01 ET
Table 'Zwetana' 10-max Seat #1 is the button
Seat 1: LifeisagameX ($99.14 in chips)
Seat 2: chrissie ($42.82 in chips)
LifeisagameX: posts small blind $1
chrissie: posts big blind $3
*** HOLE CARDS ***
LifeisagameX: raises $3 to $6
chrissie: calls $3
*** FLOP *** [7s Ks Qc]
chrissie: checks
LifeisagameX: bets $3
chrissie: calls $3
*** TURN *** [7s Ks Qc] [Kc]
chrissie: checks
LifeisagameX: checks
*** RIVER *** [7s Ks Qc Kc] [Ac]
chrissie: bets $6
LifeisagameX: folds
Uncalled bet ($6) returned to chrissie
chrissie collected $17.64 from pot
chrissie: doesn't show hand
Chessnok joins the table at seat #3
*** SUMMARY ***
Total pot $18 | Rake $0.36
Board [7s Ks Qc Kc Ac]
Seat 1: LifeisagameX (button) (small blind) folded on the River
Seat 2: chrissie (big blind) collected ($17.64)


PokerStars Hand #166730109544:  Hold'em Limit ($3/$6 USD) - 2017/02/24 21:51:49 ET
Table 'Zwetana' 10-max Seat #3 is the button
Seat 2: chrissie ($38.46 in chips)
Seat 3: Chessnok ($152.02 in chips)
Chessnok: posts small blind $1
chrissie: posts big blind $3
*** HOLE CARDS ***
Chessnok: raises $3 to $6
chrissie: calls $3
*** FLOP *** [2c 8d 8c]
chrissie: bets $3
Chessnok: calls $3
*** TURN *** [2c 8d 8c] [Kh]
chrissie: bets $6
Chessnok: calls $6
*** RIVER *** [2c 8d 8c Kh] [9s]
chrissie: bets $6
Chessnok: calls $6
*** SHOW DOWN ***
chrissie: shows [6d Js] (a pair of Eights)
Chessnok: shows [Ac 3h] (a pair of Eights - Ace kicker)
Chessnok collected $41.50 from pot
*** SUMMARY ***
Total pot $42 | Rake $0.50
Board [2c 8d 8c Kh 9s]
Seat 2: chrissie (big blind) showed [6d Js] and lost with a pair of Eights
Seat 3: Chessnok (button) (small blind) showed [Ac 3h] and won ($41.50) with a pair of Eights


PokerStars Hand #166730104003:  Hold'em Limit ($3/$6 USD) - 2017/02/24 21:51:36 ET
Table 'Zwetana' 10-max Seat #2 is the button
Seat 2: chrissie ($47.46 in chips)
Seat 3: Chessnok ($143.38 in chips)
chrissie: posts small blind $1
Chessnok: posts big blind $3
*** HOLE CARDS ***
chrissie: raises $3 to $6
Chessnok: raises $3 to $9
chrissie: calls $3
*** FLOP *** [7d Jh 4h]
Chessnok: bets $3
chrissie: folds
Uncalled bet ($3) returned to Chessnok
Chessnok collected $17.64 from pot
Chessnok: doesn't show hand
*** SUMMARY ***
Total pot $18 | Rake $0.36
Board [7d Jh 4h]
Seat 2: chrissie (button) (small blind) folded on the Flop
Seat 3: Chessnok (big blind) collected ($17.64)


PokerStars Hand #166730117311:  Hold'em Limit ($3/$6 USD) - 2017/02/24 21:52:08 ET
Table 'Zwetana' 10-max Seat #2 is the button
Seat 2: chrissie ($17.46 in chips)
Seat 3: Chessnok ($172.52 in chips)
chrissie: posts small blind $1
Chessnok: posts big blind $3
*** HOLE CARDS ***
chrissie: calls $2
Chessnok: raises $3 to $6
chrissie: calls $3
*** FLOP *** [Ts Qs 6h]
Chessnok: bets $3
chrissie: raises $3 to $6
Chessnok: raises $3 to $9
chrissie: raises $2.46 to $11.46 and is all-in
Betting is capped
Chessnok: calls $2.46
*** TURN *** [Ts Qs 6h] [9d]
*** RIVER *** [Ts Qs 6h 9d] [2d]
*** SHOW DOWN ***
Chessnok: shows [As Ah] (a pair of Aces)
chrissie: shows [5d Qd] (a pair of Queens)
Chessnok collected $34.42 from pot
*** SUMMARY ***
Total pot $34.92 | Rake $0.50
Board [Ts Qs 6h 9d 2d]
Seat 2: chrissie (button) (small blind) showed [5d Qd] and lost with a pair of Queens
Seat 3: Chessnok (big blind) showed [As Ah] and won ($34.42) with a pair of Aces


