PokerStars Hand #173297310459:  Hold'em Limit ($3/$6 USD) - 2017/07/20 19:12:49 ET
Table 'Zwetana II' 6-max Seat #3 is the button
Seat 3: bAAchi ($153.32 in chips)
Seat 4: Vitalisek ($69.04 in chips)
bAAchi: posts small blind $1
Vitalisek: posts big blind $3
*** HOLE CARDS ***
bAAchi: raises $3 to $6
Vitalisek: folds
Uncalled bet ($3) returned to bAAchi
bAAchi collected $6 from pot
bAAchi: doesn't show hand
*** SUMMARY ***
Total pot $6 | Rake $0
Seat 3: bAAchi (button) (small blind) collected ($6)
Seat 4: Vitalisek (big blind) folded before Flop


PokerStars Hand #173297294879:  Hold'em Limit ($3/$6 USD) - 2017/07/20 19:12:23 ET
Table 'Zwetana II' 6-max Seat #4 is the button
Seat 3: bAAchi ($165.32 in chips)
Seat 4: Vitalisek ($57.52 in chips)
Vitalisek: posts small blind $1
bAAchi: posts big blind $3
*** HOLE CARDS ***
Vitalisek: raises $3 to $6
bAAchi: calls $3
*** FLOP *** [3s As Ad]
bAAchi: checks
Vitalisek: checks
*** TURN *** [3s As Ad] [Kc]
bAAchi: checks
Vitalisek: checks
*** RIVER *** [3s As Ad Kc] [6h]
bAAchi: checks
Vitalisek: bets $6
bAAchi: calls $6
*** SHOW DOWN ***
Vitalisek: shows [Ah Jc] (three of a kind, Aces)
bAAchi: mucks hand
Vitalisek collected $23.52 from pot
*** SUMMARY ***
Total pot $24 | Rake $0.48
Board [3s As Ad Kc 6h]
Seat 3: bAAchi (big blind) mucked
Seat 4: Vitalisek (button) (small blind) showed [Ah Jc] and won ($23.52) with three of a kind, Aces


PokerStars Hand #173297285727:  Hold'em Limit ($3/$6 USD) - 2017/07/20 19:12:09 ET
Table 'Zwetana II' 6-max Seat #3 is the button
Seat 3: bAAchi ($166.32 in chips)
Seat 4: Vitalisek ($56.52 in chips)
bAAchi: posts small blind $1
Vitalisek: posts big blind $3
*** HOLE CARDS ***
swesder leaves the table
bAAchi: folds
Uncalled bet ($2) returned to Vitalisek
Vitalisek collected $2 from pot
Vitalisek: doesn't show hand
*** SUMMARY ***
Total pot $2 | Rake $0
Seat 3: bAAchi (button) (small blind) folded before Flop
Seat 4: Vitalisek (big blind) collected ($2)


