PokerStars Hand #149643600666:  Hold'em Limit ($3/$6 USD) - 2016/02/29 19:28:02 ET
Table 'Zwetana' 6-max Seat #4 is the button
Seat 1: hubschi ($21.98 in chips)
Seat 4: AzureCaper ($97.21 in chips)
AzureCaper: posts small blind $1
hubschi: posts big blind $3
*** HOLE CARDS ***
AzureCaper: folds
Uncalled bet ($2) returned to hubschi
hubschi collected $2 from pot
hubschi: doesn't show hand
*** SUMMARY ***
Total pot $2 | Rake $0
Seat 1: hubschi (big blind) collected ($2)
Seat 4: AzureCaper (button) (small blind) folded before Flop


PokerStars Hand #149643597388:  Hold'em Limit ($3/$6 USD) - 2016/02/29 19:27:57 ET
Table 'Zwetana' 6-max Seat #1 is the button
Seat 1: hubschi ($22.98 in chips)
Seat 4: AzureCaper ($96.21 in chips)
hubschi: posts small blind $1
AzureCaper: posts big blind $3
*** HOLE CARDS ***
hubschi: folds
Uncalled bet ($2) returned to AzureCaper
AzureCaper collected $2 from pot
AzureCaper: doesn't show hand
bugsbubble leaves the table
*** SUMMARY ***
Total pot $2 | Rake $0
Seat 1: hubschi (button) (small blind) folded before Flop
Seat 4: AzureCaper (big blind) collected ($2)


PokerStars Hand #149643654344:  Hold'em Limit ($3/$6 USD) - 2016/02/29 19:29:26 ET
Table 'Zwetana' 6-max Seat #4 is the button
Seat 1: hubschi ($30.74 in chips)
Seat 4: AzureCaper ($87.11 in chips)
AzureCaper: posts small blind $1
hubschi: posts big blind $3
*** HOLE CARDS ***
AzureCaper: folds
Uncalled bet ($2) returned to hubschi
hubschi collected $2 from pot
hubschi: doesn't show hand
*** SUMMARY ***
Total pot $2 | Rake $0
Seat 1: hubschi (big blind) collected ($2)
Seat 4: AzureCaper (button) (small blind) folded before Flop


PokerStars Hand #149643651653:  Hold'em Limit ($3/$6 USD) - 2016/02/29 19:29:22 ET
Table 'Zwetana' 6-max Seat #1 is the button
Seat 1: hubschi ($31.74 in chips)
Seat 4: AzureCaper ($86.11 in chips)
hubschi: posts small blind $1
AzureCaper: posts big blind $3
*** HOLE CARDS ***
hubschi: folds
Uncalled bet ($2) returned to AzureCaper
AzureCaper collected $2 from pot
AzureCaper: doesn't show hand
*** SUMMARY ***
Total pot $2 | Rake $0
Seat 1: hubschi (button) (small blind) folded before Flop
Seat 4: AzureCaper (big blind) collected ($2)


PokerStars Hand #149643647339:  Hold'em Limit ($3/$6 USD) - 2016/02/29 19:29:15 ET
Table 'Zwetana' 6-max Seat #4 is the button
Seat 1: hubschi ($34.74 in chips)
Seat 4: AzureCaper ($83.11 in chips)
AzureCaper: posts small blind $1
hubschi: posts big blind $3
*** HOLE CARDS ***
AzureCaper: raises $3 to $6
hubschi: folds
Uncalled bet ($3) returned to AzureCaper
AzureCaper collected $6 from pot
AzureCaper: doesn't show hand
*** SUMMARY ***
Total pot $6 | Rake $0
Seat 1: hubschi (big blind) folded before Flop
Seat 4: AzureCaper (button) (small blind) collected ($6)


PokerStars Hand #149643637035:  Hold'em Limit ($3/$6 USD) - 2016/02/29 19:28:59 ET
Table 'Zwetana' 6-max Seat #1 is the button
Seat 1: hubschi ($17.62 in chips)
Seat 4: AzureCaper ($100.73 in chips)
hubschi: posts small blind $1
AzureCaper: posts big blind $3
*** HOLE CARDS ***
hubschi: raises $3 to $6
AzureCaper: calls $3
*** FLOP *** [6s 4s 8h]
AzureCaper: bets $3
hubschi: calls $3
*** TURN *** [6s 4s 8h] [8c]
AzureCaper: bets $6
hubschi: calls $6
*** RIVER *** [6s 4s 8h 8c] [Qh]
AzureCaper: bets $6
hubschi: calls $2.62 and is all-in
Uncalled bet ($3.38) returned to AzureCaper
*** SHOW DOWN ***
AzureCaper: shows [Tc 9c] (a pair of Eights)
hubschi: shows [7d 7h] (two pair, Eights and Sevens)
hubschi collected $34.74 from pot
*** SUMMARY ***
Total pot $35.24 | Rake $0.50
Board [6s 4s 8h 8c Qh]
Seat 1: hubschi (button) (small blind) showed [7d 7h] and won ($34.74) with two pair, Eights and Sevens
Seat 4: AzureCaper (big blind) showed [Tc 9c] and lost with a pair of Eights


PokerStars Hand #149643634001:  Hold'em Limit ($3/$6 USD) - 2016/02/29 19:28:54 ET
Table 'Zwetana' 6-max Seat #4 is the button
Seat 1: hubschi ($20.62 in chips)
Seat 4: AzureCaper ($97.73 in chips)
AzureCaper: posts small blind $1
hubschi: posts big blind $3
*** HOLE CARDS ***
AzureCaper: raises $3 to $6
hubschi: folds
Uncalled bet ($3) returned to AzureCaper
AzureCaper collected $6 from pot
AzureCaper: doesn't show hand
*** SUMMARY ***
Total pot $6 | Rake $0
Seat 1: hubschi (big blind) folded before Flop
Seat 4: AzureCaper (button) (small blind) collected ($6)


PokerStars Hand #149643623623:  Hold'em Limit ($3/$6 USD) - 2016/02/29 19:28:38 ET
Table 'Zwetana' 6-max Seat #1 is the button
Seat 1: hubschi ($32.62 in chips)
Seat 4: AzureCaper ($86.21 in chips)
hubschi: posts small blind $1
AzureCaper: posts big blind $3
*** HOLE CARDS ***
hubschi: raises $3 to $6
AzureCaper: calls $3
*** FLOP *** [8c 2c 7c]
AzureCaper: checks
hubschi: checks
*** TURN *** [8c 2c 7c] [6s]
AzureCaper: bets $6
hubschi: calls $6
*** RIVER *** [8c 2c 7c 6s] [Ah]
AzureCaper: checks
hubschi: checks
*** SHOW DOWN ***
AzureCaper: shows [Ks 2s] (a pair of Deuces)
hubschi: mucks hand
AzureCaper collected $23.52 from pot
*** SUMMARY ***
Total pot $24 | Rake $0.48
Board [8c 2c 7c 6s Ah]
Seat 1: hubschi (button) (small blind) mucked
Seat 4: AzureCaper (big blind) showed [Ks 2s] and won ($23.52) with a pair of Deuces


PokerStars Hand #149643620804:  Hold'em Limit ($3/$6 USD) - 2016/02/29 19:28:33 ET
Table 'Zwetana' 6-max Seat #4 is the button
Seat 1: hubschi ($31.62 in chips)
Seat 4: AzureCaper ($87.21 in chips)
AzureCaper: posts small blind $1
hubschi: posts big blind $3
*** HOLE CARDS ***
AzureCaper: folds
Uncalled bet ($2) returned to hubschi
hubschi collected $2 from pot
hubschi: doesn't show hand
*** SUMMARY ***
Total pot $2 | Rake $0
Seat 1: hubschi (big blind) collected ($2)
Seat 4: AzureCaper (button) (small blind) folded before Flop


PokerStars Hand #149643604374:  Hold'em Limit ($3/$6 USD) - 2016/02/29 19:28:08 ET
Table 'Zwetana' 6-max Seat #1 is the button
Seat 1: hubschi ($22.98 in chips)
Seat 4: AzureCaper ($96.21 in chips)
hubschi: posts small blind $1
AzureCaper: posts big blind $3
*** HOLE CARDS ***
hubschi: raises $3 to $6
AzureCaper: calls $3
*** FLOP *** [2h 8d 3d]
AzureCaper: checks
hubschi: bets $3
AzureCaper: calls $3
*** TURN *** [2h 8d 3d] [Kc]
AzureCaper: checks
hubschi: bets $6
AzureCaper: folds
Uncalled bet ($6) returned to hubschi
hubschi collected $17.64 from pot
hubschi: doesn't show hand
*** SUMMARY ***
Total pot $18 | Rake $0.36
Board [2h 8d 3d Kc]
Seat 1: hubschi (button) (small blind) collected ($17.64)
Seat 4: AzureCaper (big blind) folded on the Turn


PokerStars Hand #149643686686:  Hold'em Limit ($3/$6 USD) - 2016/02/29 19:30:16 ET
Table 'Zwetana' 6-max Seat #1 is the button
Seat 1: hubschi ($40.24 in chips)
Seat 4: AzureCaper ($81.64 in chips)
hubschi: posts small blind $1
AzureCaper: posts big blind $3
*** HOLE CARDS ***
hubschi: raises $3 to $6
AzureCaper: raises $3 to $9
hubschi: calls $3
*** FLOP *** [6s Th 9d]
AzureCaper: bets $3
hubschi: calls $3
*** TURN *** [6s Th 9d] [4c]
AzureCaper: bets $6
hubschi: calls $6
*** RIVER *** [6s Th 9d 4c] [2d]
AzureCaper: bets $6
hubschi: calls $6
*** SHOW DOWN ***
AzureCaper: shows [Qd Qs] (a pair of Queens)
hubschi: mucks hand
AzureCaper collected $47.50 from pot
*** SUMMARY ***
Total pot $48 | Rake $0.50
Board [6s Th 9d 4c 2d]
Seat 1: hubschi (button) (small blind) mucked
Seat 4: AzureCaper (big blind) showed [Qd Qs] and won ($47.50) with a pair of Queens


PokerStars Hand #149643676406:  Hold'em Limit ($3/$6 USD) - 2016/02/29 19:30:01 ET
Table 'Zwetana' 6-max Seat #4 is the button
Seat 1: hubschi ($49.24 in chips)
Seat 4: AzureCaper ($73 in chips)
AzureCaper: posts small blind $1
hubschi: posts big blind $3
*** HOLE CARDS ***
AzureCaper: raises $3 to $6
hubschi: calls $3
*** FLOP *** [Kd 6h 3d]
hubschi: checks
AzureCaper: bets $3
hubschi: calls $3
*** TURN *** [Kd 6h 3d] [6d]
hubschi: checks
AzureCaper: bets $6
hubschi: folds
Uncalled bet ($6) returned to AzureCaper
AzureCaper collected $17.64 from pot
AzureCaper: doesn't show hand
*** SUMMARY ***
Total pot $18 | Rake $0.36
Board [Kd 6h 3d 6d]
Seat 1: hubschi (big blind) folded on the Turn
Seat 4: AzureCaper (button) (small blind) collected ($17.64)


PokerStars Hand #149643673283:  Hold'em Limit ($3/$6 USD) - 2016/02/29 19:29:56 ET
Table 'Zwetana' 6-max Seat #1 is the button
Seat 1: hubschi ($50.24 in chips)
Seat 4: AzureCaper ($72 in chips)
hubschi: posts small blind $1
AzureCaper: posts big blind $3
*** HOLE CARDS ***
hubschi: folds
Uncalled bet ($2) returned to AzureCaper
AzureCaper collected $2 from pot
AzureCaper: doesn't show hand
*** SUMMARY ***
Total pot $2 | Rake $0
Seat 1: hubschi (button) (small blind) folded before Flop
Seat 4: AzureCaper (big blind) collected ($2)


PokerStars Hand #149643668442:  Hold'em Limit ($3/$6 USD) - 2016/02/29 19:29:48 ET
Table 'Zwetana' 6-max Seat #4 is the button
Seat 1: hubschi ($49.24 in chips)
Seat 4: AzureCaper ($72 in chips)
AzureCaper: posts small blind $1
hubschi: posts big blind $3
*** HOLE CARDS ***
AzureCaper: folds
Uncalled bet ($2) returned to hubschi
hubschi collected $2 from pot
hubschi: doesn't show hand
*** SUMMARY ***
Total pot $2 | Rake $0
Seat 1: hubschi (big blind) collected ($2)
Seat 4: AzureCaper (button) (small blind) folded before Flop


PokerStars Hand #149643656897:  Hold'em Limit ($3/$6 USD) - 2016/02/29 19:29:30 ET
Table 'Zwetana' 6-max Seat #1 is the button
Seat 1: hubschi ($31.74 in chips)
Seat 4: AzureCaper ($86.11 in chips)
hubschi: posts small blind $1
AzureCaper: posts big blind $3
*** HOLE CARDS ***
hubschi: calls $2
AzureCaper: checks
*** FLOP *** [6s 6h 2c]
AzureCaper: bets $3
hubschi: calls $3
*** TURN *** [6s 6h 2c] [5c]
AzureCaper: bets $6
hubschi: calls $6
*** RIVER *** [6s 6h 2c 5c] [Kc]
AzureCaper: bets $6
hubschi: raises $6 to $12
AzureCaper: folds
Uncalled bet ($6) returned to hubschi
hubschi collected $35.50 from pot
hubschi: doesn't show hand
*** SUMMARY ***
Total pot $36 | Rake $0.50
Board [6s 6h 2c 5c Kc]
Seat 1: hubschi (button) (small blind) collected ($35.50)
Seat 4: AzureCaper (big blind) folded on the River


PokerStars Hand #149643708307:  Hold'em Limit ($3/$6 USD) - 2016/02/29 19:30:50 ET
Table 'Zwetana' 6-max Seat #1 is the button
Seat 1: hubschi ($10.24 in chips)
Seat 4: AzureCaper ($110.90 in chips)
hubschi: posts small blind $1
AzureCaper: posts big blind $3
*** HOLE CARDS ***
hubschi: raises $3 to $6
AzureCaper: raises $3 to $9
hubschi: raises $1.24 to $10.24 and is all-in
Betting is capped
AzureCaper: calls $1.24
*** FLOP *** [Td Kd 6c]
*** TURN *** [Td Kd 6c] [4h]
*** RIVER *** [Td Kd 6c 4h] [7d]
*** SHOW DOWN ***
AzureCaper: shows [Js Jc] (a pair of Jacks)
hubschi: shows [5s 5c] (a pair of Fives)
AzureCaper collected $20.07 from pot
*** SUMMARY ***
Total pot $20.48 | Rake $0.41
Board [Td Kd 6c 4h 7d]
Seat 1: hubschi (button) (small blind) showed [5s 5c] and lost with a pair of Fives
Seat 4: AzureCaper (big blind) showed [Js Jc] and won ($20.07) with a pair of Jacks


PokerStars Hand #149643705719:  Hold'em Limit ($3/$6 USD) - 2016/02/29 19:30:46 ET
Table 'Zwetana' 6-max Seat #4 is the button
Seat 1: hubschi ($9.24 in chips)
Seat 4: AzureCaper ($111.90 in chips)
AzureCaper: posts small blind $1
hubschi: posts big blind $3
*** HOLE CARDS ***
AzureCaper: folds
Uncalled bet ($2) returned to hubschi
hubschi collected $2 from pot
hubschi: doesn't show hand
*** SUMMARY ***
Total pot $2 | Rake $0
Seat 1: hubschi (big blind) collected ($2)
Seat 4: AzureCaper (button) (small blind) folded before Flop


PokerStars Hand #149643702812:  Hold'em Limit ($3/$6 USD) - 2016/02/29 19:30:42 ET
Table 'Zwetana' 6-max Seat #1 is the button
Seat 1: hubschi ($10.24 in chips)
Seat 4: AzureCaper ($110.90 in chips)
hubschi: posts small blind $1
AzureCaper: posts big blind $3
*** HOLE CARDS ***
hubschi: folds
Uncalled bet ($2) returned to AzureCaper
AzureCaper collected $2 from pot
AzureCaper: doesn't show hand
*** SUMMARY ***
Total pot $2 | Rake $0
Seat 1: hubschi (button) (small blind) folded before Flop
Seat 4: AzureCaper (big blind) collected ($2)


PokerStars Hand #149643696834:  Hold'em Limit ($3/$6 USD) - 2016/02/29 19:30:32 ET
Table 'Zwetana' 6-max Seat #4 is the button
Seat 1: hubschi ($16.24 in chips)
Seat 4: AzureCaper ($105.14 in chips)
AzureCaper: posts small blind $1
hubschi: posts big blind $3
*** HOLE CARDS ***
AzureCaper: raises $3 to $6
hubschi: calls $3
*** FLOP *** [Jd Ks Ts]
hubschi: folds
AzureCaper collected $11.76 from pot
AzureCaper: doesn't show hand
*** SUMMARY ***
Total pot $12 | Rake $0.24
Board [Jd Ks Ts]
Seat 1: hubschi (big blind) folded on the Flop
Seat 4: AzureCaper (button) (small blind) collected ($11.76)


