PokerStars Hand #159997506430:  Hold'em Limit ($3/$6 USD) - 2016/10/16 3:20:21 ET
Table 'Zwetana' 6-max Seat #2 is the button
Seat 2: vavosik ($361.08 in chips)
Seat 3: Agrotait ($60 in chips)
vavosik: posts small blind $1
Agrotait: posts big blind $3
*** HOLE CARDS ***
LifeisagameX leaves the table
vavosik: raises $3 to $6
Agrotait: folds
Uncalled bet ($3) returned to vavosik
vavosik collected $6 from pot
*** SUMMARY ***
Total pot $6 | Rake $0
Seat 2: vavosik (button) (small blind) collected ($6)
Seat 3: Agrotait (big blind) folded before Flop


PokerStars Hand #159997519829:  Hold'em Limit ($3/$6 USD) - 2016/10/16 3:21:08 ET
Table 'Zwetana' 6-max Seat #2 is the button
Seat 2: vavosik ($369.60 in chips)
Seat 3: Agrotait ($65.64 in chips)
vavosik: posts small blind $1
Agrotait: posts big blind $3
*** HOLE CARDS ***
vavosik: raises $3 to $6
Agrotait: raises $3 to $9
vavosik: raises $3 to $12
Betting is capped
Agrotait: calls $3
*** FLOP *** [6h 9s 4d]
Agrotait: checks
vavosik: bets $3
Agrotait: calls $3
*** TURN *** [6h 9s 4d] [Td]
Agrotait: checks
vavosik: bets $6
Agrotait: calls $6
*** RIVER *** [6h 9s 4d Td] [Ah]
Agrotait: checks
vavosik: bets $6
Agrotait: raises $6 to $12
vavosik: raises $6 to $18
Agrotait: calls $6
*** SHOW DOWN ***
vavosik: shows [Ts Tc] (three of a kind, Tens)
Agrotait: mucks hand
vavosik collected $77.50 from pot
*** SUMMARY ***
Total pot $78 | Rake $0.50
Board [6h 9s 4d Td Ah]
Seat 2: vavosik (button) (small blind) showed [Ts Tc] and won ($77.50) with three of a kind, Tens
Seat 3: Agrotait (big blind) mucked


PokerStars Hand #159997514980:  Hold'em Limit ($3/$6 USD) - 2016/10/16 3:20:51 ET
Table 'Zwetana' 6-max Seat #3 is the button
Seat 2: vavosik ($358.08 in chips)
Seat 3: Agrotait ($77.64 in chips)
Agrotait: posts small blind $1
vavosik: posts big blind $3
*** HOLE CARDS ***
Agrotait: calls $2
vavosik: checks
*** FLOP *** [Kh 3d Tc]
vavosik: checks
Agrotait: bets $3
vavosik: calls $3
*** TURN *** [Kh 3d Tc] [6s]
vavosik: checks
Agrotait: bets $6
vavosik: calls $6
*** RIVER *** [Kh 3d Tc 6s] [Jd]
vavosik: checks
Agrotait: checks
*** SHOW DOWN ***
vavosik: shows [Th 2h] (a pair of Tens)
Agrotait: mucks hand
vavosik collected $23.52 from pot
*** SUMMARY ***
Total pot $24 | Rake $0.48
Board [Kh 3d Tc 6s Jd]
Seat 2: vavosik (big blind) showed [Th 2h] and won ($23.52) with a pair of Tens
Seat 3: Agrotait (button) (small blind) mucked


PokerStars Hand #159997512760:  Hold'em Limit ($3/$6 USD) - 2016/10/16 3:20:43 ET
Table 'Zwetana' 6-max Seat #2 is the button
Seat 2: vavosik ($355.08 in chips)
Seat 3: Agrotait ($80.64 in chips)
vavosik: posts small blind $1
Agrotait: posts big blind $3
*** HOLE CARDS ***
vavosik: raises $3 to $6
Agrotait: folds
Uncalled bet ($3) returned to vavosik
vavosik collected $6 from pot
vavosik: doesn't show hand
*** SUMMARY ***
Total pot $6 | Rake $0
Seat 2: vavosik (button) (small blind) collected ($6)
Seat 3: Agrotait (big blind) folded before Flop


PokerStars Hand #159997509141:  Hold'em Limit ($3/$6 USD) - 2016/10/16 3:20:30 ET
Table 'Zwetana' 6-max Seat #3 is the button
Seat 2: vavosik ($364.08 in chips)
Seat 3: Agrotait ($72 in chips)
Agrotait: posts small blind $1
vavosik: posts big blind $3
*** HOLE CARDS ***
Agrotait: raises $3 to $6
vavosik: calls $3
*** FLOP *** [As 4d 7s]
vavosik: checks
Agrotait: bets $3
vavosik: calls $3
*** TURN *** [As 4d 7s] [7c]
vavosik: checks
Agrotait: bets $6
vavosik: folds
Uncalled bet ($6) returned to Agrotait
Agrotait collected $17.64 from pot
Agrotait: doesn't show hand
*** SUMMARY ***
Total pot $18 | Rake $0.36
Board [As 4d 7s 7c]
Seat 2: vavosik (big blind) folded on the Turn
Seat 3: Agrotait (button) (small blind) collected ($17.64)


PokerStars Hand #159997533283:  Hold'em Limit ($3/$6 USD) - 2016/10/16 3:21:54 ET
Table 'Zwetana' 6-max Seat #3 is the button
Seat 2: vavosik ($403.10 in chips)
Seat 3: Agrotait ($76.76 in chips)
Agrotait: posts small blind $1
vavosik: posts big blind $3
*** HOLE CARDS ***
Alexsandr.NT joins the table at seat #1
Agrotait: raises $3 to $6
vavosik: raises $3 to $9
Agrotait: calls $3
*** FLOP *** [9c Th 7h]
vavosik: bets $3
Agrotait: calls $3
*** TURN *** [9c Th 7h] [9s]
vavosik: bets $6
Agrotait: calls $6
*** RIVER *** [9c Th 7h 9s] [9d]
vavosik: bets $6
Agrotait: raises $6 to $12
vavosik: raises $6 to $18
Agrotait: calls $6
*** SHOW DOWN ***
vavosik: shows [Qd Td] (a full house, Nines full of Tens)
Agrotait: mucks hand
vavosik collected $71.50 from pot
*** SUMMARY ***
Total pot $72 | Rake $0.50
Board [9c Th 7h 9s 9d]
Seat 2: vavosik (big blind) showed [Qd Td] and won ($71.50) with a full house, Nines full of Tens
Seat 3: Agrotait (button) (small blind) mucked


PokerStars Hand #159997528454:  Hold'em Limit ($3/$6 USD) - 2016/10/16 3:21:38 ET
Table 'Zwetana' 6-max Seat #2 is the button
Seat 2: vavosik ($409.10 in chips)
Seat 3: Agrotait ($71 in chips)
vavosik: posts small blind $1
Agrotait: posts big blind $3
*** HOLE CARDS ***
vavosik: calls $2
Agrotait: checks
*** FLOP *** [Ah 3c Ts]
Agrotait: bets $3
vavosik: calls $3
*** TURN *** [Ah 3c Ts] [Js]
Agrotait: bets $6
vavosik: folds
Uncalled bet ($6) returned to Agrotait
Agrotait collected $11.76 from pot
Agrotait: doesn't show hand
*** SUMMARY ***
Total pot $12 | Rake $0.24
Board [Ah 3c Ts Js]
Seat 2: vavosik (button) (small blind) folded on the Turn
Seat 3: Agrotait (big blind) collected ($11.76)


PokerStars Hand #159997526919:  Hold'em Limit ($3/$6 USD) - 2016/10/16 3:21:32 ET
Table 'Zwetana' 6-max Seat #3 is the button
Seat 2: vavosik ($408.10 in chips)
Seat 3: Agrotait ($72 in chips)
Agrotait: posts small blind $1
vavosik: posts big blind $3
*** HOLE CARDS ***
Agrotait: folds
Uncalled bet ($2) returned to vavosik
vavosik collected $2 from pot
*** SUMMARY ***
Total pot $2 | Rake $0
Seat 2: vavosik (big blind) collected ($2)
Seat 3: Agrotait (button) (small blind) folded before Flop


PokerStars Hand #159997541545:  Hold'em Limit ($3/$6 USD) - 2016/10/16 3:22:23 ET
Table 'Zwetana' 6-max Seat #2 is the button
Seat 2: vavosik ($438.60 in chips)
Seat 3: Agrotait ($72 in chips)
vavosik: posts small blind $1
Agrotait: posts big blind $3
*** HOLE CARDS ***
vavosik: calls $2
Agrotait: checks
*** FLOP *** [6c 4h 2c]
Agrotait: checks
vavosik: checks
*** TURN *** [6c 4h 2c] [Td]
Agrotait: checks
vavosik: bets $6
Agrotait: folds
Uncalled bet ($6) returned to vavosik
vavosik collected $5.88 from pot
vavosik: doesn't show hand
*** SUMMARY ***
Total pot $6 | Rake $0.12
Board [6c 4h 2c Td]
Seat 2: vavosik (button) (small blind) collected ($5.88)
Seat 3: Agrotait (big blind) folded on the Turn


PokerStars Hand #159997629952:  Hold'em Limit ($3/$6 USD) - 2016/10/16 3:27:25 ET
Table 'Zwetana' 6-max Seat #1 is the button
Seat 1: Alexsandr.NT ($124.44 in chips)
Seat 6: LordBorzi II ($140.17 in chips)
Alexsandr.NT: posts small blind $1
gb2132 joins the table at seat #2
Agrotait: is sitting out
VolkovDmitri: is sitting out
LordBorzi II: posts big blind $3
*** HOLE CARDS ***
VolkovDmitri leaves the table
Alexsandr.NT: raises $3 to $6
LordBorzi II: calls $3
*** FLOP *** [Kc 2c 7s]
LordBorzi II: checks
Alexsandr.NT: bets $3
LordBorzi II: folds
Uncalled bet ($3) returned to Alexsandr.NT
Alexsandr.NT collected $11.76 from pot
Alexsandr.NT: doesn't show hand
*** SUMMARY ***
Total pot $12 | Rake $0.24
Board [Kc 2c 7s]
Seat 1: Alexsandr.NT (button) (small blind) collected ($11.76)
Seat 6: LordBorzi II (big blind) folded on the Flop


