PokerStars Hand #149817778702:  Hold'em Limit ($3/$6 USD) - 2016/03/04 8:18:07 ET
Table 'Zwicky' 6-max Seat #1 is the button
Seat 1: VolkovDmitri ($120 in chips)
Seat 3: gofind ($289.77 in chips)
VolkovDmitri: posts small blind $1
gofind: posts big blind $3
*** HOLE CARDS ***
VolkovDmitri: raises $3 to $6
gofind: calls $3
*** FLOP *** [Jh Jd 3c]
gofind: bets $3
VolkovDmitri: raises $3 to $6
gofind: raises $3 to $9
VolkovDmitri: calls $3
*** TURN *** [Jh Jd 3c] [Ac]
gofind: bets $6
VolkovDmitri: raises $6 to $12
gofind: calls $6
*** RIVER *** [Jh Jd 3c Ac] [9s]
gofind: bets $6
VolkovDmitri: raises $6 to $12
gofind: calls $6
*** SHOW DOWN ***
VolkovDmitri: shows [Jc Ad] (a full house, Jacks full of Aces)
gofind: mucks hand
VolkovDmitri collected $77.50 from pot
*** SUMMARY ***
Total pot $78 | Rake $0.50
Board [Jh Jd 3c Ac 9s]
Seat 1: VolkovDmitri (button) (small blind) showed [Jc Ad] and won ($77.50) with a full house, Jacks full of Aces
Seat 3: gofind (big blind) mucked


PokerStars Hand #149817808031:  Hold'em Limit ($3/$6 USD) - 2016/03/04 8:18:57 ET
Table 'Zwicky' 6-max Seat #1 is the button
Seat 1: VolkovDmitri ($159.50 in chips)
Seat 3: gofind ($249.77 in chips)
VolkovDmitri: posts small blind $1
gofind: posts big blind $3
*** HOLE CARDS ***
VolkovDmitri: raises $3 to $6
gofind: folds
Uncalled bet ($3) returned to VolkovDmitri
VolkovDmitri collected $6 from pot
*** SUMMARY ***
Total pot $6 | Rake $0
Seat 1: VolkovDmitri (button) (small blind) collected ($6)
Seat 3: gofind (big blind) folded before Flop


PokerStars Hand #149817803711:  Hold'em Limit ($3/$6 USD) - 2016/03/04 8:18:50 ET
Table 'Zwicky' 6-max Seat #3 is the button
Seat 1: VolkovDmitri ($158.50 in chips)
Seat 3: gofind ($250.77 in chips)
MARIBORO8 joins the table at seat #6
gofind: posts small blind $1
VolkovDmitri: posts big blind $3
*** HOLE CARDS ***
gofind: folds
Uncalled bet ($2) returned to VolkovDmitri
VolkovDmitri collected $2 from pot
VolkovDmitri: doesn't show hand
*** SUMMARY ***
Total pot $2 | Rake $0
Seat 1: VolkovDmitri (big blind) collected ($2)
Seat 3: gofind (button) (small blind) folded before Flop


PokerStars Hand #149817819011:  Hold'em Limit ($3/$6 USD) - 2016/03/04 8:19:16 ET
Table 'Zwicky' 6-max Seat #6 is the button
Seat 1: VolkovDmitri ($162.50 in chips)
Seat 6: MARIBORO8 ($60 in chips)
MARIBORO8: posts small blind $1
VolkovDmitri: posts big blind $3
*** HOLE CARDS ***
MARIBORO8: raises $3 to $6
VolkovDmitri: calls $3
*** FLOP *** [5c 4h 6d]
VolkovDmitri: bets $3
MARIBORO8: raises $3 to $6
VolkovDmitri: raises $3 to $9
MARIBORO8: calls $3
*** TURN *** [5c 4h 6d] [Th]
VolkovDmitri: bets $6
MARIBORO8: calls $6
*** RIVER *** [5c 4h 6d Th] [9c]
VolkovDmitri: bets $6
MARIBORO8: calls $6
*** SHOW DOWN ***
VolkovDmitri: shows [8d 6c] (a pair of Sixes)
MARIBORO8: mucks hand
VolkovDmitri collected $53.50 from pot
*** SUMMARY ***
Total pot $54 | Rake $0.50
Board [5c 4h 6d Th 9c]
Seat 1: VolkovDmitri (big blind) showed [8d 6c] and won ($53.50) with a pair of Sixes
Seat 6: MARIBORO8 (button) (small blind) mucked


PokerStars Hand #149817842088:  Hold'em Limit ($3/$6 USD) - 2016/03/04 8:19:56 ET
Table 'Zwicky' 6-max Seat #1 is the button
Seat 1: VolkovDmitri ($189 in chips)
Seat 6: MARIBORO8 ($33 in chips)
VolkovDmitri: posts small blind $1
MARIBORO8: posts big blind $3
*** HOLE CARDS ***
VolkovDmitri: raises $3 to $6
MARIBORO8: calls $3
*** FLOP *** [Tc 5h 9c]
MARIBORO8: checks
VolkovDmitri: checks
*** TURN *** [Tc 5h 9c] [5d]
MARIBORO8: bets $6
VolkovDmitri: folds
Uncalled bet ($6) returned to MARIBORO8
MARIBORO8 collected $11.76 from pot
MARIBORO8: doesn't show hand
*** SUMMARY ***
Total pot $12 | Rake $0.24
Board [Tc 5h 9c 5d]
Seat 1: VolkovDmitri (button) (small blind) folded on the Turn
Seat 6: MARIBORO8 (big blind) collected ($11.76)


